3967 5725
425 1582 483 1655 m.
511 1581 683 1654 rnnsx
709 1561 1027 1655 anemonen
1054 1580 1410 1659 Ansrrvnnuu
1438 1589 1534 1661 noo.

324 1765 345 1819 1
452 1758 642 1823 Lectionum
669 1758 921 1823 academicamm
949 1764 1044 1841 quein
1071 1760 1281 1843 proponimus
1309 1761 1446 1826 indicem
1473 1784 1514 1826 ne
1538 1783 1596 1827 sua

360 1865 548 1950 prolusione
561 1865 720 1929 litteraria
734 1869 864 1949 careret,
883 1864 1124 1930 observationes
1140 1868 1295 1950 quasdam
1310 1869 1465 1932 sermonis
1482 1867 1595 1934 Graeci

361 1971 550 2058 collegimus
573 1972 611 2036 ad
630 1970 800 2036 Platonem
823 1972 994 2037 maximam
1012 1977 1137 2057 partem
1155 1973 1366 2057 pertinentes:
1390 1977 1481 2040 cuius
1501 1977 1594 2041 stilus

362 2083 395 2143 et
417 2079 536 2159 oratio,
563 2101 627 2162 qua
648 2079 731 2143 nihil
754 2083 863 2164 potest
885 2100 954 2144 esse
972 2080 1143 2163 urbanius,
1166 2082 1217 2144 tot
1238 2081 1345 2164 libris,
1369 2083 1425 2164 qui
1447 2104 1514 2147 non
1537 2083 1596 2146 ini-

361 2193 426 2270 qua
454 2190 539 2250 sorte
567 2187 677 2251 traditi
705 2208 741 2250 ac
768 2186 940 2273 propagati
964 2190 1054 2271 sunt,
1081 2188 1229 2270 exposita
1252 2188 1399 2270 quamvis
1423 2193 1511 2254 certa
1532 2189 1596 2254 fide

362 2293 498 2358 iudicari
515 2316 611 2378 posse
629 2293 785 2377 videntum,
803 2297 911 2358 tamen
929 2293 993 2358 dici
1011 2295 1067 2358 vix
1084 2297 1202 2378 potest,
1221 2316 1318 2378 quam
1333 2295 1473 2380 amplam
1488 2319 1597 2381 quam-

362 2421 424 2483 que
452 2401 574 2464 variam
597 2401 801 2484 vituperandi
824 2400 1005 2486 corrigendi
1028 2399 1193 2465 reiiciendi
1216 2403 1383 2466 materiam
1405 2407 1518 2468 nostra
1540 2427 1598 2488 po-

362 2507 524 2571 tissimum
547 2510 652 2572 aetate
675 2507 779 2572 doctis
803 2507 988 2572 hominibus
1013 2507 1166 2572 attulerit.
1199 2505 1238 2572 ln
1260 2510 1321 2572 hac
1339 2508 1487 2574 ubertate
1504 2533 1597 2595 repu-

362 2613 530 2697 gnantium
546 2615 735 2698 opinionum
749 2636 809 2679 nos
823 2614 907 2679 idem
922 2615 1010 2697 quod
1025 2635 1119 2698 saepe
1130 2614 1236 2681 facere
1248 2617 1390 2682 animum
1402 2616 1596 2701 induximus,
1611 2643 1637 2682 ro

361 2723 398 2785 ut
421 2723 651 2805 temptaremus
676 2723 865 2804 ecquidnam
888 2739 1000 2786 eorum
1024 2742 1106 2805 quae
1128 2721 1227 2809 vulgo
1247 2724 1396 2808 aperitis
1415 2724 1596 2788 addubiteri

361 2831 394 2892 et
421 2828 456 2895 in
483 2829 699 2913 suspicionem
725 2829 797 2895 vitii
820 2829 936 2895 adduci
959 2832 1065 2895 solent
1088 2829 1367 2897 observationibus
1390 2832 1511 2897 nostris
1534 2835 1597 2897 sta-

361 2936 456 3000 bilire
479 2940 511 3000 et
534 2958 553 2999 a
576 2937 781 3002 damnatione
805 2960 869 3021 qua
890 2942 1084 3021 premuntur
1105 2937 1243 3004 liberare
1263 2960 1439 3023 possemus.
1476 2938 1514 3003 In
1535 2962 1601 3023 qua

361 3065 395 3107 re
424 3042 514 3107 subit
540 3045 665 3129 mirari,
692 3048 813 3128 quanto
839 3045 912 3129 plus
935 3045 1107 3109 atramenti
1130 3046 1396 3130 insumpserimus
1420 3047 1454 3109 in
1477 3068 1600 3130 paucos

361 3149 578 3216 defendendos
610 3151 700 3216 locos
732 3172 829 3235 quam
860 3153 1017 3235 praeclari
1050 3152 1153 3217 critici
1185 3152 1220 3215 in
1247 3152 1350 3215 multo
1379 3151 1487 3235 plures
1515 3174 1601 3235 quos

361 3256 481 3341 ineptis
506 3258 730 3323 additamentis
754 3262 865 3323 auctos
889 3280 959 3323 esse
982 3259 1156 3340 affirmant3
1181 3258 1236 3341 qui
1256 3278 1350 3342 saepe
1368 3260 1460 3323 uncis
1479 3258 1600 3323 additis

361 3364 424 3428 sibi
442 3365 636 3429 satisfecisse
655 3368 768 3449 utpote
787 3366 822 3429 in
840 3374 875 3428 r'e
893 3370 981 3429 certa
999 3365 1149 3430 ridentur
1167 3368 1223 3429 aut
1242 3366 1269 3429 si
1288 3368 1395 3429 tamen
1413 3387 1478 3430 uno
1497 3366 1596 3431 verbo

362 3471 567 3536 subindicant
594 3473 622 3535 si
651 3472 728 3556 quid
756 3473 790 3538 in
818 3472 964 3537 oratione
992 3481 1264 3555 supervacaneum
1288 3493 1357 3536 esse
1381 3476 1438 3537 aut
1461 3496 1595 3557 pravum

361 3580 555 3643 censuerint:
578 3601 638 3644 nos
657 3583 778 3663 quanto
799 3601 894 3663 opere
912 3578 1095 3644 laboramus
1115 3602 1152 3645 ac
1170 3580 1323 3644 sudamus
1342 3582 1430 3643 utin
1449 3603 1508 3645 sua
1525 3582 1596 3646 luce

361 3708 520 3770 ponamus
543 3686 571 3749 si
595 3686 673 3769 quid
695 3685 833 3751 forsitan
856 3690 944 3751 totos
967 3686 1069 3750 libros
1092 3689 1300 3772 peragrantes
1320 3686 1537 3769 comparabile
1556 3686 1638 3751 iisse

362 3814 443 3876 quae
466 3792 677 3877 repudiantur
699 3794 857 3877 expiscati
880 3794 994 3879 simus,
1019 3797 1076 3857 aut
1097 3797 1135 3857 ut
1158 3794 1300 3877 operosis
1325 3791 1499 3878 colligendi
1522 3814 1595 3857 con-

362 3898 510 3964 cludendi
538 3900 736 3965 anfractibus
764 3901 935 3965 balciamus
963 3905 996 3964 et
1023 3901 1276 3965 communiamus
1301 3921 1382 3983 quae
1404 3898 1611 3984 persuadere·

363 4006 434 4071 aliis
459 4007 616 4092 cupimus,
640 4029 712 4072 cum
735 4008 923 4091 praesertim
946 4008 1013 4071 sint
1037 4006 1154 4092 quibus
1177 4011 1215 4070 ut
1234 4008 1392 4091 aitpoeta
1412 4006 1452 4071 οὐ
1471 4008 1597 4083 πείσεις

361 4112 432 4180 odd
457 4116 499 4199 ἢν
517 4118 642 4200 πείσῃς.
675 4112 738 4178 Sed
757 4118 872 4179 natura
890 4114 954 4179 hoc
971 4115 1018 4179 111
1036 4118 1164 4198 partum
1183 4117 1232 4178 est
1250 4116 1287 4177 ut
1304 4114 1360 4198 qui
1375 4117 1470 4198 neget
1483 4136 1597 4177 verum

362 4242 430 4285 esse
463 4222 550 4305 quod
581 4222 680 4307 vulgo
711 4220 852 4287 creditur
879 4221 1020 4286 breviter
1048 4242 1085 4285 ac
1113 4242 1214 4305 paene
1241 4221 1413 4305 imperiose
1441 4220 1597 4285 iudicium

361 4328 547 4413 interponat
570 4327 827 4412 intelligentibus
850 4326 982 4412 probari
1002 4328 1156 4407 confisum
1181 4326 1236 4412 qui
1256 4330 1368 4393 contra
1385 4326 1509 4410 nititur,
1532 4326 1596 4391 nisi

362 4435 490 4500 libidini
512 4435 682 4500 libidinem
706 4455 868 4518 opponere
892 4438 942 4499 sat
959 4434 1066 4515 habet,
1089 4456 1218 4500 neeesse
1238 4436 1281 4498 sit
1298 4432 1410 4497 multis
1430 4454 1597 4519 argumen-

361 4542 404 4607 tis
438 4545 470 4608 et
502 4543 656 4626 exemplis
689 4541 831 4606 collectis
863 4541 986 4607 factum
1014 4563 1083 4605 esse
1112 4542 1308 4605 demonstret
1336 4539 1423 4623 quod
1450 4539 1499 4604 illi
1527 4540 1596 4604 fieri

362 4672 457 4735 posse
479 4649 638 4736 negitent3
662 4652 695 4711 et
718 4649 773 4732 qui
792 4669 853 4713 nos
872 4648 950 4713 olim
970 4653 1157 4732 contemptu
1176 4650 1369 4731 exceperunt
1388 4650 1521 4731 propter
1539 4648 1595 4711 illa

362 4758 466 4821 multa
488 4760 600 4821 nostra
623 4755 769 4839 exempla
787 4755 871 4819 unde
890 4755 975 4821 unde
994 4776 1130 4836 corrasa,
1154 4754 1272 4839 quibus
1290 4751 1374 4818 nihil
1391 4754 1478 4818 aliud
1499 4774 1595 4838 quam
1610 4778 1636 4817 ao

362 4864 492 4928 firmare
515 4868 625 4927 nostra
649 4862 808 4927 declarato
833 4862 1028 4946 scriptorum
1051 4884 1113 4927 usu
1136 4863 1218 4926 sicut
1241 4860 1359 4927 licebat
1376 4860 1595 4941 tendebamus,
