3967 5725
562 665 612 714 DE
631 663 800 715 SCHOLHS
818 665 857 715 IN
876 664 1112 717 ARISTOTELIS
1131 664 1377 717 RHETORICAM.
1522 663 1587 727 467

347 824 619 909 schol.178,19
651 828 686 891 εί
708 824 726 890 δ
746 823 943 911 Ἀρχίδαμος
965 822 1054 891 ἔοικε
1077 833 1122 913 τῷ
1142 823 1291 914 Εὐξείνῳ
1314 826 1358 911 μὴ
1382 828 1485 892 είδότι
1508 851 1589 911 μεω-

508 942 654 1017 μετρεῖν,
687 933 806 999 λοιπὸυ
828 935 894 1018 ἀρα
914 933 970 998 καί
995 931 1197 1010 ὁιΕύξεινος
1220 935 1306 998 ἔοικε
1328 941 1374 1022 τῷ
1388 931 1588 1022 Ἀρχιδάμῳ·

509 1038 756 1124 ἀγεωμίτρητος
779 1041 844 1125 ἀρα
866 1044 934 1106 κτλ.

345 1144 539 1230 Explicatur
562 1145 641 1230 quid
664 1147 708 1211 sit
731 1145 769 1212 ἐν
792 1155 837 1234 τῷ
858 1147 1035 1231 ἀνάλογον,
1059 1151 1092 1211 et
1114 1147 1193 1213 haec
1215 1168 1343 1232 quoque
1362 1147 1589 1213 adnotamenta

346 1250 438 1318 nullo
461 1252 611 1318 lemmate
635 1253 830 1339 interposito
855 1255 934 1340 ipsis
957 1253 1145 1319 Aristotelis
1169 1255 1275 1320 verbis
1299 1254 1510 1339 applicantur.

405 1361 426 1425 b
442 1359 486 1425 32
505 1359 561 1425 καί
581 1361 618 1425 τὸ
638 1359 675 1426 ἐν
694 1370 734 1447 τῇ
754 1364 905 1448 πολιτείᾳ
923 1371 963 1448 τῇ
979 1363 1171 1445 Πλάτωνος,
1190 1362 1242 1428 ότι
1261 1363 1296 1427 οί
1311 1364 1390 1439 τοὺς
1403 1368 1590 1439 τεθνεῶτας

510 1467 730 1544 σκυλεύοντες
753 1467 879 1533 ἐοίκασι
904 1480 973 1544 τοῖς
998 1469 1164 1546 κυνιδίοις
1188 1468 1208 1534 ἀ
1232 1471 1309 1546 τοὺς
1333 1471 1454 1545 λίθους
1474 1468 1588 1534 δάκνει

455 1616 457 1620 -
507 1583 569 1639 τοῦ
592 1573 776 1656 βάλλοντος
796 1576 861 1660 οὐχ
885 1575 1061 1660 ἁπτόμενα.

347 1678 455 1745 Schol.
477 1681 550 1764 178,
569 1682 612 1746 22
637 1681 699 1747 ὅτι
723 1683 756 1747 οἱ
780 1682 934 1768 δέροντες
957 1684 1037 1759 τούς
1060 1690 1245 1760 τεθνεῶτας
1264 1684 1320 1749 διὰ
1339 1683 1376 1749 τὸ
1395 1681 1589 1765 ἀμύνασθαι

507 1789 630 1864 αὐτοὺς
658 1787 787 1856 εὀίκασι
815 1802 886 1874 τοῖς
909 1791 1074 1867 κυνιδίοις
1098 1789 1119 1854 δ
1141 1802 1209 1856 τῶν
1231 1786 1295 1874 μὲν
1317 1788 1486 1875 ἀφιέντων
1509 1792 1588 1865 τοὺς
1602 1816 1628 1857 ιο

507 1897 628 1972 λίθους
656 1896 717 1981 οὐχ
747 1898 923 1980 ἅπτονται,
952 1897 1115 1962 δάκνουσι
1139 1896 1177 1961 δὲ
1200 1900 1279 1974 τοὺς
1302 1899 1435 1974 λίθους·
1466 1901 1588 1976 ζῶντας

506 2003 570 2088 γὰρ
595 1999 665 2069 ἔδει
688 2006 829 2081 τούτους
853 2004 1055 2089 ἀμύνασθαι,

344 2108 484 2175 Dubites
503 2110 722 2195 inspexeritne
741 2113 901 2196 interpres
919 2110 1089 2175 Platonem
1109 2109 1162 2198 (de
1181 2132 1216 2176 re
1235 2135 1265 2196 p.
1284 2111 1350 2176 469
1361 2109 1406 2198 (1),
1427 2112 1483 2177 sed
1501 2115 1586 2177 certe

346 2217 467 2282 omisso
496 2221 627 2282 auctore
655 2221 783 2283 tantum
812 2219 906 2283 affert
933 2222 1091 2302 quantum
1120 2241 1160 2283 ex
1186 2218 1365 2285 rhetoricae
1390 2219 1497 2284 verbis
1519 2219 1587 2302 peti

346 2326 482 2407 poterat,
506 2324 626 2408 quibus
649 2325 730 2389 haec
753 2348 812 2410 per
836 2327 886 2392 ότι
911 2327 1135 2391 adnectuntur.

435 2429 625 2515 Sequuntur
650 2432 712 2497 duo
737 2432 880 2498 eiusdem
903 2431 1050 2498 Platonis
1074 2432 1206 2498 similia:

402 2537 423 2601 b
439 2538 483 2602 34
506 2537 561 2604 καὶ
585 2541 605 2622 ἡ
629 2541 677 2617 εἰς
701 2541 759 2606 τὸν
778 2542 886 2624 δῆμον
905 2539 985 2627 (488
998 2537 1041 2627 a),
1065 2539 1116 2606 ὅτι
1135 2541 1250 2624 ὅμοιος
1268 2540 1444 2626 ναυκλήρῳ
1464 2541 1588 2627 ἰσχυρῷ

506 2643 567 2730 μὲν
585 2646 758 2736 ύποκώφφ
778 2647 824 2713 δέ.
843 2646 897 2712 καὶ
917 2648 937 2732 ἡ
957 2649 1005 2724 είς
1023 2648 1063 2712 τὰ
1082 2645 1184 2732 μέτρα
1203 2657 1270 2712 τῶν
1288 2656 1435 2730 ποιητῶν
1450 2645 1527 2733 (601
1540 2643 1586 2732 b),

506 2754 556 2818 ότι
580 2749 668 2819 ἔοικε
691 2767 761 2831 τοῖς
780 2756 863 2820 ἀνευ
882 2756 1027 2831 κάλλους
1045 2755 1198 2838 ὡραίοις·
1221 2756 1257 2819 οί
1271 2750 1334 2838 μὲν
1351 2755 1415 2837 γὰρ
1434 2751 1585 2837 ἀπανθή-

505 2878 634 2946 σαυτες,
659 2864 698 2927 τὰ
722 2858 759 2928 δὲ
783 2861 988 2929 διαλυθέντα
1013 2862 1074 2948 οὐχ
1098 2863 1195 2944 ὅμοια
1219 2865 1383 2946 φαίνεται.
1599 2885 1626 2927 ω

344 2965 491 3043 Quorum
519 2968 560 3033 ad
582 2970 672 3054 prins
695 2970 775 3035 haec
797 2971 919 3037 habent
942 2971 1041 3036 schol.
1069 2970 1146 3053 178,
1170 2969 1213 3033 25
1241 2970 1295 3034 καί
1318 2970 1339 3052 ἡ
1362 2968 1462 3033 είκὼν
1484 2967 1504 3051 ἡ
1528 2967 1585 3050 ῥη-

505 3082 606 3142 θεῑσα
634 3079 682 3153 είς
711 3078 770 3142 τὸν
799 3080 907 3162 δῆμον
933 3078 1036 3158 παρά
1064 3085 1134 3142 τοῦ
1161 3074 1464 3160 Δημοσθένους,
1492 3072 1584 3139 dard

505 3184 611 3266 δῆμος
633 3182 722 3250 ἔοικε
746 3187 923 3271 ναυκλήρῳ
948 3186 1073 3271 ἰσχυρῷ
1093 3183 1156 3267 μὲν
1178 3184 1225 3258 είς
1248 3184 1284 3247 τὸ
1309 3181 1584 3264 ἀποκρούσασθαι

505 3292 546 3355 τά
575 3290 800 3378 ἐπιφερόμενα
827 3293 971 3376 κύματα,
1000 3296 1101 3376 κωφῷ
1128 3288 1176 3355 δέ·
1200 3286 1256 3354 καὶ
1280 3287 1297 3353 ὁ
1321 3289 1424 3369 δῆμος
1449 3286 1585 3370 ἰσχυρὸς

505 3397 567 3481 μίν
589 3396 682 3464 ἐστιν
705 3400 753 3476 εἰς
776 3400 813 3464 τὸ
838 3398 1115 3482 ἀποκρούσασθαι
1139 3398 1218 3472 τοὺς
1239 3392 1294 3459 καὶ
1318 3395 1358 3458 τὰ
1381 3401 1439 3475 τῆς
1457 3395 1584 3468 πόλεως

507 3504 866 3590 καταλυμαινομέυους,
885 3504 948 3569 οὐκ
966 3502 1080 3568 ἀκούει
1100 3498 1223 3568 δδτῶν
1242 3504 1409 3585 λεγόντων
1428 3497 1483 3565 καὶ
1503 3515 1583 3581 συμ-

506 3615 741 3696 βουλευόντων
765 3614 805 3677 τά
830 3616 985 3693 λυσιτελῆ
1009 3609 1064 3675 καὶ
1088 3620 1157 3686 πῶς
1180 3610 1232 3675 δεῖ
1254 3618 1357 3673 ταῦτα
1380 3618 1524 3692 ποιῆσαι.

344 3718 437 3796 Quod
468 3718 703 3785 Demosthenes
737 3719 868 3803 dicitur,
901 3716 941 3781 ad
974 3718 1148 3781 deteriores
1177 3716 1332 3801 quosdam
1361 3715 1485 3780 codices
1514 3713 1584 3777 rhe-

343 3826 465 3891 toricae
493 3827 590 3911 redit,
618 3828 653 3891 in
684 3827 801 3911 quibus
831 3826 988 3909 scriptum
1018 3827 1067 3888 est
1095 3824 1138 3900 ὡς
1166 3821 1431 3907 ὁΔημοσθένης
1454 3822 1501 3897 εἰς
1523 3821 1583 3884 τὸν

344 3936 452 4018 δῆμον
476 3933 667 4021 (Roemerus
698 3930 811 4019 errat);
840 3956 922 4017 quae
949 3933 1100 3998 videntur
1126 3952 1193 3995 non
1216 3930 1284 3994 sine
1308 3927 1468 4012 exemplo,
1497 3927 1583 4012 qnod
1597 3952 1624 3993 ιο

343 4041 428 4105 infra
451 4042 605 4125 sequitur,
629 4041 858 4107 Demosthenis
883 4045 954 4107 orta
977 4061 1055 4105 esse.
1094 4037 1242 4103 Oetemm
1261 4035 1453 4101 Aristoteles
1475 4035 1584 4099 attulit

344 4149 430 4232 qnod
459 4150 537 4214 satis
561 4153 646 4213 esset
669 4148 858 4213 notissimae
882 4148 1035 4233 imaginis
1057 4144 1244 4211 Platonicae
1267 4143 1446 4208 admonere.
1482 4141 1583 4205 Inter-

343 4277 416 4339 pres
445 4260 553 4320 autem
581 4277 641 4320 nec
664 4255 916 4320 Demosthenem
939 4276 998 4319 nec
1021 4252 1190 4318 Platonem
1215 4251 1307 4335 adiit,
1335 4248 1391 4314 sed
1415 4271 1455 4314 ex
1476 4248 1583 4313 verbis

342 4360 556 4447 Aristoteliis‚
586 4386 668 4448 quae
692 4384 779 4428 mera
802 4361 1025 4427 circumitione
1049 4359 1167 4443 reddit,
1191 4358 1383 4423 sententiam
1407 4356 1583 4439 exsculpsit

342 4469 515 4534 admodum
539 4472 690 4554 ineptam.

431 4576 582 4641 Alterum
606 4576 748 4643 eiusdem
771 4575 917 4641 Platonis
942 4574 1046 4639 simile
1065 4572 1085 4657 ἡ
1105 4576 1152 4650 εἰς
1171 4574 1210 4638 τὰ
1229 4571 1331 4657 μίτρα
1350 4582 1418 4635 τῶν
1435 4580 1583 4653 ποιητῶν

342 4681 546 4767 Aristoteles,
570 4705 634 4768 quo
658 4685 764 4770 magis
787 4683 835 4749 vis
860 4681 1110 4767 comparationis
1134 4681 1311 4765 appareret,
1335 4676 1490 4761 explicuit
1512 4676 1581 4759 ipse

343 4790 450 4856 verbis
474 4792 510 4855 οί
531 4786 593 4875 μὲν
616 4792 679 4876 γὰρ
700 4790 956 4873 ἀπανθήσαντες
974 4794 1042 4854 κτλ.
1081 4787 1204 4865 Quibus
1224 4807 1306 4872 quae
1324 4786 1359 4850 in
1377 4782 1509 4849 scholiis
1528 4782 1581 4846 ad-

343 4900 463 4982 scripta
486 4901 562 4962 sunt

1308 4999 1364 5051 30*
