3967 5725
376 645 443 709 540
587 647 659 698 LXI.
678 647 795 698 INDEX
812 645 1029 700 monerem(
1046 645 1280 696 AESTIVARUM
1299 647 1377 697 1905.

627 808 737 891 Incipe
759 810 943 875 Maenalios
965 827 1092 884 mecum,
1116 827 1186 870 mco
1208 807 1294 884 tibio,
1318 827 1431 872 cernes

449 915 492 979 58
543 914 660 981 Omnia
681 916 728 980 cel
751 917 888 980 mediam
909 917 991 998 fiant
1014 935 1109 978 mare,
1145 915 1238 978 vivite
1260 913 1374 978 sileae:

540 1021 694 1105 Praeceps
716 1025 798 1087 aerii
819 1023 944 1106 specda
966 1023 1005 1086 de
1026 1023 1142 1086 montis
1163 1023 1200 1084 in
1221 1021 1327 1085 andos

450 1128 493 1194 60
538 1129 691 1211 Differam
714 1136 885 1195 carcaram
906 1130 962 1196 boc
983 1148 1099 1193 manas
1122 1129 1284 1192 morientis
1304 1128 1419 1192 habeto.

538 1236 657 1302 Desine
679 1237 870 1315 Maenalios,
894 1239 961 1301 iam
984 1237 1097 1314 desine,
1120 1235 1208 1313 tibia,
1231 1255 1344 1300 versia

377 1341 455 1409 Non
481 1343 561 1409 haec
587 1344 872 1428 interpretabimur
899 1343 1021 1408 omnia:
1048 1364 1150 1406 unum
1177 1363 1307 1406 versum
1330 1341 1372 1406 58
1401 1343 1614 1408 tractabimus

378 1450 478 1534 brevi,
497 1471 592 1533 quem
611 1473 726 1535 parum
745 1472 857 1515 curare
876 1450 982 1514 solent
1000 1450 1200 1534 interpretes
1233 1447 1327 1525 Quod
1340 1453 1452 1532 pastor
1465 1448 1614 1534 pluribus

379 1557 533 1641 exemplis
562 1557 735 1624 declaravit
762 1562 850 1640 ante,
882 1579 916 1621 se
942 1556 1027 1621 velle
1056 1561 1169 1621 cuncta
1196 1557 1316 1620 mutari
1343 1557 1378 1620 in
1405 1557 1613 1639 contrarium,

381 1665 465 1729 idem
488 1664 550 1727 hoc
574 1686 669 1730 versu
692 1664 919 1748 complectitur

545 1769 662 1836 Omnia
684 1772 731 1836 ael
753 1773 891 1836 medem
912 1772 996 1854 fiant
1019 1792 1112 1836 more.
1149 1771 1243 1835 civite
1264 1770 1369 1834 siloae.

379 1879 459 1943 Fiat
485 1900 526 1942 an
552 1879 634 1965 (torel
655 1880 776 1945 rectius
799 1878 967 1955 scribatur,
997 1900 1063 1943 non
1086 1877 1181 1942 facile
1204 1881 1254 1940 est
1276 1877 1454 1944 diiudicata
1477 1881 1510 1942 et
1533 1879 1614 1942 anti-

380 1986 490 2070 quitus
514 1985 733 2050 discedebant:
758 1990 907 2050 neutrum
929 2008 989 2050 usu
1012 1989 1180 2069 poetarum
1205 1985 1314 2068 respui
1332 1984 1479 2068 exempla
1497 1985 1616 2051 docent

380 2114 398 2154 a
421 2091 463 2156 M.
483 2091 690 2156 Rothsteinio
718 2096 831 2157 nostro
860 2095 1014 2178 congesta
1040 2091 1081 2155 ad
1107 2090 1270 2176 Propertii
1293 2110 1319 2155 Π
1345 2091 1396 2175 14,
1418 2091 1475 2156 24:
1503 2093 1614 2175 itaque

379 2203 544 2264 teneamus
577 2222 659 2284 quae
690 2197 834 2285 potiores
867 2198 992 2265 codices
1026 2202 1165 2262 tuentur.
1213 2197 1413 2264 Sententiam
1441 2198 1613 2263 verborum

380 2305 577 2371 Ribbeckius
600 2309 635 2371 in
658 2312 795 2391 utraque
818 2306 958 2372 editione
981 2305 1169 2391 Vergiliana
1194 2305 1240 2370 ita
1263 2305 1402 2370 reddidit
1425 2327 1512 2370 more
1535 2306 1616 2370 mibi

379 2415 483 2478 astar
509 2415 649 2478 orciniam
676 2414 751 2495 (tots
779 2413 813 2476 in
841 2435 905 2497 quo
933 2435 999 2477 non
1027 2435 1200 2498 possumus
1227 2435 1293 2478 non
1323 2412 1432 2477 mirari
1455 2417 1522 2477 tam
1545 2434 1614 2476 sen-

379 2520 514 2584 tentiam
537 2520 641 2603 ipsam
664 2542 777 2603 parum
801 2521 835 2584 in
858 2519 921 2585 hoc
944 2505 1056 2585 tenore
1080 2520 1271 2604 appositam,
1294 2542 1390 2604 quam
1414 2542 1453 2585 ex
1475 2519 1528 2582 his
1547 2541 1616 2583 ver-

380 2626 431 2690 bis
450 2648 518 2690 esse
537 2627 721 2710 repetitam:
740 2648 806 2690 non
824 2626 931 2691 minus
949 2629 1077 2712 mirum,
1096 2628 1184 2711 quod
1200 2625 1398 2692 Ribbeckius
1417 2626 1613 2692 afferendum

381 2733 482 2816 duxit,
500 2733 600 2797 fuisse
619 2734 675 2817 qui
693 2734 773 2797 haec
791 2755 831 2796 ex
845 2732 1010 2798 Theocriti
1028 2733 1134 2798 verbis
1153 2735 1261 2799 πάντα
1280 2732 1309 2798 d'
1332 2731 1455 2798 terrea
1473 2731 1617 2816 γένοιτο,

341 2866 367 2907 so
381 2840 504 2907 scilicet
533 2864 552 2904 a
574 2839 721 2927 Vergilio
748 2862 847 2923 prave
876 2841 1016 2925 acceptis
1047 2837 1183 2928 (teatio
1205 2864 1283 2906 voce
1308 2863 1379 2906 oum
1403 2838 1518 2907 ἐνάλια
1541 2862 1615 2905 con-

380 2946 467 3035 fusa)
492 2948 587 3012 ducta
606 2968 675 3013 esse
694 2948 889 3031 opinaretur.
926 2948 971 3012 Et
989 2953 1097 3014 tamen
1116 2949 1276 3013 sententia
1294 2970 1375 3033 quae
1395 2952 1479 3013 esset
1497 2947 1618 3012 similia

382 3055 484 3120 multa
506 3057 618 3120 testari
640 3059 792 3140 poterant
815 3056 909 3140 quale
932 3056 996 3120 hoc
1019 3060 1067 3120 est
1090 3055 1252 3140 Propertii
1275 3075 1301 3120 11
1328 3055 1377 3139 16,
1400 3055 1444 3120 46

542 3162 631 3227 Hace
652 3163 776 3227 videam
798 3164 933 3245 rapidas
955 3165 991 3228 ia
1013 3185 1131 3228 conam
1151 3165 1235 3245 ferre
1251 3163 1412 3246 procellas,

645 3271 731 3352 Quae
752 3268 810 3334 tibi
832 3276 925 3349 terra
948 3270 1049 3350 eelim,
1072 3292 1152 3353 qaae
1174 3272 1231 3335 tibi
1253 3272 1313 3353 fiat
1334 3291 1419 3353 aqao

382 3383 414 3442 et
442 3398 524 3461 quae
552 3376 592 3441 ad
619 3398 692 3442 eum
718 3398 845 3441 versum
868 3377 1093 3442 Rothsteinius
1117 3378 1297 3462 adscripsit,
1324 3378 1380 3461 qui
1402 3398 1443 3442 ne
1465 3379 1614 3441 nostrum
1671 3430 1674 3435 ,

382 3484 511 3568 quidem
544 3505 670 3549 versum
702 3485 928 3567 praetermisit.
975 3483 1039 3548 Sed
1071 3505 1157 3548 nunc
1185 3506 1251 3549 non
1280 3484 1470 3570 simpliciter
1499 3481 1618 3547 dicitur

382 3591 491 3655 omnia
517 3611 605 3654 mare
630 3590 724 3673 fiunt,
755 3590 811 3654 sed
837 3592 884 3655 ita
912 3590 1028 3657 Omnia
1056 3592 1102 3657 ael
1129 3591 1266 3656 mediam
1295 3592 1377 3674 fiant
1399 3611 1498 3669 more,
1527 3592 1559 3653 et
1581 3588 1617 3652 id

383 3697 512 3781 quidem
534 3700 602 3761 erat
621 3718 721 3761 unum
739 3697 876 3762 fortasse
895 3720 962 3763 non
980 3698 1149 3784 indignum
1170 3699 1257 3783 quod
1274 3699 1372 3762 verbo
1392 3697 1617 3764 declararetur.

383 3801 468 3870 Nam
498 3805 635 3869 mediam
664 3825 751 3869 arare
779 3804 866 3889 quod
893 3805 1011 3871 dicitur
1038 3827 1103 3870 non
1131 3806 1261 3891 proprie
1285 3804 1412 3888 dicitur,
1442 3804 1498 3869 sed
1521 3825 1615 3890 exag-

343 3936 368 3975 io
383 3911 515 3998 gerandi
534 3932 629 3976 causa
647 3911 814 3996 epitheton
836 3912 993 3977 adiectum
1014 3916 1071 3996 est,
1091 3913 1182 3977 ouius
1201 3912 1265 3977 vim
1284 3934 1344 3977 nos
1359 3916 1471 3976 nostro
1488 3932 1617 3995 quoque

383 4040 530 4083 sermone
553 4018 719 4102 sentimus,
746 4018 836 4083 velut
859 4020 886 4083 si
910 4018 1047 4084 dicimus
1070 4041 1163 4103 „moy
1185 4020 1262 4086 alles
1285 4021 1393 4084 miden
1415 4039 1487 4083 eam
1510 4017 1617 4083 Meere

383 4125 506 4190 werdm
528 4123 580 4189 vel
603 4126 711 4190 mittere
734 4126 779 4190 im
803 4126 909 4191 Meere
930 4126 1131 4204 cersialeea“;
1159 4148 1296 4210 eumque
1320 4147 1449 4190 sensum
1478 4124 1617 4210 adauget

384 4230 590 4317 superaddita
612 4232 659 4296 ecl
681 4231 848 4316 particula,
871 4254 967 4315 quam
990 4255 1085 4317 saepe
1103 4254 1141 4298 eo
1161 4233 1297 4299 oonsilio
1317 4232 1522 4317 superlativis
1542 4231 1616 4295 addi
1633 4240 1673 4297 15

383 4335 557 4424 constat.*)
591 4335 655 4403 Sed
674 4338 760 4422 quod
779 4339 818 4403 de
836 4340 934 4404 medii
951 4361 1013 4405 usu
1032 4340 1181 4423 diximus,
1200 4362 1265 4406 non
1284 4341 1433 4427 ignotum
1453 4343 1501 4403 est
1520 4340 1617 4404 inter·

383 4444 540 4529 pratibus,
563 4449 638 4509 sunt
661 4450 769 4509 tamen
792 4446 948 4530 quaedam
972 4447 1144 4512 insolentia
1168 4451 1199 4511 et
1221 4468 1301 4530 quae
1319 4468 1386 4511 non
1404 4446 1445 4510 ab
1465 4446 1618 4512 omnibus

384 4552 462 4617 satis
489 4556 576 4616 recte
606 4552 747 4638 intelligi
774 4552 908 4619 soleant.
946 4552 1051 4629 Quare
1082 4555 1217 4619 fortasse
1239 4576 1306 4619 non
1329 4552 1432 4638 inepti
1456 4553 1616 4617 existima-

383 4658 500 4742 bimur,
528 4660 616 4741 quod
643 4658 759 4723 selecta
787 4660 942 4743 quaedam
972 4662 1041 4725 eius
1068 4662 1195 4745 generis
1223 4662 1369 4745 exempla
1396 4661 1618 4746 proponimus.

473 4768 609 4869 'em—Ol.
624 4797 719 4852 Plauti
733 4798 816 4869 Epid.
832 4804 884 4852 6⁸19
903 4800 968 4853 dum
986 4802 1046 4855 siae
1065 4817 1105 4855 me
1124 4818 1248 4870 quaeras,
1268 4818 1385 4869 quaeras
1405 4818 1463 4855 mea
1477 4816 1562 4855 caasa
1576 4800 1620 4854 ael

384 4887 472 4941 aredio
486 4888 517 4941 ia
531 4889 611 4940 erari.
637 4886 722 4941 Stich.
734 4893 786 4941 619
801 4886 833 4942 Si
847 4895 905 4943 arte
914 4889 1020 4956 poteris
1033 4892 1173 4945 acerbare.
1194 4890 1225 4945 G.
1242 4892 1288 4945 Vel
1302 4892 1374 4945 ieter
1388 4907 1486 4946 euneos
1494 4890 1619 4961 ferreae]
