3967 5725
516 665 565 714 nn
584 663 746 714 VERGILII
765 661 927 714 CARMIME
945 661 1130 713 BUCOLICO
1149 661 1222 712 VIII.
1242 661 1334 714 DISP.
1348 663 1384 713 II.
1522 659 1586 724 537

355 846 486 908 compar
513 825 543 889 ei
571 847 653 908 quae
680 824 851 908 praecedit.
888 823 980 888 Licet
1008 823 1093 887 enim
1123 822 1257 886 duarum
1286 824 1517 888 sententiarum
1541 847 1590 888 ra-

356 933 477 996 tionem
509 933 556 995 ita
583 931 755 1016 explanare
782 931 880 995 latius
910 926 963 1016 (cf.
987 953 1018 1014 p.
1044 927 1138 1016 532):
1172 950 1284 993 saevus
1312 929 1376 993 fuit
1403 927 1507 993 Amor
1534 931 1589 1014 qui

356 1039 467 1104 docuit
489 1042 627 1103 matrem
650 1037 884 1104 commaculare
908 1059 1022 1102 manus
1045 1040 1196 1100 natorum
1221 1037 1385 1122 sanguine,
1410 1058 1505 1101 saeva
1523 1037 1590 1103 sive

302 1151 340 1210 ls
356 1144 493 1210 crudelis
518 1143 606 1232 (nam
630 1145 713 1209 nihil
736 1142 884 1230 interest)
907 1148 1011 1208 mater
1035 1165 1163 1227 quoque
1187 1165 1267 1227 quae
1286 1144 1485 1228 perpetravit
1504 1145 1591 1228 quod

356 1253 410 1317 ille
439 1252 556 1318 docuit.
599 1251 805 1317 Crudelitatis
833 1255 940 1315 autem
969 1254 1131 1315 maternae
1159 1251 1355 1315 mentionem
1385 1250 1497 1314 haberi
1524 1271 1591 1315 non

356 1364 405 1425 est
438 1360 525 1444 quod
556 1361 769 1443 vituperetur:
801 1360 921 1423 veritas
951 1358 1023 1442 ipsa
1050 1358 1204 1444 poscebat
1232 1357 1294 1421 hoc
1321 1379 1386 1422 non
1414 1357 1590 1440 praeteriri.

357 1465 621 1551 Quantacumque
645 1467 731 1531 enim
755 1467 853 1530 fuerit
877 1466 1011 1530 saevitia
1026 1464 1166 1548 Amoris,
1190 1465 1246 1548 qui
1269 1464 1376 1550 coegit
1399 1467 1589 1530 scelerosam

356 1574 485 1641 caedem
512 1574 631 1657 facere,
659 1575 768 1657 aliqua
794 1596 869 1658 pars
897 1573 1097 1639 crudelitatis
1125 1573 1196 1636 fieri
1219 1593 1285 1637 non
1307 1572 1416 1656 potuit
1440 1573 1520 1655 quin
1543 1595 1590 1637 re

357 1681 441 1745 diret
472 1680 569 1745 etiam
602 1682 641 1745 ad
668 1685 804 1746 matrem
833 1703 915 1765 quae
943 1702 1013 1744 eam
1042 1683 1191 1745 exsecuta
1220 1683 1268 1743 est
1297 1681 1442 1763 quamvis
1471 1683 1589 1744 coacta.

358 1788 420 1852 Sed
447 1792 559 1872 pastor
586 1790 662 1871 hoc,
692 1789 777 1872 quod
801 1791 952 1853 monente
975 1787 1022 1850 rei
1045 1791 1159 1852 natura
1183 1786 1331 1852 oblivisci
1355 1809 1419 1851 ncn
1445 1787 1590 1868 debebat,
1605 1811 1636 1852 ιο·

358 1918 395 1958 ea
414 1878 558 1960 oratione
577 1895 696 1978 attulit,
715 1917 796 1979 quae
815 1896 901 1960 ultro
921 1894 1079 1958 indicaret
1097 1893 1210 1959 matris
1230 1893 1451 1958 crudelitatem
1470 1897 1590 1977 quanto

357 2002 535 2066 tenuiorem
560 2024 628 2066 esse
652 2004 749 2066 vellet
770 2003 905 2065 saevitia
923 1998 1063 2082 Ameria,
1087 1999 1173 2083 quod
1198 2004 1265 2065 erat
1287 2001 1482 2085 principium
1507 1999 1591 2064 unde

357 2114 433 2174 nata
461 2113 537 2173 sunt
565 2110 681 2174 omnia.
720 2107 841 2174 Saevus
870 2106 971 2172 Amor
999 2106 1054 2190 qui
1082 2107 1145 2171 hoc
1174 2107 1296 2190 docuit,
1325 2106 1461 2172 crudelis
1490 2112 1592 2171 mater

358 2238 496 2300 quoque,
516 2237 597 2300 quae
615 2217 758 2300 perfecit.
801 2214 879 2292 Quis
895 2237 961 2279 non
976 2215 1076 2278 sentIt
1089 2213 1165 2298 quid
1182 2218 1379 2297 quantumve
1393 2213 1593 2278 intercedat?

359 2322 463 2400 Quare
486 2345 551 2388 non
575 2328 660 2388 recte
684 2323 887 2386 affirmarunt
909 2322 1006 2385 istam
1030 2319 1161 2384 Medeae
1184 2321 1522 2384 commemorationem
1552 2321 1592 2384 ab

358 2430 421 2494 hoc
448 2434 544 2495 cantu
571 2430 684 2514 procul
711 2429 893 2495 habendam
921 2450 991 2492 esse
1019 2431 1051 2491 et
1080 2431 1221 2492 evertere
1246 2427 1387 2511 pastoris
1412 2427 1593 2510 consilium,

360 2539 416 2621 qui
439 2537 502 2603 hoc
525 2540 651 2601 tantum
676 2541 786 2621 ageret
809 2541 846 2600 ut
869 2535 998 2599 Amoris
1027 2535 1195 2599 saevitiam
1219 2555 1292 2599 cum
1317 2533 1517 2618 querimonia
1540 2556 1593 2598 ex-

359 2645 495 2710 tolleret.
541 2645 671 2709 Extulit
703 2648 740 2708 ut
772 2642 890 2726 voluit,
921 2629 1026 2726 neque
1059 2665 1128 2706 eam
1159 2643 1277 2707 minuit
1306 2646 1479 2726 propterea
1507 2641 1593 2725 quod

359 2752 491 2816 Medeae
515 2774 643 2836 quoque
666 2774 760 2816 suum
783 2750 971 2835 impertivit.

449 2857 570 2935 Quodsi
593 2861 656 2924 hoc
678 2859 920 2924 hemistichium
944 2880 983 2922 ex
1003 2865 1109 2922 mente
1129 2859 1270 2923 canentis
1290 2857 1360 2921 iure
1378 2857 1454 2921 tuiti
1474 2878 1597 2940 51111111,Ι
1607 2882 1636 2922 so

358 2968 422 3032 hoo
449 2968 567 3033 iudicio
596 2966 808 3053 intelligimus
835 2970 965 3051 poetam
993 2964 1136 3031 noluisse
1163 2964 1285 3029 nullam
1314 2986 1381 3029 esse
1405 2963 1537 3027 Medeae
1560 2963 1594 3026 in

359 3076 422 3140 hoc
445 3080 543 3139 cantu
566 3080 699 3158 partem.
736 3073 850 3158 Neque
873 3073 1065 3137 mirabimur
1088 3072 1175 3155 quod
1197 3073 1380 3154 insequitur

523 3179 668 3246 Crudelis
689 3187 789 3245 muter
811 3183 915 3263 magis
937 3201 981 3244 aa
999 3200 1081 3261 puer
1103 3177 1262 3259 improbas
1284 3177 1359 3242 dte?

360 3288 445 3353 Nam
473 3288 501 3351 si
529 3310 643 3351 saevus
671 3288 734 3350 fuit
756 3285 857 3350 Amor
884 3286 939 3369 qui
964 3285 1109 3348 Medeam
1135 3285 1242 3369 coegit
1263 3284 1383 3348 liberos
1406 3282 1595 3361 interficere,

361 3395 498 3459 crudelis
521 3393 634 3457 Medea
658 3415 785 3477 quoque
809 3414 891 3476 quae
909 3392 1080 3474 interfecit,
1103 3412 1170 3455 non
1188 3395 1308 3454 temere
1327 3389 1430 3453 oritur
1448 3387 1594 3471 quaestio

362 3504 471 3564 utrum
503 3521 614 3564 eorum
648 3499 859 3564 crudeliorem
893 3499 1010 3562 habere
1041 3501 1196 3581 oporteat.
1243 3495 1346 3572 Quam
1374 3497 1594 3580 quaestionem

362 3612 509 3690 apertum
540 3610 589 3670 est
620 3606 724 3671 redire
756 3608 794 3671 ad
827 3608 974 3688 alteram,
1007 3610 1079 3669 uter
1106 3606 1216 3688 potius
1245 3604 1422 3688 culpandus
1452 3606 1507 3689 sic,
1539 3605 1595 3687 qui

362 3718 475 3778 auctor
496 3715 595 3778 fuerit
619 3715 746 3778 sceleris
769 3714 945 3798 perpetrati
967 3733 1010 3776 an
1033 3714 1060 3777 is
1085 3712 1140 3795 qui
1164 3712 1299 3796 perfecit
1321 3712 1406 3795 quod
1426 3711 1506 3775 alter
1526 3733 1596 3775 sua-

362 3822 418 3906 sit3
441 3825 473 3885 et
495 3825 608 3885 notum
633 3825 682 3885 est
704 3825 826 3885 veteres
850 3821 885 3884 in
907 3821 971 3884 hoc
992 3842 1094 3906 genus
1114 3818 1337 3903 quaestionum
1356 3820 1438 3882 mira
1458 3817 1595 3903 quadam

364 3928 543 3993 subtilitate
566 3928 782 4011 inquisivisse,
805 3928 894 3992 velut
919 3927 1005 4011 quod
1024 3926 1164 3992 Pericles
1189 3926 1306 3990 dicitur
1325 3948 1397 3989 cum
1418 3924 1596 4009 Protagora
1609 3950 1641 3990 ao

364 4036 559 4119 quaesivisse
582 4036 667 4119 apud
690 4034 899 4100 Plutarchum
923 4035 957 4098 in
980 4034 1049 4098 vita
1071 4033 1204 4099 Periclis
1229 4055 1253 4098 c.
1274 4033 1326 4117 36,
1346 4030 1414 4118 3³¹²).

453 4142 566 4227 Itaque
579 4145 692 4227 pastor
706 4143 787 4206 inita
802 4142 999 4227 cogitatione
1011 4142 1158 4206 trahente
1168 4141 1208 4205 ad
1217 4140 1300 4205 hanc
1309 4140 1597 4225 interrogationem

364 4251 485 4316 labitur
512 4273 576 4335 qua
603 4254 705 4314 semet
733 4250 910 4335 interrogat
938 4249 1026 4332 quod
1049 4250 1089 4313 ab
1113 4249 1177 4312 alio
1201 4270 1239 4311 ex
1265 4269 1302 4311 eo
1326 4248 1438 4331 quaeri
1461 4249 1596 4330 potarat,

365 4363 397 4423 et
420 4358 535 4443 incipit
558 4361 702 4421 amatre
726 4379 809 4440 quae
833 4378 928 4423 causa
952 4357 1048 4421 huius
1073 4354 1336 4441 interrogationis
1360 4354 1435 4418 fuit:

528 4463 673 4529 Oradelis
694 4470 794 4528 mater
816 4465 919 4546 meeis
941 4484 986 4529 oo
1005 4461 1123 4549 poert)
1148 4460 1305 4543 improbus
1328 4460 1402 4525 tlte?

454 4639 517 4710 *31)
529 4639 654 4711 [Similes
663 4639 847 4708 inquirendae
858 4639 959 4707 culpae
969 4639 1095 4709 argutias
1103 4654 1172 4707 praa
1180 4654 1209 4691 sa
1217 4637 1312 4692 ferunt
1319 4635 1503 4704 Antiphontis
1511 4636 1598 4688 tetra-

366 4729 506 4800 logiarum
520 4728 609 4782 altera
624 4731 653 4783 ot
666 4729 842 4783 narrationes
858 4744 930 4795 quae
944 4731 1011 4781 sunt
1025 4728 1101 4797 apud
1115 4726 1287 4780 Pausaniam
1300 4746 1317 4779 v
1333 4725 1598 4795 as‚10etv111‚o.]

454 4817 518 4885 *35)
536 4817 668 4871 Amorem
683 4835 800 4886 puerum
815 4816 930 4870 dicebat
946 4835 969 4870 v.
985 4822 1032 4883 453
1053 4819 1081 4870 et
1096 4832 1180 4884 saepe
1195 4816 1236 4869 ita
1250 4819 1351 4883 poetae
1367 4812 1506 4880 amatorii,
1520 4814 1600 4868 velut

367 4906 484 4960 Ovidius
502 4921 569 4959 rem.
586 4911 707 4960 11111149
