3967 5725
564 652 616 703 DE
632 651 861 704 mammo
879 651 1027 703 MINUGII
1042 652 1185 703 FELICIS
1203 651 1372 705 ocTAvw.
1536 649 1599 715 131

366 813 531 878 radicibus
558 815 775 877 nascentium·
813 812 866 877 Ex
896 835 960 896 qua
989 817 1083 898 parto
1112 814 1268 879 sermonis
1297 836 1401 899 pauca
1430 814 1602 899 selegimus

367 940 451 1004 quae
474 941 548 985 eum
570 924 684 985 nostro
706 919 844 987 consilio
869 922 1040 985 eoniu'ncta
1062 925 1151 986 sunt:
1173 921 1316 1005 primum
1334 920 1402 1003 ifla,
1425 920 1601 1004 exquibus

368 1029 492 1092 occasio
516 1028 563 1092 rei
587 1028 802 1112 cognoscitur,
824 1050 855 1111 p
872 1027 945 1112 138,
960 1028 1002 1091 27
1023 1026 1096 1093 Sch.

441 1135 621 1212 πάντες
644 1130 707 1200 οὖν
736 1134 936 1212 ἀκούσαντες
957 1137 1119 1201 εἰπόντων
1137 1135 1250 1201 αὐτῶν
1268 1134 1375 1217 ἀηδῶς
1394 1133 1602 1218 διετέθημεν,

497 1242 582 1318 ως
567 1242 711 1327 ύστερον
734 1240 890 1325 ἐλέγομεν
916 1243 1001 1327 πρὸς
1024 1242 1203 1325 ἀλλήλους,
1231 1240 1323 1306 ότι“
1306 1242 1372 1306 υπὸ
1395 1250 1457 1305 τοῦ
1479 1238 1600 1327 ἔμπρο-

501 1354 586 1413 σθεν
608 1350 712 1431 λόγου
732 1349 864 1433 σφόδρα
881 1349 1122 1431 πεπεισμένους
1139 1348 1223 1432 ἡμᾶς
1240 1348 1344 1413 πάλιν
1361 1347 1539 1414 ἑόόιιουν’
1521 1372 1600 1412 ανα-

501 1453 638 1537 ταράξαι
652 1457 768 1531 ιιαλείς
782 1454 1156 1539 ἀπιστίαν-καταβαλεῖν
1174 1455 1216 1519 οὐ
1230 1457 1338 1539 μόνον
1355 1466 1426 1531 τοῖς
1444 1476 1600 1541 προειρη-

388 1561 392 1570 ’
435 1598 438 1607 .
500 1560 612 1646 μένοις
640 1564 752 1645 λόγοις
780 1562 864 1627 ἀλλά
891 1560 947 1627 καὶ
971 1564 1019 1639 εἰς
1040 1564 1081 1627 τὰ
1102 1563 1247 1646 ὕστερον
1268 1561 1432 1645 μέλλοντα
1454 1562 1598 1647 ῥηθήσε-

388 1690 390 1693 ·
450 1691 452 1693 ·
501 1675 596 1754 σθαι,
623 1670 668 1753 μη
696 1669 839 1745 οὐδενὸς
864 1666 951 1746 ἀξιοι
980 1661 1072 1752 εἰμεν-
1098 1670 1207 1754 κριταί
1230 1667 1251 1750 ἢ
1273 1667 1329 1734 καὶ
1356 1669 1396 1733 τά
1423 1670 1599 1755 πράγματα

388 1778 409 1801 ”
500 1776 620 1841 ἀπιστα
644 1782 703 1860 εἴη.
727 1813 769 1823 -
793 1774 917 1841 Deinde
941 1776 980 1840 de
1003 1799 1039 1840 re
1062 1776 1133 1860 ipsa
1154 1800 1186 1861 p.
1202 1774 1275 1861 140,
1289 1776 1331 1839 21
1356 1775 1638 1862 ἀλλά-πρῶτοντο

401 1902 404 1908 ’
499 1882 741 1967 εύλαβηθῶμόν
757 1906 790 1948 τι
808 1884 919 1959 πάθος
937 1884 980 1967 μὴ
1000 1884 1169 1964 πάθωμεν.
1211 1883 1261 1947 Το-
1274 1894 1387 1962 ποῖον;
1409 1877 1501 1965 ἀνθ’
1525 1881 1598 1965 ἐγώ.

498 1992 562 2073 Μὴ·
582 1991 773 2075 γενώμεθα,
799 1984 819 2071 ἦ
843 1992 864 2055 ό
875 1988 884 2015 '
906 1990 952 2072 ὅς,
976 1992 1150 2073 μισόλογοι
1174 1990 1283 2075 ὥσπερ
1307 1991 1344 2054 οἰ
1362 1990 1598 2075 μισάνθρωποι

498 2099 702 2181 γιγνόμενοι,
726 2097 770 2173 ὡς
791 2097 855 2161 οὐκ
877 2094 980 2179 ἔστιν,
1003 2093 1078 2180 ἔφη,
1106 2097 1124 2161 3
1147 2120 1181 2161 τι
1202 2098 1252 2162 ἀν’
1268 2120 1318 2172 τις
1340 2100 1453 2180 μεῖςον
1475 2098 1598 2162 τούτου

416 2226 418 2229 ·
497 2205 602 2269 κακὸν
624 2204 730 2269 πάθοι
752 2204 773 2288 ἢ
795 2204 916 2287 λόγους
938 2206 1089 2289 μισήσας.
1126 2207 1274 2286 γίγνεται
1298 2198 1336 2267 δὲ
1359 2202 1474 2269 ἕκτου
1493 2204 1598 2269 αὐτοῦ

499 2314 624 2395 τρόπον
651 2314 828 2395 μισολογιά
855 2333 891 2375 τε
914 2308 968 2378 καὶ
999 2312 1251 2395 μισανθρωπία
1290 2310 1371 2392 ἥτε
1393 2312 1458 2394 γὰρ
1480 2330 1598 2395 μισαν·

413 2438 415 2445 ’
453 2466 455 2469 -
496 2422 632 2503 θρωπία
659 2417 812 2483 ἐνδύεται
840 2415 876 2483 ἐκ
903 2426 964 2483 τοῦ
992 2418 1127 2502 σφόδρα
1153 2414 1221 2482 τινὶ
1243 2425 1418 2483 πιστεῦσαι
1441 2419 1523 2483 ἀνευ
1547 2418 1597 2483 τί-

372 2544 374 2550 ·
497 2548 591 2609 χνης,
616 2522 671 2590 καὶ
695 2525 885 2609 ἡγήσασθαι
908 2524 1102 2590 παντάπασί
1127 2548 1165 2607 γε
1186 2524 1302 2608 ,ἀληθῆ
1331 2519 1418 2589 εἶναι
1440 2525 1495 2589 αα1
1518 2524 1597 2608 ὑγιῆ

496 2629 552 2695 οιαὶ
579 2632 700 2696 πιστὸν
727 2634 786 2697 τὸν
813 2633 1013 2715 ἄνθρωπον,
1043 2628 1155 2696 ἔπειτα
1177 2630 1302 2714 όλίγον
1323 2631 1467 2716 ὕστερον
1486 2631 1599 2716 εὑρεῖν

497 2740 618 2803 τοῦτον
640 2742 790 2822 πονηρόν
808 2762 843 2803 τε
865 2737 920 2803 καί
940 2740 1084 2804 ἀπιστον-
1099 2739 1154 2803 καὶ
1172 2732 1276 2814 αὖθις
1292 2737 1419 2823 ἕτερον·
1442 2738 1497 2802 καλ
1517 2738 1599 2803 όταν

497 2853 597 2911 τοῦτο
620 2846 780 2924 πολλάκις
802 2846 895 2932 πάθη
918 2870 978 2929 τις,
1002 2847 1057 2912 καὶ
1079 2846 1145 2911 ὑπὸ
1159 2846 1298 2910 τούτων
1315 2846 1458 2929 μάλιστα
1478 2844 1537 2921 οὓς
1555 2843 1598 2910 ἀν
1610 2870 1638 2910 οο

496 2951 655 3037 ἡγήσαιτο
684 2955 908 3030 οἰκειοτάτους
937 2977 973 3020 τε
1003 2954 1058 3018 καί
1088 2951 1334 3037 ἑταιροτάτους,
1364 2958 1528 3018 τελευτῶν
1555 2953 1597 3036 δὴ

496 3061 589 3144 θαμά
621 3061 841 3147 προσκρούων
872 3071 962 3142 μισεῖ
993 3084 1030 3127 τε
1060 3062 1186 3135 πάντας
1214 3057 1270 3124 καί
1299 3059 1427 3142 ἡγεῖται
1459 3059 1597 3134 οὐθενὸς

458 3193 459 3196 ’
492 3164 597 3232 οὐδὲν
623 3167 716 3251 ὑγιὲς
739 3160 825 3232 εἶναι
853 3169 891 3234 τὸ
914 3169 1072 3254 παράπαν
1093 3164 1216 3232 ..καὶ
1240 3167 1345 3249 δῆλον
1365 3165 1419 3230 ότι
1442 3167 1529 3230 ἀνευ
1546 3165 1596 3243 τί-

397 3297 410 3302 ’·
494 3297 574 3358 χνης
603 3283 662 3358 τῆς
690 3275 766 3358 περὶ
796 3274 1011 3359 τάνθρώπεια
1039 3274 1057 3339 ὁ
1083 3283 1235 3350 τοιοῦτος
1264 3279 1411 3358 χρῆσθαι
1441 3273 1597 3357 ἐπιχειρεῖ

428 3405 430 3410 ’
495 3393 566 3458 τοῖς
588 3381 790 3467 ἀνθρώποις.
809 3419 851 3428 -
875 3380 910 3449 P.
928 3381 1002 3466 141,
1016 3381 1060 3445 24
1083 3381 1175 3446 ἀλλά·
1189 3381 1292 3466 ταύτῃ
1315 3377 1377 3464 μὲν
1400 3380 1462 3466 οὐχ
1485 3380 1596 3464 ὅμοιοι

495 3489 637 3572 οἱλόγοι
651 3499 722 3565 τοῖς
736 3488 930 3573 ἀνθρώποις
945 3519 974 3552 ,1.
990 3486 1063 3553 ἀλλ’
1083 3487 1203 3572 ἐκείνη,
1221 3486 1358 3564 ἐπειδάν
1371 3511 1421 3564 τις
1435 3487 1595 3571 πιστεύσῃ

364 3619 389 3624 ··
460 3617 461 3622 ’
495 3597 581 3683 λόγῳ
605 3593 673 3660 τινὶ
697 3595 819 3678 ἀληθεῖ
840 3588 926 3661 εἶναι
950 3596 1032 3659 ἀνευ
1055 3604 1113 3678 τῆς
1134 3595 1210 3679 περὶ
1232 3597 1312 3671 τοὺς
1330 3598 1451 3676 λόγους
1469 3593 1596 3678 τέχνης,

494 3704 630 3768 αάπειτα
661 3702 777 3786 ὀλίγον
805 3701 948 3784 ὕστερον
978 3703 1068 3789 αὐτῷ
1094 3700 1173 3787 όόξη
1200 3703 1328 3784 ψευδὴς
1357 3693 1458 3784 εἰναι,
1488 3698 1595 3766 ἐνίοτε

387 3837 392 3854 ²
415 3821 417 3826 ’
493 3809 554 3891 μὲν
573 3810 631 3893 ἀν,
655 3807 761 3874 ἐνίοτε
784 3807 812 3873 δ’
838 3808 900 3874 ούιι
923 3809 981 3891 ἰόν,
1004 3809 1059 3873 καλ
1082 3804 1184 3883 αὖθις
1202 3807 1313 3893 ἕτερος
1330 3807 1385 3872 καὶ
1405 3806 1527 3891 ἕτερος
1543 3857 1550 3871 .
1565 3857 1593 3870 ..

380 3942 382 3944 ·
414 3941 416 3944 ·
498 3917 626 4000 142,11
648 3916 775 3981 οὐκοῦν
794 3917 930 3999 οἰκτρὸν
948 3913 991 3979 ἀν
1009 3921 1060 3998 εἰη
1078 3917 1116 3982 τὸ
1135 3915 1256 3996 πάθος,
1280 3915 1308 3978 εἰ
1327 3915 1425 3990 όντος
1443 3915 1485 3996 δή
1503 3936 1595 3989 τινος
1608 3947 1635 3988 ,0

493 4023 644 4108 ἀληθοῦς
661 4023 716 4088 καὶ
735 4024 873 4106 βεβαίου
892 4025 996 4106 λόγου
1013 4021 1069 4087 καὶ
1089 4023 1243 4086 δυνατοῦ·
1255 4030 1465 4103 κατανοῆσαι,
1482 4016 1594 4084 ἔπειτα

493 4132 549 4195 (1ιά
581 4130 619 4194 τὸ
648 4131 916 4215 παραγίγνεσθαι
949 4129 1114 4204 τοιούτοις
1140 4126 1208 4192 τισὶ
1239 4130 1352 4210 λόγοις
1383 4139 1454 4203 τοῖς
1480 4127 1595 4204 αὐτοῖς

493 4234 567 4303 τοτὲ
590 4233 652 4321 μὲν
675 4237 835 4302 δοκοῦσιν
859 4235 1021 4318 ἀληθέσιν
1045 4227 1142 4318 εἰναι,
1167 4235 1244 4300 τοτὲΙ
1264 4231 1300 4298 δὲ
1323 4236 1378 4318 μή,
1404 4235 1450 4318 μὴ
1475 4232 1594 4298 ἑαυτόν

492 4367 541 4420 τις
565 4346 695 4432 αἰτιῷτο
718 4343 803 4427 μηδὲ
825 4344 886 4426 τὴν
910 4341 1031 4408 ἑαυτοῦ
1054 4341 1219 4426 ἀτεχνίαν,
1243 4341 1326 4406 ἀλλά
1350 4345 1514 4406 τελευτῶν
1537 4341 1593 4406 διὰ

408 4450 410 4456 ’
491 4452 529 4515 τὸ
553 4450 668 4535 ἀλγεῖν
691 4451 831 4534 ἅσμενος
860 4447 913 4515 ἐπὶ
937 4452 1017 4525 τούς
1040 4450 1161 4532 λόγους
1180 4446 1244 4533 ἀφ’
1263 4446 1384 4513 ἑαυτοῦ
1402 4448 1465 4531 τὴν
1483 4451 1593 4514 αἰτίαν

446 4553 451 4634 f
468 4641 470 4646 ι
489 4557 661 4622 ἀπώσαιτο
675 4582 730 4621 και
719 4549 853 4644 ἤδη
823 4581 883 4622 τον
897 4557 1016 4644 λοιπὸν
1030 4558 1107 4638 βίον
1121 4565 1273 4639 μισῶυτε
1283 4553 1337 4619 καὶ
1348 4555 1513 4649 λοιδορῶν
1524 4556 1593 4619 δια

436 4703 438 4706 -
492 4669 615 4750 τελοῖ,
605 4675 673 4736 τῶν
688 4663 845 4755 ἀὲόντων
857 4673 915 4747 τῆς
927 4662 1087 4746 ἀληθείας
1098 4658 1198 4727 τεκαὶ
1212 4661 1392 4746 ἐπιστήμης
1406 4663 1592 4745 στερηθείη
1635 4664 1645 4678 “

357 4729 465 4837 Huius
488 4771 631 4856 disputat
632 4773 715 4836 ionis
739 4793 863 4840 memor
884 4771 1009 4834 fuitt
971 4773 1009 4834 ut
1031 4769 1118 4834 videt
1105 4773 1159 4843 tur
1180 4767 1380 4855 Minucius*)
1400 4790 1476 4833 eum
1500 4768 1593 4831 finita

447 4910 563 4976 *381111
582 4910 763 4964 adnotatione
783 4883 927 4976 fidimus,
946 4910 1020 4978 quae
1038 4909 1137 4963 scribit
1155 4909 1296 4963 Mmuems
1315 4926 1339 4963 ο
1356 4913 1432 4975 18,1
1451 4913 1484 4960 ut
1501 4905 1591 4960 οοοοί-

1341 4996 1376 5048 9*
