3967 5725
370 624 435 688 126
580 626 706 678 XXXIX.
726 628 841 678 INDEX
859 627 1074 680 LEOTIONUM
1092 629 1326 681 AESTIVARUM
1345 632 1423 682 1894.

371 787 485 852 effecta
516 791 591 852 runt
619 785 670 875 (5)
698 788 745 852 ito
773 794 808 853 nt
837 790 934 871 eoepit
962 792 991 855 si
1022 791 1154 856 desierit.
1202 789 1237 855 Si
1267 791 1353 857 enim
1381 813 1400 855 a
1424 792 1532 857 verbis
1556 790 1611 880 (4)

374 896 493 961 codnrn
516 916 632 979 quoqne
655 894 817 961 Minucius
842 896 1025 963 Stoicorum
1050 897 1236 982 opinionem
1261 897 1299 963 de
1322 898 1471 963 incendio
1495 900 1610 963 mundi

370 1024 517 1067 enarrare
540 1002 664 1087 incipit,
686 1002 855 1068 haeremus
873 1004 908 1068 in
927 1024 1044 1086 qnoque
1065 1004 1234 1087 particula,
1256 1005 1425 1069 haeremus
1448 1008 1483 1070 in
1502 1007 1612 1071 verbis

369 1112 417 1175 ito
435 1115 471 1173 nt
488 1112 592 1193 coepit,
617 1131 698 1194 quae
716 1110 812 1194 plane
829 1110 970 1193 pendent
989 1133 1094 1195 neque
1112 1112 1282 1177 inveniunt
1301 1112 1353 1175 cui
1372 1110 1610 1196 adhaerescunt,

371 1215 541 1281 haeremus
565 1216 704 1301 denique
727 1216 762 1281 in
784 1217 845 1281 hac
863 1217 1000 1283 mirifica
1019 1219 1145 1283 ratione
1165 1241 1228 1302 qua
1245 1220 1412 1283 universas
1432 1220 1611 1284 sententiae

371 1325 409 1388 de
433 1324 567 1387 interitu
591 1345 699 1387 rerum
723 1325 868 1388 omnium
893 1346 975 1408 quae
1001 1328 1090 1389 ortae
1114 1330 1191 1389 sunt
1208 1325 1299 1390 nullo
1317 1325 1480 1410 probabili
1505 1330 1608 1391 trans·

370 1431 420 1495 itu
453 1430 540 1494 facto
573 1430 788 1495 adnectuntur
816 1436 848 1495 et
882 1430 961 1495 haec
990 1430 1175 1497 Stoicorum
1210 1433 1320 1517 opinio
1348 1436 1381 1498 et
1408 1434 1610 1517 reliquorum·
1703 1515 1707 1521 ἐ

370 1536 641 1621 philosophorum
664 1536 731 1602 sive
756 1538 793 1601 de
817 1537 966 1602 inccndio
990 1539 1058 1603 sive
1081 1540 1145 1603 alia
1164 1561 1365 1622 quacumque
1384 1541 1478 1605 ruina
1495 1540 1610 1604 mnndi

372 1645 558 1708 sententiae
604 1642 675 1708 Hae
700 1665 780 1727 quas
805 1644 1026 1731 significamus
1049 1645 1243 1710 offensiones
1267 1646 1375 1711 nullae
1399 1652 1483 1730 sunt,
1507 1648 1535 1711 si
1558 1670 1611 1713 co·

330 1775 358 1815 ιο
372 1750 475 1813 dicem
496 1749 694 1833 explicamus
714 1752 846 1835 eiusque
864 1752 1053 1816 memoriam
1074 1753 1252 1837 sequimur,
1276 1753 1332 1817 nbi
1350 1754 1411 1819 hae
1431 1775 1464 1818 se
1483 1759 1610 1819 senten-

370 1858 436 1921 tiae
459 1856 640 1941 excipiunt:

509 1964 587 2045 Quis
604 1965 688 2029 enirn
708 1966 898 2047 sapientiam
918 1965 1048 2045 dabitat,
1071 1968 1143 2048 qnis
1160 1968 1292 2050 iynorat
1316 1971 1425 2033 omnin
1442 1990 1522 2051 qnae
1539 1975 1610 2034 oric

505 2077 580 2135 snnt
607 2072 752 2151 occidere,
781 2093 860 2155 qnae
883 2074 973 2154 focio
995 2080 1069 2139 sant
1091 2076 1231 2153 interire,
1258 2075 1377 2139 coeinn
1400 2096 1517 2158 quoqne
1538 2095 1609 2140 nrm

506 2177 650 2243 omnibns
671 2199 751 2259 qnae
773 2180 855 2244 coelo
879 2181 1074 2245 eontinentur
1097 2181 1144 2245 ito
1165 2188 1200 2245 nt
1222 2183 1354 2264 coepisse
1376 2182 1521 2248 desinere.

372 2282 460 2359 Quae
488 2286 584 2369 plane
613 2286 743 2371 egregia
771 2289 859 2350 sunt:
888 2309 975 2351 nunc
1004 2288 1091 2372 quod
1117 2288 1266 2353 universe
1290 2288 1329 2353 de
1352 2288 1503 2354 omnibus
1526 2311 1610 2373 quae

372 2394 443 2454 orta
466 2390 518 2453 vel
540 2390 626 2455 facta
650 2396 734 2475 sunt,
762 2393 847 2457 idem
871 2394 910 2456 de
935 2393 1024 2458 caelo
1048 2415 1164 2476 quoqne
1187 2395 1314 2479 dicitur,
1341 2400 1375 2460 et
1398 2400 1544 2481 peropto,
1571 2400 1612 2460 ut

372 2519 470 2580 supra
492 2518 571 2578 qnae
593 2504 662 2562 oria
684 2506 757 2563 sant
775 2501 916 2579 cecidere,
939 2502 1122 2581 quaefacta
1139 2508 1214 2567 sant
1234 2504 1370 2582 interire,
1395 2504 1442 2567 sic
1464 2524 1551 2568 nunc
1569 2504 1610 2567 de

373 2605 462 2669 caelo
486 2606 534 2668 ita
556 2611 591 2668 nt
613 2606 744 2685 coepisse
767 2606 913 2685 desinere,
938 2608 1092 2691 quoniam
1116 2631 1156 2673 ex
1178 2609 1273 2673 initio
1293 2614 1423 2694 sumpto
1442 2610 1607 2675 desinendi

372 2709 547 2775 necessitas
571 2710 748 2795 deducitur,
771 2714 860 2777 velut
879 2712 1000 2778 Seneca
1022 2715 1057 2779 in
1081 2716 1179 2779 simili
1199 2716 1417 2800 disputatione
1436 2716 1550 2781 scribit
1568 2718 1609 2781 ad

331 2842 359 2882 ro
372 2816 546 2902 Polybium
568 2818 629 2901 1,1
655 2824 784 2884 cnnnnz
809 2820 965 2903 quidquid
982 2823 1078 2903 coepit
1095 2828 1123 2886 ct
1141 2823 1264 2903 desinit,
1287 2827 1321 2888 et
1340 2822 1451 2890 Cicero
1470 2825 1610 2910 saepius,

373 2926 419 2991 de¹
435 2929 500 2988 nat.
520 2925 604 2989 deor.
625 2925 682 3008 18,
697 2926 754 3011 203
777 2928 857 3010 110,
873 2926 915 2990 26
938 2931 1032 3009 qnasi
1048 2950 1112 2994 non
1130 2951 1220 2995 omne
1237 2933 1319 3013 qnod
1336 2938 1437 2997 ortnnr
1462 2934 1504 2997 sit
1526 2953 1610 2997 mor-

372 3032 481 3097 talitas
503 3039 713 3114 consequntur,
738 3033 817 3118 124,
833 3034 875 3098 68
894 3037 924 3099 si
942 3041 1030 3100 orins
1047 3043 1091 3100 est
1109 3038 1245 3116 deornm,
1267 3040 1413 3104 interitus
1430 3042 1472 3104 sit
1489 3060 1610 3105 necesse

372 3145 427 3217 est,
454 3137 617 3203 Minucius
645 3138 782 3223 denique
810 3141 879 3224 ipse
904 3163 928 3205 o.
944 3143 996 3224 21,
1013 3142 1055 3206 10
1082 3147 1215 3208 rnoritnr
1243 3166 1333 3210 ornne
1358 3147 1441 3227 qnod
1466 3148 1611 3212 nascitur

372 3243 425 3330 (of.
444 3247 494 3329 11,
509 3243 553 3330 3).
592 3244 662 3322 Quo
682 3248 785 3331 magis
804 3253 938 3332 apparet
956 3249 1036 3313 haec
1057 3271 1123 3314 non
1142 3272 1237 3334 posse
1256 3253 1396 3336 separari
1415 3275 1452 3317 ac
1471 3253 1607 3317 distrahi

372 3353 491 3416 coelunt
518 3373 635 3434 qnoque
661 3354 709 3418 ito
735 3360 771 3418 nt
792 3356 923 3436 coepisse
945 3357 1095 3434 desinere,
1125 3359 1275 3443 quodque
1297 3381 1363 3423 non
1385 3362 1433 3423 ito
1454 3366 1491 3424 nt
1512 3361 1612 3441 coepit

373 3459 524 3538 desinere,
553 3459 608 3524 scd
637 3461 825 3525 concinnius
853 3461 951 3525 etiam
979 3462 1102 3546 duplici
1130 3464 1292 3529 infinitivo
1320 3468 1428 3548 posito
1452 3465 1610 3550 loquitur,

372 3567 406 3629 in
429 3567 576 3649 proximo
599 3566 699 3632 habet
728 3569 909 3653 exemplum
935 3565 1007 3655 (10)
1035 3569 1191 3636 beminen
1214 3593 1235 3635 a
1258 3573 1313 3637 dno
1336 3577 1372 3636 nt
1386 3575 1532 3655 primam
1548 3595 1609 3655 po

370 3675 466 3738 inisse
491 3675 573 3756 finyi
599 3675 647 3738 ire
667 3693 760 3757 posse
787 3675 886 3739 denno
915 3678 1097 3758 reformari,
1131 3701 1325 3762 quamquam
1355 3679 1467 3745 eodem
1495 3684 1609 3744 tenore

371 3780 481 3844 statim
505 3782 605 3845 altera
628 3781 732 3845 forma
755 3781 900 3865 sequitur
922 3785 1002 3848 sient
1024 3785 1062 3848 de
1084 3785 1184 3850 nihilo
1206 3788 1297 3850 nasci
1315 3786 1411 3866 ztan,
1435 3788 1482 3852 iic
1501 3788 1539 3851 de
1555 3790 1608 3851 ni-

332 3911 359 3950 so
372 3886 435 3952 bilo
459 3887 549 3952 licere
569 3890 725 3970 reparari.

461 3992 513 4057 Ab
536 3994 588 4058 bis
607 3999 724 4079 autem,
748 4018 829 4080 quae
849 3996 962 4061 sicuti
981 3999 1103 4081 scripta
1122 4004 1197 4063 sunt
1215 4000 1250 4063 in
1269 4001 1377 4065 codice
1396 4000 1610 4082 defendimus,

372 4101 546 4165 interstitio
571 4102 709 4186 quodam
733 4104 855 4168 maiore
879 4109 1025 4189 separata
1048 4110 1125 4169 sunt
1148 4128 1229 4189 quae
1252 4109 1480 4190 inseqmmtur:

503 4209 639 4288 fontinrn
668 4211 768 4275 doricis
795 4231 879 4292 aqna
901 4213 1009 4276 nentia
1031 4213 1164 4291 nnnire,
1194 4214 1231 4277 in
1252 4217 1317 4278 vinc
1340 4215 1425 4297 ipnis
1447 4214 1606 4279 obituram

506 4313 619 4380 Stoicis
642 4323 786 4382 constans
808 4319 914 4400 opinio
937 4325 988 4397 cst,
1011 4319 1095 4399 qnod
1115 4327 1293 4402 consumpto
1315 4322 1443 4387 bnrnorc
1469 4322 1609 4386 mundns

505 4420 556 4484 bic
577 4425 680 4488 ornnis
701 4426 845 4506 ipnescat.

371 4525 460 4591 Haeo
479 4530 613 4611 apparet
625 4530 782 4595 nonnulla
795 4535 886 4614 parte
904 4535 1054 4597 truncata
1067 4555 1149 4597 esse:
1168 4555 1253 4598 nora
1271 4535 1431 4599 sententia
1450 4537 1608 4600 transitus

373 4633 534 4717 parendus
559 4639 627 4698 erat
650 4636 690 4700 ab
715 4636 779 4700 illis
802 4639 950 4703 universe
974 4639 1068 4704 dictis
1091 4640 1132 4703 ad
1155 4643 1385 4707 enumerandas
1405 4643 1606 4728 singulorum

371 4738 641 4825 philosophorum
661 4745 848 4829 sententias3
868 4745 1067 4811 desideratur
1082 4748 1178 4812 etiam
1194 4747 1318 4834 aliquid
1331 4746 1371 4811 ad
1386 4749 1606 4833 integritatem

397 4849 549 4912 ‘rt-entiae
578 4870 660 4933 quae
688 4851 910 4916 condicionem
940 4852 1061 4918 indicat
1089 4875 1153 4937 qua
1180 4855 1336 4920 mundum
1365 4857 1399 4919 in
1426 4856 1491 4920 vim
1518 4855 1607 4942 ignis

433 5196 662 5386 Ι.
