<?xml version="1.0" encoding="UTF-8"?>
<!DOCTYPE html PUBLIC "-//W3C//DTD XHTML 1.0 Transitional//EN"
    "http://www.w3.org/TR/xhtml1/DTD/xhtml1-transitional.dtd">
<html xmlns="http://www.w3.org/1999/xhtml" xml:lang="en" lang="en">
 <head>
  <title>
</title>
<meta http-equiv="Content-Type" content="text/html;charset=utf-8" />
  <meta name='ocr-system' content='tesseract 3.04.00' />
  <meta name='ocr-capabilities' content='ocr_page ocr_carea ocr_par ocr_line ocrx_word'/>
</head>
<body>
  <div class='ocr_page' id='page_1' title='image "./iohannisvahleni00vahlgoog/iohannisvahleni00vahlgoog_0440.png"; bbox 0 0 3967 5725; ppageno 0'>
   <div class='ocr_carea' id='block_1_1' title="bbox 394 606 1397 671">
    <p class='ocr_par' dir='ltr' id='par_1_1' title="bbox 394 606 1397 671">
     <span class='ocr_line' id='line_1_1' title="bbox 394 606 1397 671; baseline -0.004 -11"><span class='ocrx_word' id='word_1_1' title='bbox 394 606 461 671; x_wconf 86' lang='lat'>446</span> <span class='ocrx_word' id='word_1_2' title='bbox 622 608 680 660; x_wconf 85' lang='lat' dir='ltr'>LV.</span> <span class='ocrx_word' id='word_1_3' title='bbox 699 609 816 659; x_wconf 83' lang='lat' dir='ltr'>INDEX</span> <span class='ocrx_word' id='word_1_4' title='bbox 834 607 1050 659; x_wconf 82' lang='lat' dir='ltr'><strong>LEOTIONUM</strong></span> <span class='ocrx_word' id='word_1_5' title='bbox 1068 606 1300 658; x_wconf 80' lang='lat' dir='ltr'>AESTIVARUM</span> <span class='ocrx_word' id='word_1_6' title='bbox 1320 609 1397 659; x_wconf 79' lang='lat'>1902.</span> 
     </span>
    </p>
   </div>
   <div class='ocr_carea' id='block_1_2' title="bbox 354 767 1668 4064">
    <p class='ocr_par' dir='ltr' id='par_1_2' title="bbox 394 767 1630 1709">
     <span class='ocr_line' id='line_1_2' title="bbox 394 767 1630 855; baseline -0.002 -21"><span class='ocrx_word' id='word_1_7' title='bbox 394 791 467 834; x_wconf 90' lang='lat' dir='ltr'>mus</span> <span class='ocrx_word' id='word_1_8' title='bbox 495 771 571 854; x_wconf 91' lang='lat' dir='ltr'>ipsi,</span> <span class='ocrx_word' id='word_1_9' title='bbox 599 774 635 834; x_wconf 91' lang='lat' dir='ltr'>ut</span> <span class='ocrx_word' id='word_1_10' title='bbox 658 769 828 835; x_wconf 84' lang='lat' dir='ltr'>Laelianas</span> <span class='ocrx_word' id='word_1_11' title='bbox 855 767 1117 855; x_wconf 80' lang='lat' dir='ltr'>interrogationis</span> <span class='ocrx_word' id='word_1_12' title='bbox 1139 767 1189 832; x_wconf 84' lang='lat' dir='ltr'>vis</span> <span class='ocrx_word' id='word_1_13' title='bbox 1212 767 1359 853; x_wconf 86' lang='lat' dir='ltr'>patefiat,</span> <span class='ocrx_word' id='word_1_14' title='bbox 1386 767 1449 831; x_wconf 92' lang='lat' dir='ltr'>iter</span> <span class='ocrx_word' id='word_1_15' title='bbox 1476 767 1564 851; x_wconf 92' lang='lat' dir='ltr'>quod</span> <span class='ocrx_word' id='word_1_16' title='bbox 1586 767 1630 832; x_wconf 87' lang='lat' dir='ltr'>sit</span> 
     </span>
     <span class='ocr_line' id='line_1_3' title="bbox 395 873 1629 962; baseline -0.003 -20"><span class='ocrx_word' id='word_1_17' title='bbox 395 877 553 943; x_wconf 90' lang='lat' dir='ltr'>sermonis</span> <span class='ocrx_word' id='word_1_18' title='bbox 576 876 747 945; x_wconf 77' lang='lat' dir='ltr'>declarem.</span> <span class='ocrx_word' id='word_1_19' title='bbox 785 874 935 961; x_wconf 78' lang='lat' dir='ltr'>Scipione</span> <span class='ocrx_word' id='word_1_20' title='bbox 959 875 1061 962; x_wconf 89' lang='lat' dir='ltr'>igitur</span> <span class='ocrx_word' id='word_1_21' title='bbox 1082 874 1263 939; x_wconf 87' lang='lat' dir='ltr'>affirmante</span> <span class='ocrx_word' id='word_1_22' title='bbox 1286 896 1326 938; x_wconf 86' lang='lat' dir='ltr'>ex</span> <span class='ocrx_word' id='word_1_23' title='bbox 1347 873 1455 939; x_wconf 86' lang='lat' dir='ltr'>Aratii</span> <span class='ocrx_word' id='word_1_24' title='bbox 1478 874 1629 939; x_wconf 78' lang='lat' dir='ltr'>carminis</span> 
     </span>
     <span class='ocr_line' id='line_1_4' title="bbox 395 981 1628 1068; baseline -0.002 -20"><span class='ocrx_word' id='word_1_25' title='bbox 395 983 606 1049; x_wconf 89' lang='lat' dir='ltr'>similitudine</span> <span class='ocrx_word' id='word_1_26' title='bbox 629 983 691 1049; x_wconf 91' lang='lat' dir='ltr'>sibi</span> <span class='ocrx_word' id='word_1_27' title='bbox 710 983 838 1050; x_wconf 89' lang='lat' dir='ltr'>dicendi</span> <span class='ocrx_word' id='word_1_28' title='bbox 855 982 1015 1068; x_wconf 89' lang='lat' dir='ltr'>principia</span> <span class='ocrx_word' id='word_1_29' title='bbox 1034 981 1189 1066; x_wconf 86' lang='lat' dir='ltr'>capienda</span> <span class='ocrx_word' id='word_1_30' title='bbox 1206 1002 1276 1046; x_wconf 87' lang='lat' dir='ltr'>esse</span> <span class='ocrx_word' id='word_1_31' title='bbox 1295 981 1334 1046; x_wconf 89' lang='lat' dir='ltr'>ab</span> <span class='ocrx_word' id='word_1_32' title='bbox 1354 1002 1392 1046; x_wconf 89' lang='lat' dir='ltr'>eo</span> <span class='ocrx_word' id='word_1_33' title='bbox 1413 1002 1508 1064; x_wconf 89' lang='lat' dir='ltr'>quem</span> <span class='ocrx_word' id='word_1_34' title='bbox 1527 1004 1628 1047; x_wconf 93' lang='lat' dir='ltr'>unum</span> 
     </span>
     <span class='ocr_line' id='line_1_5' title="bbox 395 1087 1628 1174; baseline -0.002 -18"><span class='ocrx_word' id='word_1_35' title='bbox 395 1090 539 1156; x_wconf 92' lang='lat' dir='ltr'>omnium</span> <span class='ocrx_word' id='word_1_36' title='bbox 561 1090 695 1156; x_wconf 89' lang='lat' dir='ltr'>deorum</span> <span class='ocrx_word' id='word_1_37' title='bbox 718 1094 751 1155; x_wconf 89' lang='lat' dir='ltr'>et</span> <span class='ocrx_word' id='word_1_38' title='bbox 772 1089 942 1155; x_wconf 89' lang='lat' dir='ltr'>hominum</span> <span class='ocrx_word' id='word_1_39' title='bbox 967 1109 1077 1174; x_wconf 89' lang='lat' dir='ltr'>regem</span> <span class='ocrx_word' id='word_1_40' title='bbox 1101 1109 1170 1152; x_wconf 90' lang='lat' dir='ltr'>esse</span> <span class='ocrx_word' id='word_1_41' title='bbox 1193 1109 1305 1152; x_wconf 90' lang='lat' dir='ltr'>omnes</span> <span class='ocrx_word' id='word_1_42' title='bbox 1333 1087 1419 1153; x_wconf 90' lang='lat' dir='ltr'>docti</span> <span class='ocrx_word' id='word_1_43' title='bbox 1442 1088 1628 1173; x_wconf 80' lang='lat' dir='ltr'>indoctique</span> 
     </span>
     <span class='ocr_line' id='line_1_6' title="bbox 394 1195 1629 1283; baseline -0.002 -20"><span class='ocrx_word' id='word_1_44' title='bbox 394 1199 606 1283; x_wconf 76' lang='lat' dir='ltr'>consentiant,</span> <span class='ocrx_word' id='word_1_45' title='bbox 623 1197 770 1262; x_wconf 83' lang='lat' dir='ltr'>videmus</span> <span class='ocrx_word' id='word_1_46' title='bbox 787 1196 933 1262; x_wconf 86' lang='lat' dir='ltr'>Laelium</span> <span class='ocrx_word' id='word_1_47' title='bbox 953 1218 1104 1280; x_wconf 85' lang='lat' dir='ltr'>quaerere</span> <span class='ocrx_word' id='word_1_48' title='bbox 1122 1195 1220 1278; x_wconf 76' lang='lat' dir='ltr'>qaid?</span> <span class='ocrx_word' id='word_1_49' title='bbox 1244 1195 1331 1279; x_wconf 89' lang='lat' dir='ltr'>quod</span> <span class='ocrx_word' id='word_1_50' title='bbox 1348 1215 1415 1260; x_wconf 93' lang='lat' dir='ltr'>non</span> <span class='ocrx_word' id='word_1_51' title='bbox 1433 1199 1541 1278; x_wconf 87' lang='lat' dir='ltr'>potest</span> <span class='ocrx_word' id='word_1_52' title='bbox 1559 1217 1629 1261; x_wconf 84' lang='lat' dir='ltr'>esse</span> 
     </span>
     <span class='ocr_line' id='line_1_7' title="bbox 394 1300 1629 1389; baseline -0.002 -19"><span class='ocrx_word' id='word_1_53' title='bbox 394 1303 458 1370; x_wconf 90' lang='lat' dir='ltr'>nisi</span> <span class='ocrx_word' id='word_1_54' title='bbox 481 1305 559 1388; x_wconf 90' lang='lat' dir='ltr'>qnid</span> <span class='ocrx_word' id='word_1_55' title='bbox 583 1306 627 1370; x_wconf 89' lang='lat' dir='ltr'>sit</span> <span class='ocrx_word' id='word_1_56' title='bbox 648 1304 682 1368; x_wconf 93' lang='lat' dir='ltr'>id</span> <span class='ocrx_word' id='word_1_57' title='bbox 705 1304 792 1389; x_wconf 91' lang='lat' dir='ltr'>quod</span> <span class='ocrx_word' id='word_1_58' title='bbox 815 1304 1030 1368; x_wconf 89' lang='lat' dir='ltr'>demonstrari</span> <span class='ocrx_word' id='word_1_59' title='bbox 1052 1303 1132 1367; x_wconf 86' lang='lat' dir='ltr'>velit</span> <span class='ocrx_word' id='word_1_60' title='bbox 1153 1303 1194 1367; x_wconf 90' lang='lat' dir='ltr'>iis</span> <span class='ocrx_word' id='word_1_61' title='bbox 1218 1323 1299 1386; x_wconf 88' lang='lat' dir='ltr'>quae</span> <span class='ocrx_word' id='word_1_62' title='bbox 1323 1300 1461 1367; x_wconf 81' lang='lat' dir='ltr'>dolove</span> <span class='ocrx_word' id='word_1_63' title='bbox 1484 1302 1629 1368; x_wconf 88' lang='lat' dir='ltr'>omnium</span> 
     </span>
     <span class='ocr_line' id='line_1_8' title="bbox 394 1409 1629 1496; baseline -0.002 -20"><span class='ocrx_word' id='word_1_64' title='bbox 394 1432 470 1496; x_wconf 88' lang='lat' dir='ltr'>rege</span> <span class='ocrx_word' id='word_1_65' title='bbox 498 1411 601 1495; x_wconf 88' lang='lat' dir='ltr'>deque</span> <span class='ocrx_word' id='word_1_66' title='bbox 628 1411 796 1476; x_wconf 91' lang='lat' dir='ltr'>hominum</span> <span class='ocrx_word' id='word_1_67' title='bbox 825 1431 985 1475; x_wconf 89' lang='lat' dir='ltr'>consensu</span> <span class='ocrx_word' id='word_1_68' title='bbox 1012 1409 1143 1494; x_wconf 85' lang='lat' dir='ltr'>dixerit,</span> <span class='ocrx_word' id='word_1_69' title='bbox 1170 1409 1263 1474; x_wconf 91' lang='lat' dir='ltr'>illum</span> <span class='ocrx_word' id='word_1_70' title='bbox 1291 1413 1398 1474; x_wconf 89' lang='lat' dir='ltr'>autem</span> <span class='ocrx_word' id='word_1_71' title='bbox 1426 1409 1629 1494; x_wconf 87' lang='lat' dir='ltr'>respondere,</span> 
     </span>
     <span class='ocr_line' id='line_1_9' title="bbox 394 1515 1628 1601; baseline 0 -20"><span class='ocrx_word' id='word_1_72' title='bbox 394 1518 478 1583; x_wconf 92' lang='lat' dir='ltr'>nihil</span> <span class='ocrx_word' id='word_1_73' title='bbox 496 1541 516 1582; x_wconf 91' lang='lat' dir='ltr'>a</span> <span class='ocrx_word' id='word_1_74' title='bbox 533 1540 567 1583; x_wconf 89' lang='lat' dir='ltr'>se</span> <span class='ocrx_word' id='word_1_75' title='bbox 590 1520 653 1582; x_wconf 89' lang='lat' dir='ltr'>nisi</span> <span class='ocrx_word' id='word_1_76' title='bbox 676 1518 763 1601; x_wconf 90' lang='lat' dir='ltr'>quod</span> <span class='ocrx_word' id='word_1_77' title='bbox 786 1516 830 1583; x_wconf 92' lang='lat' dir='ltr'>sit</span> <span class='ocrx_word' id='word_1_78' title='bbox 851 1521 926 1582; x_wconf 89' lang='lat' dir='ltr'>ante</span> <span class='ocrx_word' id='word_1_79' title='bbox 945 1515 1056 1582; x_wconf 90' lang='lat' dir='ltr'>oculos</span> <span class='ocrx_word' id='word_1_80' title='bbox 1079 1516 1335 1581; x_wconf 90' lang='lat' dir='ltr'>demonstratum</span> <span class='ocrx_word' id='word_1_81' title='bbox 1354 1516 1405 1600; x_wconf 92' lang='lat' dir='ltr'>iri,</span> <span class='ocrx_word' id='word_1_82' title='bbox 1427 1520 1461 1580; x_wconf 91' lang='lat' dir='ltr'>et</span> <span class='ocrx_word' id='word_1_83' title='bbox 1479 1517 1628 1601; x_wconf 84' lang='lat' dir='ltr'>deinceps</span> 
     </span>
     <span class='ocr_line' id='line_1_10' title="bbox 395 1622 1629 1709; baseline -0.002 -20"><span class='ocrx_word' id='word_1_84' title='bbox 395 1624 567 1708; x_wconf 88' lang='lat' dir='ltr'>explanare</span> <span class='ocrx_word' id='word_1_85' title='bbox 589 1624 729 1709; x_wconf 86' lang='lat' dir='ltr'>plenius,</span> <span class='ocrx_word' id='word_1_86' title='bbox 761 1624 838 1708; x_wconf 92' lang='lat' dir='ltr'>quid</span> <span class='ocrx_word' id='word_1_87' title='bbox 862 1626 1045 1708; x_wconf 86' lang='lat' dir='ltr'>exemplum</span> <span class='ocrx_word' id='word_1_88' title='bbox 1069 1623 1149 1688; x_wconf 92' lang='lat' dir='ltr'>illud</span> <span class='ocrx_word' id='word_1_89' title='bbox 1173 1646 1192 1688; x_wconf 93' lang='lat' dir='ltr'>a</span> <span class='ocrx_word' id='word_1_90' title='bbox 1216 1622 1291 1687; x_wconf 85' lang='lat' dir='ltr'>love</span> <span class='ocrx_word' id='word_1_91' title='bbox 1314 1623 1448 1689; x_wconf 91' lang='lat' dir='ltr'>deorum</span> <span class='ocrx_word' id='word_1_92' title='bbox 1472 1627 1504 1688; x_wconf 90' lang='lat' dir='ltr'>et</span> <span class='ocrx_word' id='word_1_93' title='bbox 1526 1622 1629 1688; x_wconf 92' lang='lat' dir='ltr'>homi·</span> 
     </span>
    </p>

    <p class='ocr_par' dir='ltr' id='par_1_3' title="bbox 355 1730 1651 2780">
     <span class='ocr_line' id='line_1_11' title="bbox 355 1730 1628 1818; baseline -0.002 -19"><span class='ocrx_word' id='word_1_94' title='bbox 355 1753 473 1799; x_wconf 85' lang='lat' dir='ltr'>1onum</span> <span class='ocrx_word' id='word_1_95' title='bbox 496 1732 640 1796; x_wconf 91' lang='lat' dir='ltr'>omnium</span> <span class='ocrx_word' id='word_1_96' title='bbox 663 1752 739 1818; x_wconf 91' lang='lat' dir='ltr'>rege</span> <span class='ocrx_word' id='word_1_97' title='bbox 760 1731 898 1816; x_wconf 88' lang='lat' dir='ltr'>petitum</span> <span class='ocrx_word' id='word_1_98' title='bbox 917 1730 1024 1796; x_wconf 86' lang='lat' dir='ltr'>valeat</span> <span class='ocrx_word' id='word_1_99' title='bbox 1041 1731 1076 1794; x_wconf 90' lang='lat' dir='ltr'>in</span> <span class='ocrx_word' id='word_1_100' title='bbox 1094 1752 1144 1794; x_wconf 89' lang='lat' dir='ltr'>res</span> <span class='ocrx_word' id='word_1_101' title='bbox 1164 1732 1331 1795; x_wconf 83' lang='lat' dir='ltr'>terrestres</span> <span class='ocrx_word' id='word_1_102' title='bbox 1351 1734 1384 1795; x_wconf 90' lang='lat' dir='ltr'>et</span> <span class='ocrx_word' id='word_1_103' title='bbox 1401 1730 1628 1796; x_wconf 87' lang='lat' dir='ltr'>dominationis</span> 
     </span>
     <span class='ocr_line' id='line_1_12' title="bbox 394 1835 1629 1925; baseline -0.002 -23"><span class='ocrx_word' id='word_1_104' title='bbox 394 1859 497 1925; x_wconf 87' lang='lat' dir='ltr'>genus</span> <span class='ocrx_word' id='word_1_105' title='bbox 516 1837 603 1921; x_wconf 90' lang='lat' dir='ltr'>quod</span> <span class='ocrx_word' id='word_1_106' title='bbox 621 1839 661 1903; x_wconf 92' lang='lat' dir='ltr'>iis</span> <span class='ocrx_word' id='word_1_107' title='bbox 680 1839 820 1903; x_wconf 84' lang='lat' dir='ltr'>maxime</span> <span class='ocrx_word' id='word_1_108' title='bbox 837 1839 881 1902; x_wconf 90' lang='lat' dir='ltr'>sit</span> <span class='ocrx_word' id='word_1_109' title='bbox 899 1837 1101 1904; x_wconf 84' lang='lat' dir='ltr'>conveniens.</span> <span class='ocrx_word' id='word_1_110' title='bbox 1131 1835 1254 1912; x_wconf 86' lang='lat' dir='ltr'>Quodsi</span> <span class='ocrx_word' id='word_1_111' title='bbox 1267 1838 1314 1901; x_wconf 91' lang='lat' dir='ltr'>ita</span> <span class='ocrx_word' id='word_1_112' title='bbox 1328 1858 1455 1902; x_wconf 88' lang='lat' dir='ltr'>cursum</span> <span class='ocrx_word' id='word_1_113' title='bbox 1472 1838 1629 1902; x_wconf 86' lang='lat' dir='ltr'>sermonis</span> 
     </span>
     <span class='ocr_line' id='line_1_13' title="bbox 394 1942 1629 2030; baseline -0.002 -21"><span class='ocrx_word' id='word_1_114' title='bbox 394 1947 481 2010; x_wconf 86' lang='lat' dir='ltr'>recte</span> <span class='ocrx_word' id='word_1_115' title='bbox 500 1945 736 2030; x_wconf 88' lang='lat' dir='ltr'>descripsimus,</span> <span class='ocrx_word' id='word_1_116' title='bbox 754 1967 821 2010; x_wconf 90' lang='lat' dir='ltr'>non</span> <span class='ocrx_word' id='word_1_117' title='bbox 838 1948 947 2030; x_wconf 89' lang='lat' dir='ltr'>potest</span> <span class='ocrx_word' id='word_1_118' title='bbox 965 1944 1099 2010; x_wconf 90' lang='lat' dir='ltr'>dubium</span> <span class='ocrx_word' id='word_1_119' title='bbox 1118 1965 1187 2010; x_wconf 90' lang='lat' dir='ltr'>esse</span> <span class='ocrx_word' id='word_1_120' title='bbox 1207 1944 1286 2027; x_wconf 90' lang='lat' dir='ltr'>quid</span> <span class='ocrx_word' id='word_1_121' title='bbox 1299 1942 1429 2009; x_wconf 86' lang='lat' dir='ltr'>Laelius</span> <span class='ocrx_word' id='word_1_122' title='bbox 1449 1945 1629 2027; x_wconf 85' lang='lat' dir='ltr'>quaesierit,</span> 
     </span>
     <span class='ocr_line' id='line_1_14' title="bbox 395 2051 1630 2137; baseline -0.001 -20"><span class='ocrx_word' id='word_1_123' title='bbox 395 2052 451 2117; x_wconf 92' lang='lat' dir='ltr'>sed</span> <span class='ocrx_word' id='word_1_124' title='bbox 473 2051 571 2116; x_wconf 92' lang='lat' dir='ltr'>simul</span> <span class='ocrx_word' id='word_1_125' title='bbox 593 2052 790 2137; x_wconf 87' lang='lat' dir='ltr'>patefactum</span> <span class='ocrx_word' id='word_1_126' title='bbox 813 2055 871 2136; x_wconf 90' lang='lat' dir='ltr'>est,</span> <span class='ocrx_word' id='word_1_127' title='bbox 894 2053 1071 2117; x_wconf 88' lang='lat' dir='ltr'>sententiae</span> <span class='ocrx_word' id='word_1_128' title='bbox 1095 2052 1163 2116; x_wconf 89' lang='lat' dir='ltr'>eius</span> <span class='ocrx_word' id='word_1_129' title='bbox 1187 2073 1311 2116; x_wconf 88' lang='lat' dir='ltr'>merum</span> <span class='ocrx_word' id='word_1_130' title='bbox 1334 2053 1418 2134; x_wconf 79' lang='lat' dir='ltr'>quid,</span> <span class='ocrx_word' id='word_1_131' title='bbox 1442 2052 1529 2134; x_wconf 93' lang='lat' dir='ltr'>quod</span> <span class='ocrx_word' id='word_1_132' title='bbox 1547 2052 1630 2116; x_wconf 89' lang='lat' dir='ltr'>nihil</span> 
     </span>
     <span class='ocr_line' id='line_1_15' title="bbox 394 2156 1629 2244; baseline -0.001 -21"><span class='ocrx_word' id='word_1_133' title='bbox 394 2159 493 2224; x_wconf 86' lang='lat' dir='ltr'>habet</span> <span class='ocrx_word' id='word_1_134' title='bbox 513 2180 577 2243; x_wconf 87' lang='lat' dir='ltr'>quo</span> <span class='ocrx_word' id='word_1_135' title='bbox 596 2159 729 2244; x_wconf 85' lang='lat' dir='ltr'>nitatur,</span> <span class='ocrx_word' id='word_1_136' title='bbox 747 2159 932 2224; x_wconf 87' lang='lat' dir='ltr'>satisfacere</span> <span class='ocrx_word' id='word_1_137' title='bbox 950 2181 1016 2224; x_wconf 90' lang='lat' dir='ltr'>nou</span> <span class='ocrx_word' id='word_1_138' title='bbox 1034 2179 1136 2242; x_wconf 89' lang='lat' dir='ltr'>posse.</span> <span class='ocrx_word' id='word_1_139' title='bbox 1170 2156 1386 2234; x_wconf 81' lang='lat' dir='ltr'>Quamobrem</span> <span class='ocrx_word' id='word_1_140' title='bbox 1406 2159 1453 2225; x_wconf 87' lang='lat' dir='ltr'>sic</span> <span class='ocrx_word' id='word_1_141' title='bbox 1471 2161 1629 2224; x_wconf 88' lang='lat' dir='ltr'>rationem</span> 
     </span>
     <span class='ocr_line' id='line_1_16' title="bbox 396 2266 1631 2352; baseline -0.001 -21"><span class='ocrx_word' id='word_1_142' title='bbox 396 2266 627 2350; x_wconf 88' lang='lat' dir='ltr'>concludimus,</span> <span class='ocrx_word' id='word_1_143' title='bbox 650 2266 735 2331; x_wconf 89' lang='lat' dir='ltr'>hanc</span> <span class='ocrx_word' id='word_1_144' title='bbox 757 2266 1043 2352; x_wconf 81' lang='lat' dir='ltr'>interrogationem</span> <span class='ocrx_word' id='word_1_145' title='bbox 1066 2287 1213 2330; x_wconf 88' lang='lat' dir='ltr'>mancam</span> <span class='ocrx_word' id='word_1_146' title='bbox 1237 2286 1305 2330; x_wconf 83' lang='lat' dir='ltr'>esse</span> <span class='ocrx_word' id='word_1_147' title='bbox 1327 2287 1388 2331; x_wconf 90' lang='lat' dir='ltr'>nec</span> <span class='ocrx_word' id='word_1_148' title='bbox 1410 2267 1631 2352; x_wconf 80' lang='lat' dir='ltr'>integritatem</span> 
     </span>
     <span class='ocr_line' id='line_1_17' title="bbox 395 2371 1628 2458; baseline 0.001 -21"><span class='ocrx_word' id='word_1_149' title='bbox 395 2373 464 2440; x_wconf 91' lang='lat' dir='ltr'>eius</span> <span class='ocrx_word' id='word_1_150' title='bbox 487 2374 551 2438; x_wconf 91' lang='lat' dir='ltr'>nisi</span> <span class='ocrx_word' id='word_1_151' title='bbox 574 2373 791 2437; x_wconf 88' lang='lat' dir='ltr'>additamento</span> <span class='ocrx_word' id='word_1_152' title='bbox 810 2372 896 2438; x_wconf 87' lang='lat' dir='ltr'>facto</span> <span class='ocrx_word' id='word_1_153' title='bbox 916 2377 1071 2437; x_wconf 88' lang='lat' dir='ltr'>constare.</span> <span class='ocrx_word' id='word_1_154' title='bbox 1108 2371 1264 2437; x_wconf 86' lang='lat' dir='ltr'>Putamus</span> <span class='ocrx_word' id='word_1_155' title='bbox 1283 2376 1391 2438; x_wconf 90' lang='lat' dir='ltr'>autem</span> <span class='ocrx_word' id='word_1_156' title='bbox 1409 2374 1455 2437; x_wconf 87' lang='lat' dir='ltr'>sic</span> <span class='ocrx_word' id='word_1_157' title='bbox 1474 2374 1628 2458; x_wconf 86' lang='lat' dir='ltr'>scriptum</span> 
     </span>
     <span class='ocr_line' id='line_1_18' title="bbox 395 2478 1628 2564; baseline 0.002 -21"><span class='ocrx_word' id='word_1_158' title='bbox 395 2479 507 2544; x_wconf 86' lang='lat' dir='ltr'>fuisse:</span> <span class='ocrx_word' id='word_1_159' title='bbox 535 2480 627 2561; x_wconf 81' lang='lat' dir='ltr'>Quid,</span> <span class='ocrx_word' id='word_1_160' title='bbox 650 2481 754 2562; x_wconf 78' lang='lat' dir='ltr'>inquit</span> <span class='ocrx_word' id='word_1_161' title='bbox 776 2479 914 2559; x_wconf 81' lang='lat' dir='ltr'>Laelios,</span> <span class='ocrx_word' id='word_1_162' title='bbox 939 2478 992 2563; x_wconf 90' lang='lat' dir='ltr'>[iis</span> <span class='ocrx_word' id='word_1_163' title='bbox 1016 2479 1101 2542; x_wconf 83' lang='lat' dir='ltr'>effici</span> <span class='ocrx_word' id='word_1_164' title='bbox 1124 2479 1222 2564; x_wconf 79' lang='lat' dir='ltr'>uis?].</span> <span class='ocrx_word' id='word_1_165' title='bbox 1260 2478 1349 2556; x_wconf 86' lang='lat' dir='ltr'>Quae</span> <span class='ocrx_word' id='word_1_166' title='bbox 1368 2484 1405 2545; x_wconf 88' lang='lat' dir='ltr'>ut</span> <span class='ocrx_word' id='word_1_167' title='bbox 1421 2479 1544 2545; x_wconf 88' lang='lat' dir='ltr'>habent</span> <span class='ocrx_word' id='word_1_168' title='bbox 1561 2502 1628 2546; x_wconf 88' lang='lat' dir='ltr'>eam</span> 
     </span>
     <span class='ocr_line' id='line_1_19' title="bbox 395 2585 1651 2671; baseline 0.001 -21"><span class='ocrx_word' id='word_1_169' title='bbox 395 2608 492 2670; x_wconf 86' lang='lat' dir='ltr'>quam</span> <span class='ocrx_word' id='word_1_170' title='bbox 510 2585 630 2670; x_wconf 87' lang='lat' dir='ltr'>requiri</span> <span class='ocrx_word' id='word_1_171' title='bbox 648 2585 856 2670; x_wconf 85' lang='lat' dir='ltr'>probavimus</span> <span class='ocrx_word' id='word_1_172' title='bbox 875 2585 1076 2670; x_wconf 88' lang='lat' dir='ltr'>sententiam,</span> <span class='ocrx_word' id='word_1_173' title='bbox 1095 2585 1141 2649; x_wconf 87' lang='lat' dir='ltr'>ita</span> <span class='ocrx_word' id='word_1_174' title='bbox 1160 2607 1225 2670; x_wconf 93' lang='lat' dir='ltr'>quo</span> <span class='ocrx_word' id='word_1_175' title='bbox 1243 2590 1339 2671; x_wconf 88' lang='lat' dir='ltr'>pacto</span> <span class='ocrx_word' id='word_1_176' title='bbox 1356 2587 1475 2652; x_wconf 90' lang='lat' dir='ltr'>ineam</span> <span class='ocrx_word' id='word_1_177' title='bbox 1493 2586 1651 2670; x_wconf 80' lang='lat' dir='ltr'>formam¹</span> 
     </span>
     <span class='ocr_line' id='line_1_20' title="bbox 395 2691 1569 2780; baseline 0.001 -23"><span class='ocrx_word' id='word_1_178' title='bbox 395 2693 535 2757; x_wconf 87' lang='lat' dir='ltr'>abierint</span> <span class='ocrx_word' id='word_1_179' title='bbox 557 2713 652 2775; x_wconf 89' lang='lat' dir='ltr'>quam</span> <span class='ocrx_word' id='word_1_180' title='bbox 677 2692 818 2776; x_wconf 90' lang='lat' dir='ltr'>scriptus</span> <span class='ocrx_word' id='word_1_181' title='bbox 841 2691 923 2757; x_wconf 89' lang='lat' dir='ltr'>liber</span> <span class='ocrx_word' id='word_1_182' title='bbox 946 2691 1085 2776; x_wconf 84' lang='lat' dir='ltr'>exbibet,</span> <span class='ocrx_word' id='word_1_183' title='bbox 1109 2715 1174 2758; x_wconf 91' lang='lat' dir='ltr'>non</span> <span class='ocrx_word' id='word_1_184' title='bbox 1198 2692 1330 2758; x_wconf 87' lang='lat' dir='ltr'>difficile</span> <span class='ocrx_word' id='word_1_185' title='bbox 1354 2696 1569 2780; x_wconf 87' lang='lat' dir='ltr'>cognoscitur.</span> 
     </span>
    </p>

    <p class='ocr_par' dir='ltr' id='par_1_4' title="bbox 354 2798 1668 3849">
     <span class='ocr_line' id='line_1_21' title="bbox 354 2798 1630 2887; baseline 0.001 -21"><span class='ocrx_word' id='word_1_186' title='bbox 354 2824 381 2866; x_wconf 79' lang='lat' dir='ltr'>ro</span> <span class='ocrx_word' id='word_1_187' title='bbox 484 2798 595 2865; x_wconf 90' lang='lat' dir='ltr'>Unum</span> <span class='ocrx_word' id='word_1_188' title='bbox 623 2802 724 2864; x_wconf 87' lang='lat' dir='ltr'>restat</span> <span class='ocrx_word' id='word_1_189' title='bbox 747 2798 835 2885; x_wconf 89' lang='lat' dir='ltr'>quod</span> <span class='ocrx_word' id='word_1_190' title='bbox 857 2801 892 2865; x_wconf 93' lang='lat' dir='ltr'>in</span> <span class='ocrx_word' id='word_1_191' title='bbox 913 2799 1001 2865; x_wconf 89' lang='lat' dir='ltr'>hunc</span> <span class='ocrx_word' id='word_1_192' title='bbox 1022 2799 1130 2867; x_wconf 90' lang='lat' dir='ltr'>locum</span> <span class='ocrx_word' id='word_1_193' title='bbox 1154 2801 1268 2866; x_wconf 90' lang='lat' dir='ltr'>ethos</span> <span class='ocrx_word' id='word_1_194' title='bbox 1291 2799 1393 2868; x_wconf 90' lang='lat' dir='ltr'>libros</span> <span class='ocrx_word' id='word_1_195' title='bbox 1421 2801 1519 2867; x_wconf 88' lang='lat' dir='ltr'>delati</span> <span class='ocrx_word' id='word_1_196' title='bbox 1541 2822 1630 2887; x_wconf 89' lang='lat' dir='ltr'>prae·</span> 
     </span>
     <span class='ocr_line' id='line_1_22' title="bbox 394 2906 1630 2994; baseline 0.002 -23"><span class='ocrx_word' id='word_1_197' title='bbox 394 2908 491 2973; x_wconf 86' lang='lat' dir='ltr'>terire</span> <span class='ocrx_word' id='word_1_198' title='bbox 518 2906 677 2972; x_wconf 90' lang='lat' dir='ltr'>nolumus.</span> <span class='ocrx_word' id='word_1_199' title='bbox 723 2906 873 2972; x_wconf 86' lang='lat' dir='ltr'>Halmius</span> <span class='ocrx_word' id='word_1_200' title='bbox 901 2908 1001 2992; x_wconf 91' lang='lat' dir='ltr'>enim,</span> <span class='ocrx_word' id='word_1_201' title='bbox 1029 2909 1063 2973; x_wconf 92' lang='lat' dir='ltr'>id</span> <span class='ocrx_word' id='word_1_202' title='bbox 1086 2909 1172 2993; x_wconf 92' lang='lat' dir='ltr'>quod</span> <span class='ocrx_word' id='word_1_203' title='bbox 1199 2909 1393 2974; x_wconf 90' lang='lat' dir='ltr'>retinuimus</span> <span class='ocrx_word' id='word_1_204' title='bbox 1415 2910 1450 2973; x_wconf 91' lang='lat' dir='ltr'>in</span> <span class='ocrx_word' id='word_1_205' title='bbox 1473 2931 1510 2975; x_wconf 91' lang='lat' dir='ltr'>ea</span> <span class='ocrx_word' id='word_1_206' title='bbox 1532 2910 1630 2994; x_wconf 85' lang='lat' dir='ltr'>parti-</span> 
     </span>
     <span class='ocr_line' id='line_1_23' title="bbox 395 3012 1630 3100; baseline 0.002 -22"><span class='ocrx_word' id='word_1_207' title='bbox 395 3012 468 3079; x_wconf 88' lang='lat' dir='ltr'>cula</span> <span class='ocrx_word' id='word_1_208' title='bbox 486 3035 583 3097; x_wconf 87' lang='lat' dir='ltr'>qnam</span> <span class='ocrx_word' id='word_1_209' title='bbox 597 3012 673 3077; x_wconf 91' lang='lat' dir='ltr'>huic</span> <span class='ocrx_word' id='word_1_210' title='bbox 687 3013 901 3099; x_wconf 87' lang='lat' dir='ltr'>disputationi</span> <span class='ocrx_word' id='word_1_211' title='bbox 920 3016 1194 3100; x_wconf 87' lang='lat' dir='ltr'>praescripsimus,</span> <span class='ocrx_word' id='word_1_212' title='bbox 1212 3015 1481 3083; x_wconf 89' lang='lat' dir='ltr'>interlocutorum</span> <span class='ocrx_word' id='word_1_213' title='bbox 1498 3016 1630 3081; x_wconf 92' lang='lat' dir='ltr'>nomina</span> 
     </span>
     <span class='ocr_line' id='line_1_24' title="bbox 394 3120 1628 3209; baseline 0.002 -24"><span class='ocrx_word' id='word_1_214' title='bbox 394 3121 552 3186; x_wconf 89' lang='lat' dir='ltr'>sermonis</span> <span class='ocrx_word' id='word_1_215' title='bbox 583 3121 751 3186; x_wconf 87' lang='lat' dir='ltr'>commatis</span> <span class='ocrx_word' id='word_1_216' title='bbox 783 3122 1019 3204; x_wconf 87' lang='lat' dir='ltr'>praemittenda</span> <span class='ocrx_word' id='word_1_217' title='bbox 1051 3124 1183 3188; x_wconf 82' lang='lat' dir='ltr'>curavit.</span> <span class='ocrx_word' id='word_1_218' title='bbox 1234 3121 1322 3199; x_wconf 88' lang='lat' dir='ltr'>Quae</span> <span class='ocrx_word' id='word_1_219' title='bbox 1355 3144 1406 3188; x_wconf 90' lang='lat' dir='ltr'>res</span> <span class='ocrx_word' id='word_1_220' title='bbox 1434 3120 1473 3188; x_wconf 92' lang='lat' dir='ltr'>ab</span> <span class='ocrx_word' id='word_1_221' title='bbox 1501 3122 1628 3209; x_wconf 82' lang='lat' dir='ltr'>Angelo</span> 
     </span>
     <span class='ocr_line' id='line_1_25' title="bbox 393 3226 1668 3316; baseline 0.002 -24"><span class='ocrx_word' id='word_1_222' title='bbox 393 3226 481 3293; x_wconf 86' lang='lat' dir='ltr'>Maio</span> <span class='ocrx_word' id='word_1_223' title='bbox 513 3227 549 3291; x_wconf 91' lang='lat' dir='ltr'>in</span> <span class='ocrx_word' id='word_1_224' title='bbox 580 3227 721 3292; x_wconf 89' lang='lat' dir='ltr'>editione</span> <span class='ocrx_word' id='word_1_225' title='bbox 753 3228 899 3314; x_wconf 88' lang='lat' dir='ltr'>principe</span> <span class='ocrx_word' id='word_1_226' title='bbox 926 3230 1077 3294; x_wconf 89' lang='lat' dir='ltr'>instituta</span> <span class='ocrx_word' id='word_1_227' title='bbox 1109 3230 1185 3313; x_wconf 87' lang='lat' dir='ltr'>quia</span> <span class='ocrx_word' id='word_1_228' title='bbox 1212 3230 1351 3295; x_wconf 91' lang='lat' dir='ltr'>absurda</span> <span class='ocrx_word' id='word_1_229' title='bbox 1377 3235 1427 3295; x_wconf 90' lang='lat' dir='ltr'>est</span> <span class='ocrx_word' id='word_1_230' title='bbox 1453 3230 1631 3316; x_wconf 90' lang='lat' dir='ltr'>permansit</span> <span class='ocrx_word' id='word_1_231' title='bbox 1661 3276 1668 3285; x_wconf 67' lang='grc'><strong><em>.</em></strong></span> 
     </span>
     <span class='ocr_line' id='line_1_26' title="bbox 393 3334 1630 3421; baseline 0 -22"><span class='ocrx_word' id='word_1_232' title='bbox 393 3356 497 3419; x_wconf 88' lang='lat' dir='ltr'>usqne</span> <span class='ocrx_word' id='word_1_233' title='bbox 520 3340 559 3399; x_wconf 87' lang='lat' dir='ltr'>ad</span> <span class='ocrx_word' id='word_1_234' title='bbox 581 3334 790 3400; x_wconf 83' lang='lat' dir='ltr'>novissimam</span> <span class='ocrx_word' id='word_1_235' title='bbox 812 3335 859 3401; x_wconf 89' lang='lat' dir='ltr'>rei</span> <span class='ocrx_word' id='word_1_236' title='bbox 882 3335 1032 3421; x_wconf 87' lang='lat' dir='ltr'>publicae</span> <span class='ocrx_word' id='word_1_237' title='bbox 1055 3335 1222 3401; x_wconf 80' lang='lat' dir='ltr'>Tullianae</span> <span class='ocrx_word' id='word_1_238' title='bbox 1245 3336 1419 3403; x_wconf 89' lang='lat' dir='ltr'>editionem</span> <span class='ocrx_word' id='word_1_239' title='bbox 1438 3337 1630 3402; x_wconf 83' lang='lat' dir='ltr'>Teubneria·</span> 
     </span>
     <span class='ocr_line' id='line_1_27' title="bbox 393 3440 1631 3528; baseline 0 -23"><span class='ocrx_word' id='word_1_240' title='bbox 393 3462 477 3505; x_wconf 87' lang='lat' dir='ltr'>nam.</span> <span class='ocrx_word' id='word_1_241' title='bbox 531 3440 621 3506; x_wconf 85' lang='lat' dir='ltr'>Adeo</span> <span class='ocrx_word' id='word_1_242' title='bbox 657 3463 724 3506; x_wconf 93' lang='lat' dir='ltr'>non</span> <span class='ocrx_word' id='word_1_243' title='bbox 759 3442 989 3508; x_wconf 83' lang='lat' dir='ltr'>intellexerunt</span> <span class='ocrx_word' id='word_1_244' title='bbox 1021 3444 1289 3527; x_wconf 86' lang='lat' dir='ltr'>compositionem</span> <span class='ocrx_word' id='word_1_245' title='bbox 1322 3446 1428 3528; x_wconf 89' lang='lat' dir='ltr'>operis</span> <span class='ocrx_word' id='word_1_246' title='bbox 1460 3465 1520 3509; x_wconf 87' lang='lat' dir='ltr'>nec</span> <span class='ocrx_word' id='word_1_247' title='bbox 1552 3441 1631 3527; x_wconf 89' lang='lat' dir='ltr'>quid</span> 
     </span>
     <span class='ocr_line' id='line_1_28' title="bbox 395 3547 1629 3635; baseline 0.003 -24"><span class='ocrx_word' id='word_1_248' title='bbox 395 3547 523 3612; x_wconf 89' lang='lat' dir='ltr'>intersit</span> <span class='ocrx_word' id='word_1_249' title='bbox 551 3548 635 3612; x_wconf 86' lang='lat' dir='ltr'>inter</span> <span class='ocrx_word' id='word_1_250' title='bbox 662 3570 842 3615; x_wconf 89' lang='lat' dir='ltr'>sermonem</span> <span class='ocrx_word' id='word_1_251' title='bbox 870 3550 926 3632; x_wconf 91' lang='lat' dir='ltr'>qui</span> <span class='ocrx_word' id='word_1_252' title='bbox 952 3550 1111 3613; x_wconf 90' lang='lat' dir='ltr'>narrando</span> <span class='ocrx_word' id='word_1_253' title='bbox 1139 3551 1319 3635; x_wconf 83' lang='lat' dir='ltr'>explicatur</span> <span class='ocrx_word' id='word_1_254' title='bbox 1347 3554 1380 3615; x_wconf 87' lang='lat' dir='ltr'>et</span> <span class='ocrx_word' id='word_1_255' title='bbox 1406 3572 1479 3615; x_wconf 91' lang='lat' dir='ltr'>eum</span> <span class='ocrx_word' id='word_1_256' title='bbox 1507 3550 1542 3615; x_wconf 92' lang='lat' dir='ltr'>in</span> <span class='ocrx_word' id='word_1_257' title='bbox 1566 3571 1629 3634; x_wconf 91' lang='lat' dir='ltr'>quo</span> 
     </span>
     <span class='ocr_line' id='line_1_29' title="bbox 394 3655 1630 3743; baseline 0.002 -25"><span class='ocrx_word' id='word_1_258' title='bbox 394 3655 522 3719; x_wconf 74' lang='lat' dir='ltr'>fabriles</span> <span class='ocrx_word' id='word_1_259' title='bbox 553 3656 655 3721; x_wconf 90' lang='lat' dir='ltr'>instar</span> <span class='ocrx_word' id='word_1_260' title='bbox 687 3677 844 3741; x_wconf 86' lang='lat' dir='ltr'>personae</span> <span class='ocrx_word' id='word_1_261' title='bbox 875 3657 1045 3741; x_wconf 88' lang='lat' dir='ltr'>loquentes</span> <span class='ocrx_word' id='word_1_262' title='bbox 1077 3656 1281 3722; x_wconf 90' lang='lat' dir='ltr'>inducuntur.</span> <span class='ocrx_word' id='word_1_263' title='bbox 1333 3656 1427 3734; x_wconf 90' lang='lat' dir='ltr'>Quod</span> <span class='ocrx_word' id='word_1_264' title='bbox 1457 3679 1494 3722; x_wconf 90' lang='lat' dir='ltr'>ec</span> <span class='ocrx_word' id='word_1_265' title='bbox 1525 3656 1630 3743; x_wconf 86' lang='lat' dir='ltr'>magis</span> 
     </span>
     <span class='ocr_line' id='line_1_30' title="bbox 394 3760 1629 3849; baseline 0.002 -23"><span class='ocrx_word' id='word_1_266' title='bbox 394 3760 513 3827; x_wconf 89' lang='lat' dir='ltr'>mirum</span> <span class='ocrx_word' id='word_1_267' title='bbox 536 3766 598 3847; x_wconf 90' lang='lat' dir='ltr'>est,</span> <span class='ocrx_word' id='word_1_268' title='bbox 628 3764 705 3847; x_wconf 91' lang='lat' dir='ltr'>quia</span> <span class='ocrx_word' id='word_1_269' title='bbox 727 3762 839 3828; x_wconf 90' lang='lat' dir='ltr'>multis</span> <span class='ocrx_word' id='word_1_270' title='bbox 861 3763 942 3828; x_wconf 91' lang='lat' dir='ltr'>locis</span> <span class='ocrx_word' id='word_1_271' title='bbox 964 3784 1006 3828; x_wconf 92' lang='lat' dir='ltr'>ne</span> <span class='ocrx_word' id='word_1_272' title='bbox 1028 3785 1124 3847; x_wconf 90' lang='lat' dir='ltr'>posse</span> <span class='ocrx_word' id='word_1_273' title='bbox 1148 3764 1278 3849; x_wconf 91' lang='lat' dir='ltr'>quidem</span> <span class='ocrx_word' id='word_1_274' title='bbox 1302 3786 1513 3849; x_wconf 89' lang='lat' dir='ltr'>personarum</span> <span class='ocrx_word' id='word_1_275' title='bbox 1536 3768 1629 3828; x_wconf 89' lang='lat' dir='ltr'>notas</span> 
     </span>
    </p>

    <p class='ocr_par' dir='ltr' id='par_1_5' title="bbox 354 3868 1632 4064">
     <span class='ocr_line' id='line_1_31' title="bbox 354 3868 1630 3957; baseline 0 -22"><span class='ocrx_word' id='word_1_276' title='bbox 354 3893 381 3935; x_wconf 84' lang='lat' dir='ltr'>so</span> <span class='ocrx_word' id='word_1_277' title='bbox 395 3868 557 3953; x_wconf 88' lang='lat' dir='ltr'>interponi</span> <span class='ocrx_word' id='word_1_278' title='bbox 579 3874 647 3935; x_wconf 87' lang='lat' dir='ltr'>tam</span> <span class='ocrx_word' id='word_1_279' title='bbox 670 3873 817 3954; x_wconf 88' lang='lat' dir='ltr'>apertum</span> <span class='ocrx_word' id='word_1_280' title='bbox 841 3872 949 3936; x_wconf 87' lang='lat' dir='ltr'>estut</span> <span class='ocrx_word' id='word_1_281' title='bbox 972 3871 1132 3936; x_wconf 90' lang='lat' dir='ltr'>neminem</span> <span class='ocrx_word' id='word_1_282' title='bbox 1156 3873 1330 3956; x_wconf 86' lang='lat' dir='ltr'>praeterire</span> <span class='ocrx_word' id='word_1_283' title='bbox 1349 3876 1459 3957; x_wconf 81' lang='lat' dir='ltr'>queat3</span> <span class='ocrx_word' id='word_1_284' title='bbox 1482 3875 1514 3937; x_wconf 88' lang='lat' dir='ltr'>et</span> <span class='ocrx_word' id='word_1_285' title='bbox 1532 3871 1630 3936; x_wconf 87' lang='lat' dir='ltr'>Hein-</span> 
     </span>
     <span class='ocr_line' id='line_1_32' title="bbox 395 3973 1632 4064; baseline 0.004 -24"><span class='ocrx_word' id='word_1_286' title='bbox 395 3974 517 4041; x_wconf 88' lang='lat' dir='ltr'>richius</span> <span class='ocrx_word' id='word_1_287' title='bbox 537 3973 581 4062; x_wconf 89' lang='lat' dir='ltr'>(p.</span> <span class='ocrx_word' id='word_1_288' title='bbox 600 3974 677 4064; x_wconf 87' lang='lat'>188)</span> <span class='ocrx_word' id='word_1_289' title='bbox 701 3978 758 4061; x_wconf 91' lang='lat' dir='ltr'>qui</span> <span class='ocrx_word' id='word_1_290' title='bbox 780 3976 844 4041; x_wconf 87' lang='lat' dir='ltr'>hoe</span> <span class='ocrx_word' id='word_1_291' title='bbox 866 3976 938 4062; x_wconf 89' lang='lat' dir='ltr'>ipso</span> <span class='ocrx_word' id='word_1_292' title='bbox 960 3976 1033 4043; x_wconf 89' lang='lat' dir='ltr'>loco</span> <span class='ocrx_word' id='word_1_293' title='bbox 1057 3982 1131 4043; x_wconf 89' lang='lat' dir='ltr'>ante</span> <span class='ocrx_word' id='word_1_294' title='bbox 1150 3979 1304 4044; x_wconf 74' lang='lat' dir='ltr'>Imitabor</span> <span class='ocrx_word' id='word_1_295' title='bbox 1322 3984 1355 4045; x_wconf 89' lang='lat' dir='ltr'>et</span> <span class='ocrx_word' id='word_1_296' title='bbox 1377 3984 1451 4044; x_wconf 88' lang='lat' dir='ltr'>ante</span> <span class='ocrx_word' id='word_1_297' title='bbox 1474 3980 1539 4061; x_wconf 82' lang='lat' dir='ltr'>Quo</span> <span class='ocrx_word' id='word_1_298' title='bbox 1558 3979 1632 4045; x_wconf 85' lang='lat' dir='ltr'>Iove</span> 
     </span>
    </p>
   </div>
   <div class='ocr_carea' id='block_1_3' title="bbox 394 4082 1680 4491">
    <p class='ocr_par' dir='ltr' id='par_1_6' title="bbox 394 4082 1680 4491">
     <span class='ocr_line' id='line_1_33' title="bbox 396 4082 1630 4171; baseline 0.003 -24"><span class='ocrx_word' id='word_1_299' title='bbox 396 4082 495 4168; x_wconf 91' lang='lat' dir='ltr'>siglas</span> <span class='ocrx_word' id='word_1_300' title='bbox 519 4103 599 4165; x_wconf 90' lang='lat' dir='ltr'>quas</span> <span class='ocrx_word' id='word_1_301' title='bbox 622 4082 702 4148; x_wconf 90' lang='lat' dir='ltr'>dicit</span> <span class='ocrx_word' id='word_1_302' title='bbox 723 4084 890 4148; x_wconf 92' lang='lat' dir='ltr'>nominum</span> <span class='ocrx_word' id='word_1_303' title='bbox 914 4083 1025 4149; x_wconf 90' lang='lat' dir='ltr'>abesse</span> <span class='ocrx_word' id='word_1_304' title='bbox 1047 4084 1166 4169; x_wconf 90' lang='lat' dir='ltr'>noluit,</span> <span class='ocrx_word' id='word_1_305' title='bbox 1197 4085 1318 4171; x_wconf 86' lang='lat' dir='ltr'>grande</span> <span class='ocrx_word' id='word_1_306' title='bbox 1342 4086 1465 4171; x_wconf 89' lang='lat' dir='ltr'>aliquid</span> <span class='ocrx_word' id='word_1_307' title='bbox 1488 4086 1630 4152; x_wconf 86' lang='lat' dir='ltr'>effecisse</span> 
     </span>
     <span class='ocr_line' id='line_1_34' title="bbox 396 4188 1630 4276; baseline 0.002 -22"><span class='ocrx_word' id='word_1_308' title='bbox 396 4189 460 4254; x_wconf 88' lang='lat' dir='ltr'>sibi</span> <span class='ocrx_word' id='word_1_309' title='bbox 482 4189 571 4253; x_wconf 82' lang='lat' dir='ltr'>uisus</span> <span class='ocrx_word' id='word_1_310' title='bbox 594 4190 755 4274; x_wconf 86' lang='lat' dir='ltr'>estquod</span> <span class='ocrx_word' id='word_1_311' title='bbox 778 4190 904 4254; x_wconf 91' lang='lat' dir='ltr'>easdem</span> <span class='ocrx_word' id='word_1_312' title='bbox 928 4212 947 4254; x_wconf 88' lang='lat' dir='ltr'>a</span> <span class='ocrx_word' id='word_1_313' title='bbox 971 4188 1083 4271; x_wconf 78' lang='lat' dir='ltr'>Oredo,</span> <span class='ocrx_word' id='word_1_314' title='bbox 1111 4194 1215 4274; x_wconf 76' lang='lat' dir='ltr'>inquit</span> <span class='ocrx_word' id='word_1_315' title='bbox 1242 4197 1274 4257; x_wconf 90' lang='lat' dir='ltr'>et</span> <span class='ocrx_word' id='word_1_316' title='bbox 1297 4215 1316 4257; x_wconf 85' lang='lat' dir='ltr'>a</span> <span class='ocrx_word' id='word_1_317' title='bbox 1341 4193 1491 4273; x_wconf 72' lang='lat' dir='ltr'>Turdam,</span> <span class='ocrx_word' id='word_1_318' title='bbox 1519 4194 1630 4276; x_wconf 63' lang='lat' dir='ltr'>capud,</span> 
     </span>
     <span class='ocr_line' id='line_1_35' title="bbox 394 4296 1680 4385; baseline 0.001 -23"><span class='ocrx_word' id='word_1_319' title='bbox 394 4296 452 4362; x_wconf 90' lang='lat' dir='ltr'>ubi</span> <span class='ocrx_word' id='word_1_320' title='bbox 471 4296 587 4362; x_wconf 86' lang='lat' dir='ltr'>ceteris</span> <span class='ocrx_word' id='word_1_321' title='bbox 605 4318 672 4361; x_wconf 89' lang='lat' dir='ltr'>non</span> <span class='ocrx_word' id='word_1_322' title='bbox 690 4296 934 4382; x_wconf 86' lang='lat' dir='ltr'>displicuerunt,</span> <span class='ocrx_word' id='word_1_323' title='bbox 952 4298 1100 4363; x_wconf 87' lang='lat' dir='ltr'>removit.</span> <span class='ocrx_word' id='word_1_324' title='bbox 1131 4298 1194 4364; x_wconf 85' lang='lat' dir='ltr'>Sed</span> <span class='ocrx_word' id='word_1_325' title='bbox 1209 4297 1329 4384; x_wconf 79' lang='lat' dir='ltr'>Cicero,</span> <span class='ocrx_word' id='word_1_326' title='bbox 1348 4302 1403 4385; x_wconf 90' lang='lat' dir='ltr'>qui</span> <span class='ocrx_word' id='word_1_327' title='bbox 1423 4302 1457 4365; x_wconf 93' lang='lat' dir='ltr'>in</span> <span class='ocrx_word' id='word_1_328' title='bbox 1476 4320 1630 4384; x_wconf 88' lang='lat' dir='ltr'>sermone,</span> <span class='ocrx_word' id='word_1_329' title='bbox 1674 4296 1680 4301; x_wconf 74' lang='grc'><strong>’</strong></span> 
     </span>
     <span class='ocr_line' id='line_1_36' title="bbox 396 4403 1631 4491; baseline 0.002 -24"><span class='ocrx_word' id='word_1_330' title='bbox 396 4425 492 4488; x_wconf 89' lang='lat' dir='ltr'>quem</span> <span class='ocrx_word' id='word_1_331' title='bbox 511 4424 530 4465; x_wconf 88' lang='lat' dir='ltr'>a</span> <span class='ocrx_word' id='word_1_332' title='bbox 548 4426 607 4470; x_wconf 88' lang='lat' dir='ltr'>sua</span> <span class='ocrx_word' id='word_1_333' title='bbox 623 4405 808 4468; x_wconf 88' lang='lat' dir='ltr'>narratione</span> <span class='ocrx_word' id='word_1_334' title='bbox 827 4403 965 4488; x_wconf 88' lang='lat' dir='ltr'>pendere</span> <span class='ocrx_word' id='word_1_335' title='bbox 983 4406 1096 4489; x_wconf 89' lang='lat' dir='ltr'>voluit,</span> <span class='ocrx_word' id='word_1_336' title='bbox 1120 4428 1214 4491; x_wconf 88' lang='lat' dir='ltr'>saepe</span> <span class='ocrx_word' id='word_1_337' title='bbox 1232 4407 1274 4471; x_wconf 93' lang='lat' dir='ltr'>iis</span> <span class='ocrx_word' id='word_1_338' title='bbox 1293 4408 1406 4472; x_wconf 88' lang='lat' dir='ltr'>formis</span> <span class='ocrx_word' id='word_1_339' title='bbox 1427 4408 1530 4472; x_wconf 87' lang='lat' dir='ltr'>utitur</span> <span class='ocrx_word' id='word_1_340' title='bbox 1549 4426 1631 4491; x_wconf 90' lang='lat' dir='ltr'>quae</span> 
     </span>
    </p>
   </div>
   <div class='ocr_carea' id='block_1_4' title="bbox 396 4510 1630 4917">
    <p class='ocr_par' dir='ltr' id='par_1_7' title="bbox 396 4510 1630 4917">
     <span class='ocr_line' id='line_1_37' title="bbox 396 4510 1630 4596; baseline 0.002 -21"><span class='ocrx_word' id='word_1_341' title='bbox 396 4510 472 4576; x_wconf 89' lang='lat' dir='ltr'>huic</span> <span class='ocrx_word' id='word_1_342' title='bbox 496 4510 631 4575; x_wconf 89' lang='lat' dir='ltr'>consilio</span> <span class='ocrx_word' id='word_1_343' title='bbox 655 4514 732 4575; x_wconf 92' lang='lat' dir='ltr'>sunt</span> <span class='ocrx_word' id='word_1_344' title='bbox 754 4515 856 4596; x_wconf 88' lang='lat' dir='ltr'>aptae,</span> <span class='ocrx_word' id='word_1_345' title='bbox 879 4532 951 4576; x_wconf 91' lang='lat' dir='ltr'>cum</span> <span class='ocrx_word' id='word_1_346' title='bbox 975 4515 1032 4576; x_wconf 92' lang='lat' dir='ltr'>aut</span> <span class='ocrx_word' id='word_1_347' title='bbox 1054 4511 1101 4576; x_wconf 90' lang='lat' dir='ltr'>ita</span> <span class='ocrx_word' id='word_1_348' title='bbox 1124 4515 1236 4579; x_wconf 91' lang='lat' dir='ltr'>scribit</span> <span class='ocrx_word' id='word_1_349' title='bbox 1256 4514 1338 4579; x_wconf 77' lang='lat' dir='ltr'>Tum</span> <span class='ocrx_word' id='word_1_350' title='bbox 1357 4514 1483 4591; x_wconf 64' lang='lat' dir='ltr'>Patare</span> <span class='ocrx_word' id='word_1_351' title='bbox 1506 4514 1552 4578; x_wconf 84' lang='lat' dir='ltr'>Et</span> <span class='ocrx_word' id='word_1_352' title='bbox 1569 4514 1630 4592; x_wconf 85' lang='lat' dir='ltr'>ille,</span> 
     </span>
     <span class='ocr_line' id='line_1_38' title="bbox 396 4617 1630 4704; baseline 0.002 -23"><span class='ocrx_word' id='word_1_353' title='bbox 396 4621 453 4681; x_wconf 89' lang='lat' dir='ltr'>aut</span> <span class='ocrx_word' id='word_1_354' title='bbox 474 4618 578 4699; x_wconf 76' lang='lat' dir='ltr'>inquit</span> <span class='ocrx_word' id='word_1_355' title='bbox 599 4640 666 4683; x_wconf 91' lang='lat' dir='ltr'>non</span> <span class='ocrx_word' id='word_1_356' title='bbox 688 4617 798 4683; x_wconf 89' lang='lat' dir='ltr'>addito</span> <span class='ocrx_word' id='word_1_357' title='bbox 822 4618 952 4684; x_wconf 89' lang='lat' dir='ltr'>nomine</span> <span class='ocrx_word' id='word_1_358' title='bbox 974 4618 1168 4704; x_wconf 87' lang='lat' dir='ltr'>interponit,</span> <span class='ocrx_word' id='word_1_359' title='bbox 1194 4622 1246 4685; x_wconf 90' lang='lat' dir='ltr'>vel</span> <span class='ocrx_word' id='word_1_360' title='bbox 1273 4642 1397 4685; x_wconf 88' lang='lat' dir='ltr'>merum</span> <span class='ocrx_word' id='word_1_361' title='bbox 1419 4642 1538 4686; x_wconf 86' lang='lat' dir='ltr'>nomen</span> <span class='ocrx_word' id='word_1_362' title='bbox 1561 4621 1630 4684; x_wconf 90' lang='lat' dir='ltr'>sine</span> 
     </span>
     <span class='ocr_line' id='line_1_39' title="bbox 397 4723 1630 4814; baseline 0.002 -27"><span class='ocrx_word' id='word_1_363' title='bbox 397 4725 501 4805; x_wconf 77' lang='lat' dir='ltr'>inquit</span> <span class='ocrx_word' id='word_1_364' title='bbox 526 4723 561 4787; x_wconf 91' lang='lat' dir='ltr'>in</span> <span class='ocrx_word' id='word_1_365' title='bbox 588 4724 692 4789; x_wconf 90' lang='lat' dir='ltr'>media</span> <span class='ocrx_word' id='word_1_366' title='bbox 722 4725 867 4790; x_wconf 89' lang='lat' dir='ltr'>oratione</span> <span class='ocrx_word' id='word_1_367' title='bbox 896 4725 1034 4791; x_wconf 87' lang='lat' dir='ltr'>collocat</span> <span class='ocrx_word' id='word_1_368' title='bbox 1061 4723 1115 4812; x_wconf 83' lang='lat' dir='ltr'>(cf.</span> <span class='ocrx_word' id='word_1_369' title='bbox 1134 4726 1242 4792; x_wconf 90' lang='lat' dir='ltr'>Herm.</span> <span class='ocrx_word' id='word_1_370' title='bbox 1261 4744 1308 4790; x_wconf 85' lang='lat' dir='ltr'>xv</span> <span class='ocrx_word' id='word_1_371' title='bbox 1327 4724 1423 4814; x_wconf 76' lang='lat'>272),</span> <span class='ocrx_word' id='word_1_372' title='bbox 1453 4727 1550 4792; x_wconf 90' lang='lat' dir='ltr'>etiam</span> <span class='ocrx_word' id='word_1_373' title='bbox 1573 4726 1630 4791; x_wconf 92' lang='lat' dir='ltr'>ubi</span> 
     </span>
     <span class='ocr_line' id='line_1_40' title="bbox 396 4828 1630 4917; baseline 0.004 -24"><span class='ocrx_word' id='word_1_374' title='bbox 396 4828 523 4894; x_wconf 91' lang='lat' dir='ltr'>nullum</span> <span class='ocrx_word' id='word_1_375' title='bbox 551 4834 600 4895; x_wconf 91' lang='lat' dir='ltr'>est</span> <span class='ocrx_word' id='word_1_376' title='bbox 626 4832 730 4913; x_wconf 78' lang='lat' dir='ltr'>inquit</span> <span class='ocrx_word' id='word_1_377' title='bbox 756 4853 815 4896; x_wconf 88' lang='lat' dir='ltr'>neo</span> <span class='ocrx_word' id='word_1_378' title='bbox 842 4853 960 4897; x_wconf 91' lang='lat' dir='ltr'>nomen</span> <span class='ocrx_word' id='word_1_379' title='bbox 983 4836 1041 4896; x_wconf 88' lang='lat' dir='ltr'>ant</span> <span class='ocrx_word' id='word_1_380' title='bbox 1063 4854 1254 4917; x_wconf 88' lang='lat' dir='ltr'>pronomen,</span> <span class='ocrx_word' id='word_1_381' title='bbox 1283 4834 1460 4900; x_wconf 89' lang='lat' dir='ltr'>orationem</span> <span class='ocrx_word' id='word_1_382' title='bbox 1488 4837 1534 4901; x_wconf 89' lang='lat' dir='ltr'>ita</span> <span class='ocrx_word' id='word_1_383' title='bbox 1557 4855 1630 4901; x_wconf 91' lang='lat' dir='ltr'>con·</span> 
     </span>
    </p>
   </div>
   <div class='ocr_carea' id='block_1_5' title="bbox 0 0 1990 5725">
    <p class='ocr_par' dir='ltr' id='par_1_8' title="bbox 0 0 1990 5725">
     <span class='ocr_line' id='line_1_41' title="bbox 0 0 1990 5725; baseline 0 0"><span class='ocrx_word' id='word_1_384' title='bbox 0 0 1990 5725; x_wconf 95' lang='lat' dir='ltr'> </span> 
     </span>
    </p>
   </div>
  </div>
 </body>
</html>
