3967 5725
315 618 318 627 '
384 638 405 701 2
543 640 667 691 xxxrv.
687 640 802 691 mnax
820 640 1034 691 uacrrouun
1052 640 1293 692 amanuaauu
1313 638 1443 710 recusa

1160 803 1287 885 χρυσὸν
1309 801 1407 888 carot„

518 890 703 973 πείθονται
726 910 770 993 μὴ
795 914 926 993 φαῦλον
949 905 1017 994 ἔχῃ
1040 908 1165 973 τύπον
1187 908 1437 995 ἀργυραμοιβοί.

517 1017 703 1080 πείθονται
727 1017 770 1098 μὴ
794 1019 941 1099 φαῦλοι
965 1014 1127 1099 ἐτήτυμον
1150 1015 1402 1101 ἀργυραμοιβοί.

516 1123 703 1188 arneomai
726 1124 770 1207 μὴ
794 1126 923 1206 φαῦλος
946 1120 1133 1206 ἐτήτυμον
1156 1122 1407 1207 ἀργοραμοιβοί.

517 1227 705 1295 πείθοντ’
733 1232 768 1295 εί
789 1230 838 1313 μὴ
863 1234 992 1312 φαῦλος
1015 1228 1178 1313 ἐτήτυμον
1201 1229 1452 1315 ἆργνραμοιβοί.

517 1334 703 1402 πεύθονί
731 1335 752 1419 ἢ
776 1340 926 1419 φαῦλος
949 1335 969 1420 ἢ
993 1334 1182 1420 ἐτήτυμος
1205 1336 1456 1421 ἀργυραμοιβοί.

517 1444 702 1509 πείθονται
728 1448 882 1527 φαῦλον
905 1442 969 1507 καὶ
993 1441 1156 1527 ἐτήτυμον
1179 1442 1429 1527 ἄρνυραμοιβοί.

386 1550 531 1629 Quorum
555 1550 755 1634 commentis,
779 1572 861 1633 quae
884 1550 1002 1633 partim
1024 1547 1174 1635 inepta*)
1197 1572 1266 1615 esse
1289 1552 1407 1633 partim
1429 1551 1470 1616 iis
1490 1552 1619 1635 quidem

385 1680 467 1742 quae
489 1657 569 1722 fides
592 1658 750 1722 librorum
773 1660 884 1720 tuetur
907 1656 1066 1721 deteriora
1089 1656 1317 1740 iudicabamus,
1339 1679 1406 1722 non
1423 1680 1622 1743 magnopere

343 1790 369 1830 10
384 1765 605 1848 movebamur,
636 1768 674 1829 ut
705 1786 765 1829 nos
798 1764 837 1828 de
865 1767 978 1829 nostra
1005 1765 1164 1828 sententia
1192 1764 1286 1828 deiici
1313 1767 1503 1847 pateremur.
1555 1763 1619 1829 Sed

384 1872 520 1938 accessit
543 1872 639 1936 etiam
662 1870 825 1935 Francisoi
847 1870 1037 1938 Buecheleri
1060 1870 1186 1935 erudita
1207 1869 1444 1954 perspicacitas,
1469 1872 1521 1934 cui
1545 1892 1617 1935 cum

384 1978 493 2043 eadem
522 1978 579 2043 illa
603 1979 689 2043 hunc
712 1981 840 2062 poetam
864 1978 947 2065 male
971 1978 1082 2046 decere
1105 1977 1303 2062 viderentur,
1325 1977 1449 2042 invenit
1472 1978 1558 2062 quod
1581 1980 1619 2041 ut

384 2107 443 2150 sua
465 2088 634 2151 venustate
656 2086 748 2169 nitet,
770 2086 817 2149 ita
840 2085 880 2149 ab
904 2085 962 2150 nd.
982 2084 1107 2149 Hillero
1131 2089 1295 2169 receptum
1319 2089 1447 2149 estnec
1469 2084 1619 2169 reproba-

383 2197 454 2257 tum
473 2215 492 2257 a
511 2190 585 2256 Chr.
601 2191 760 2278 Zieglero:
780 2193 900 2276 quippe
915 2191 1120 2257 Theocritum
1139 2191 1219 2257 baec
1237 2191 1360 2257 dedisse
1379 2191 1442 2256 sibi
1460 2191 1622 2275 persuasit

1117 2300 1244 2384 χρυσὸν
1267 2299 1365 2386 ὁποίῃ

518 2407 704 2471 πείθονται
727 2409 933 2490 τρίβοντες
957 2405 1119 2489 ἐτήτυμον
1142 2405 1399 2490 ἆργνραμοιβοί,

382 2516 553 2595 τρίβοντες
577 2516 684 2577 autem
708 2512 879 2595 adscriptis
903 2512 1137 2596 interpretandi
1160 2534 1255 2577 causa
1273 2513 1377 2577 aliena
1395 2536 1492 2578 manu
1510 2514 1620 2579 verbis

381 2621 425 2703 μὴ
456 2624 585 2703 φαῦλος
613 2619 680 2683 sive
707 2620 751 2703 μὴ
776 2623 909 2703 φαῦλον
931 2618 1005 2684 loco
1028 2624 1160 2684 motum.
1202 2619 1290 2696 Quae
1314 2621 1525 2687 conformatio
1549 2644 1619 2686 sen·

382 2726 501 2791 tentiae
521 2747 587 2791 non
605 2747 664 2790 nor
684 2726 771 2811 fugit
790 2748 871 2809 quae
891 2726 1059 2790 commoda
1077 2727 1217 2791 orationi
1231 2726 1404 2812 impartiat,
1424 2749 1619 2812 quamquam

342 2861 368 2900 νο
383 2834 480 2900 iidem
514 2832 632 2898 sentire
665 2832 758 2899 nobis
792 2833 938 2898 videmur
970 2854 1039 2898 esse
1072 2854 1136 2917 quo
1168 2834 1395 2918 praestabilior
1425 2836 1468 2900 sit
1498 2836 1617 2902 tradita

383 2943 543 3025 scriptura
567 2945 599 3004 et
622 2940 817 3005 incommodi
842 2941 994 3024 quiddam
1019 2941 1216 3006 emendando
1240 2964 1304 3006 una
1327 2943 1442 3008 afferri.
1481 2943 1530 3009 Ac
1552 2944 1618 3008 iam

383 3049 513 3114 diducta
540 3071 629 3112 mens
660 3052 709 3112 est
736 3051 860 3131 nostra,
888 3052 926 3112 ut
952 3047 1082 3112 necilli
1107 3049 1253 3132 quamvis
1277 3051 1443 3132 cupiamus
1467 3049 1616 3115 assentiri

382 3155 518 3219 fidenter
546 3155 708 3238 possimus
735 3177 838 3238 neque
867 3176 904 3218 ea
932 3177 1028 3238 quam
1056 3154 1161 3218 adhuc
1183 3155 1370 3221 fovebamus
1394 3158 1545 3241 opinione
1568 3178 1618 3221 ac·

383 3261 546 3345 quiescere
574 3263 687 3326 securi.
729 3260 932 3345 Multumque
959 3283 1027 3326 rem
1051 3262 1229 3344 reputando
1253 3267 1415 3328 versantes
1438 3261 1616 3327 haesitaba-

382 3391 454 3432 mus
478 3370 601 3452 incerti,
624 3369 712 3433 illius
737 3368 831 3451 plane
851 3368 981 3452 similae,
999 3370 1033 3432 in
1052 3390 1147 3432 versu
1165 3369 1311 3435 faciendo
1331 3371 1388 3453 qui
1405 3391 1499 3452 saepe
1518 3375 1619 3454 caput

383 3477 527 3540 scaberet
550 3477 641 3540 vivos
665 3480 698 3539 et
720 3477 849 3540 roderet
869 3497 1001 3560 ungues.
1039 3473 1141 3560 Saepe
1159 3476 1238 3541 adeo
1259 3481 1370 3541 votum
1389 3475 1532 3561 fecimus,
1554 3479 1616 3542 uti·

382 3605 457 3647 nam
485 3587 517 3646 et
545 3583 665 3648 criticis
694 3603 751 3646 sua
775 3582 931 3666 quaedam
955 3584 1067 3648 Λυδία
1090 3585 1188 3660 λίθος
1211 3588 1304 3666 esset,
1327 3604 1391 3666 qua
1414 3583 1616 3655 adhibitam

382 3690 622 3775 philologorum
645 3690 871 3754 controversiis
896 3711 992 3755 curvo
1018 3690 1204 3776 dignoscere
1222 3694 1346 3754 rectum
1364 3690 1484 3754 liceret.
1522 3689 1617 3768 Quod

383 3798 535 3880 quoniam
559 3819 626 3861 non
649 3797 788 3882 contigit
809 3819 869 3861 nec
893 3818 965 3880 spes
990 3801 1040 3861 est
1061 3796 1249 3882 propediem
1271 3797 1432 3879 futurum,
1455 3797 1615 3882 reliquum

341 3929 368 3968 so
383 3908 444 3990 est,
481 3907 518 3968 ut
555 3903 807 3988 argumentando
840 3904 1062 3988 periclitemur
1094 3904 1261 3987 explorare
1293 3902 1371 3986 quid
1403 3905 1615 3988 probabilitas

383 4011 514 4076 suadeat
537 4033 671 4094 eamque
695 4011 807 4076 ducem
833 4034 1012 4094 sequamur.
1053 4009 1185 4075 Initium
1209 4015 1316 4077 autem
1340 4010 1516 4077 disserendi
1539 4015 1614 4077 faci-

382 4140 454 4183 mus
482 4118 521 4181 ab
550 4117 725 4203 ἐτήτυμον,
754 4141 834 4202 quae
861 4141 925 4182 una
953 4139 1021 4181 esse
1046 4118 1137 4202 origo
1161 4139 1305 4182 errorum
1329 4119 1463 4184 videtur.
1511 4119 1653 4196 Quams

382 4433 466 4507 ὁποίῃ
486 4435 644 4490 redduntur
662 4436 699 4505 μὴ
719 4432 840 4504 φαυλόσ’
863 4430 998 4504 ἐτήτυμον
1016 4434 1229 4507 ἀργοοαμοιβοί.
1264 4436 1342 4502 Quae
1361 4437 1422 4507 ipae
1438 4437 1564 4507 explicat
1577 4436 1614 4506 μὴ

382 4521 506 4592 quartas
524 4526 582 4580 scil.
602 4523 773 4596 ἀποβάλωσι,
792 4542 825 4580 ue
844 4524 979 4578 obiiciant
997 4525 1072 4592 illuc,
1091 4525 1122 4578 iu
1139 4526 1212 4581 hanc
1230 4543 1337 4581 mansae
1350 4534 1468 4596 partera,
1487 4529 1537 4582 ubi
1545 4543 1614 4595 pro·

381 4633 445 4670 cum
469 4617 538 4669 iacet
560 4632 668 4670 aurum.
707 4611 780 4668 Nam
803 4616 835 4668 ut
857 4614 1004 4667 mittamus
1028 4615 1212 4682 sententiam,
1240 4613 1363 4684 φαολόσε
1386 4615 1494 4669 nullum
1518 4617 1561 4669 est
1584 4615 1614 4666 in

382 4703 555 4772 Graecitate‚
584 4705 613 4757 et
640 4703 800 4775 ἀποβάλωσι
823 4703 938 4756 verbum
961 4703 1150 4757 necessarium
1173 4705 1222 4772 qui
1244 4705 1305 4758 fieri
1328 4704 1452 4774 potuerit
1474 4706 1507 4757 ut
1529 4705 1615 4773 poeta

381 4795 474 4848 mente
494 4793 561 4846 addi
580 4792 672 4858 vellet,
692 4809 743 4846 nec
762 4791 935 4862 intelligitur
952 4807 1005 4846 nec
1023 4793 1083 4862 ipae
1102 4792 1265 4847 declaravit.
1298 4793 1334 4848 Et
1352 4796 1448 4847 tamen
1466 4794 1537 4848 talia
1550 4811 1615 4863 pro·

378 4885 522 4952 pagantur
540 4881 621 4951 quasi
639 4898 705 4938 vera
723 4897 782 4936 esse
800 4882 916 4952 possint.

1806 4076 1807 4125 l

471 4345 515 4416 *8)
534 4345 744 4416 Ineptissimum
772 4349 814 4400 est
842 4347 917 4414 quod
940 4346 1016 4398 Arm,
1035 4345 1190 4400 Fritzschio
1213 4345 1243 4399 in
1266 4351 1390 4403 mentem
1412 4348 1490 4402 venit
1511 4349 1615 4418 χρυσὸν

1806 4648 1807 4685 l

1806 4728 1807 4761 l

1806 4880 1807 4913 r
