<?xml version="1.0" encoding="UTF-8"?>
<!DOCTYPE html PUBLIC "-//W3C//DTD XHTML 1.0 Transitional//EN"
    "http://www.w3.org/TR/xhtml1/DTD/xhtml1-transitional.dtd">
<html xmlns="http://www.w3.org/1999/xhtml" xml:lang="en" lang="en">
 <head>
  <title>
</title>
<meta http-equiv="Content-Type" content="text/html;charset=utf-8" />
  <meta name='ocr-system' content='tesseract 3.04.00' />
  <meta name='ocr-capabilities' content='ocr_page ocr_carea ocr_par ocr_line ocrx_word'/>
</head>
<body>
  <div class='ocr_page' id='page_1' title='image "./iohannisvahleni00vahlgoog/iohannisvahleni00vahlgoog_0497.png"; bbox 0 0 3967 5725; ppageno 0'>
   <div class='ocr_carea' id='block_1_1' title="bbox 650 626 1602 691">
    <p class='ocr_par' dir='ltr' id='par_1_1' title="bbox 650 626 1602 691">
     <span class='ocr_line' id='line_1_1' title="bbox 650 626 1602 691; baseline 0.012 -10"><span class='ocrx_word' id='word_1_1' title='bbox 650 631 845 683; x_wconf 75' lang='lat' dir='ltr'><strong>rnoeuma</strong></span> <span class='ocrx_word' id='word_1_2' title='bbox 862 630 1052 682; x_wconf 78' lang='lat' dir='ltr'><strong>annornm</strong></span> <span class='ocrx_word' id='word_1_3' title='bbox 1072 629 1318 682; x_wconf 74' lang='lat' dir='ltr'><strong>sornoonuau.</strong></span> <span class='ocrx_word' id='word_1_4' title='bbox 1535 626 1602 691; x_wconf 85' lang='lat'><strong>505</strong></span> 
     </span>
    </p>
   </div>
   <div class='ocr_carea' id='block_1_2' title="bbox 366 775 1603 1200">
    <p class='ocr_par' dir='ltr' id='par_1_2' title="bbox 366 775 1603 986">
     <span class='ocr_line' id='line_1_2' title="bbox 366 775 1603 876; baseline -0.002 -19"><span class='ocrx_word' id='word_1_5' title='bbox 366 793 424 858; x_wconf 89' lang='lat' dir='ltr'><strong>fiet</strong></span> <span class='ocrx_word' id='word_1_6' title='bbox 450 791 529 876; x_wconf 92' lang='lat' dir='ltr'><strong>quid</strong></span> <span class='ocrx_word' id='word_1_7' title='bbox 550 793 586 856; x_wconf 94' lang='lat' dir='ltr'><strong>in</strong></span> <span class='ocrx_word' id='word_1_8' title='bbox 608 775 661 856; x_wconf 83' lang='lat' dir='ltr'><strong>his</strong></span> <span class='ocrx_word' id='word_1_9' title='bbox 682 791 774 876; x_wconf 87' lang='lat' dir='ltr'><strong>prius</strong></span> <span class='ocrx_word' id='word_1_10' title='bbox 797 791 876 876; x_wconf 90' lang='lat' dir='ltr'><strong>quid</strong></span> <span class='ocrx_word' id='word_1_11' title='bbox 897 792 1060 876; x_wconf 72' lang='lat' dir='ltr'><strong>posterius</strong></span> <span class='ocrx_word' id='word_1_12' title='bbox 1081 791 1182 856; x_wconf 82' lang='lat' dir='ltr'><strong>fuerit</strong></span> <span class='ocrx_word' id='word_1_13' title='bbox 1204 794 1236 856; x_wconf 86' lang='lat' dir='ltr'><strong>et</strong></span> <span class='ocrx_word' id='word_1_14' title='bbox 1258 795 1333 856; x_wconf 91' lang='lat' dir='ltr'><strong>utra</strong></span> <span class='ocrx_word' id='word_1_15' title='bbox 1355 811 1394 854; x_wconf 87' lang='lat' dir='ltr'><strong>ex</strong></span> <span class='ocrx_word' id='word_1_16' title='bbox 1417 789 1518 855; x_wconf 82' lang='lat' dir='ltr'><strong>altera</strong></span> <span class='ocrx_word' id='word_1_17' title='bbox 1541 791 1603 856; x_wconf 92' lang='lat' dir='ltr'><strong>ori-</strong></span> 
     </span>
     <span class='ocr_line' id='line_1_3' title="bbox 367 896 641 986; baseline -0.011 -21"><span class='ocrx_word' id='word_1_18' title='bbox 367 900 476 986; x_wconf 90' lang='lat' dir='ltr'><strong>ginem</strong></span> <span class='ocrx_word' id='word_1_19' title='bbox 494 896 641 986; x_wconf 78' lang='lat' dir='ltr'><strong>ducat*).</strong></span> 
     </span>
    </p>

    <p class='ocr_par' dir='ltr' id='par_1_3' title="bbox 366 1002 1602 1200">
     <span class='ocr_line' id='line_1_4' title="bbox 457 1002 1602 1090; baseline -0.001 -20"><span class='ocrx_word' id='word_1_20' title='bbox 457 1005 546 1070; x_wconf 89' lang='lat' dir='ltr'><strong>Haec</strong></span> <span class='ocrx_word' id='word_1_21' title='bbox 565 1005 643 1071; x_wconf 93' lang='lat' dir='ltr'><strong>olim</strong></span> <span class='ocrx_word' id='word_1_22' title='bbox 661 1029 681 1071; x_wconf 93' lang='lat' dir='ltr'><strong>a</strong></span> <span class='ocrx_word' id='word_1_23' title='bbox 698 1004 792 1070; x_wconf 89' lang='lat' dir='ltr'><strong>nohis</strong></span> <span class='ocrx_word' id='word_1_24' title='bbox 812 1026 886 1070; x_wconf 91' lang='lat' dir='ltr'><strong>cum</strong></span> <span class='ocrx_word' id='word_1_25' title='bbox 906 1003 941 1070; x_wconf 75' lang='lat' dir='ltr'><strong>G,</strong></span> <span class='ocrx_word' id='word_1_26' title='bbox 960 1004 1110 1070; x_wconf 87' lang='lat' dir='ltr'><strong>Kaibelio</strong></span> <span class='ocrx_word' id='word_1_27' title='bbox 1130 1006 1187 1090; x_wconf 93' lang='lat' dir='ltr'><strong>qui</strong></span> <span class='ocrx_word' id='word_1_28' title='bbox 1205 1004 1300 1070; x_wconf 93' lang='lat' dir='ltr'><strong>modo</strong></span> <span class='ocrx_word' id='word_1_29' title='bbox 1321 1002 1492 1089; x_wconf 82' lang='lat' dir='ltr'>Sophoclis</span> <span class='ocrx_word' id='word_1_30' title='bbox 1510 1003 1602 1069; x_wconf 77' lang='lat' dir='ltr'><strong>Elec·</strong></span> 
     </span>
     <span class='ocr_line' id='line_1_5' title="bbox 366 1110 1601 1200; baseline -0.002 -22"><span class='ocrx_word' id='word_1_31' title='bbox 366 1118 450 1179; x_wconf 89' lang='lat' dir='ltr'><strong>tram</strong></span> <span class='ocrx_word' id='word_1_32' title='bbox 474 1113 616 1178; x_wconf 88' lang='lat' dir='ltr'><strong>ediderat</strong></span> <span class='ocrx_word' id='word_1_33' title='bbox 639 1110 681 1200; x_wconf 84' lang='lat' dir='ltr'><strong>(a</strong></span> <span class='ocrx_word' id='word_1_34' title='bbox 702 1111 803 1198; x_wconf 89' lang='grc'>1896)</span> <span class='ocrx_word' id='word_1_35' title='bbox 828 1113 1014 1178; x_wconf 78' lang='lat' dir='ltr'><strong>summatim</strong></span> <span class='ocrx_word' id='word_1_36' title='bbox 1037 1134 1097 1199; x_wconf 91' lang='lat' dir='ltr'><strong>per</strong></span> <span class='ocrx_word' id='word_1_37' title='bbox 1112 1113 1239 1190; x_wconf 84' lang='lat' dir='ltr'><strong>litteras</strong></span> <span class='ocrx_word' id='word_1_38' title='bbox 1258 1112 1494 1178; x_wconf 90' lang='lat' dir='ltr'><strong>communicata</strong></span> <span class='ocrx_word' id='word_1_39' title='bbox 1512 1113 1601 1176; x_wconf 91' lang='lat' dir='ltr'><strong>sunt:</strong></span> 
     </span>
    </p>
   </div>
   <div class='ocr_carea' id='block_1_3' title="bbox 366 1218 1644 4761">
    <p class='ocr_par' dir='ltr' id='par_1_4' title="bbox 366 1218 1644 3231">
     <span class='ocr_line' id='line_1_6' title="bbox 367 1218 1602 1306; baseline -0.004 -20"><span class='ocrx_word' id='word_1_40' title='bbox 367 1221 424 1305; x_wconf 90' lang='lat' dir='ltr'><strong>qui</strong></span> <span class='ocrx_word' id='word_1_41' title='bbox 447 1220 475 1285; x_wconf 91' lang='lat' dir='ltr'><strong>si</strong></span> <span class='ocrx_word' id='word_1_42' title='bbox 495 1220 594 1285; x_wconf 92' lang='lat' dir='ltr'><strong>hodie</strong></span> <span class='ocrx_word' id='word_1_43' title='bbox 616 1221 748 1306; x_wconf 87' lang='lat' dir='ltr'><strong>viveret,</strong></span> <span class='ocrx_word' id='word_1_44' title='bbox 770 1219 851 1285; x_wconf 88' lang='lat' dir='ltr'><strong>haec</strong></span> <span class='ocrx_word' id='word_1_45' title='bbox 869 1219 995 1284; x_wconf 92' lang='lat' dir='ltr'><strong>etiamsi</strong></span> <span class='ocrx_word' id='word_1_46' title='bbox 1013 1219 1151 1285; x_wconf 83' lang='lat' dir='ltr'><strong>fortasse</strong></span> <span class='ocrx_word' id='word_1_47' title='bbox 1168 1241 1235 1284; x_wconf 94' lang='lat' dir='ltr'><strong>non</strong></span> <span class='ocrx_word' id='word_1_48' title='bbox 1254 1218 1342 1284; x_wconf 91' lang='lat' dir='ltr'><strong>omni</strong></span> <span class='ocrx_word' id='word_1_49' title='bbox 1361 1221 1510 1303; x_wconf 89' lang='lat' dir='ltr'><strong>exparte</strong></span> <span class='ocrx_word' id='word_1_50' title='bbox 1529 1239 1602 1303; x_wconf 96' lang='lat' dir='ltr'><strong>pro-</strong></span> 
     </span>
     <span class='ocr_line' id='line_1_7' title="bbox 366 1325 1602 1413; baseline -0.003 -21"><span class='ocrx_word' id='word_1_51' title='bbox 366 1328 458 1393; x_wconf 90' lang='lat' dir='ltr'><strong>barat</strong></span> <span class='ocrx_word' id='word_1_52' title='bbox 480 1332 589 1392; x_wconf 92' lang='lat' dir='ltr'><strong>tamen</strong></span> <span class='ocrx_word' id='word_1_53' title='bbox 610 1349 678 1391; x_wconf 94' lang='lat' dir='ltr'><strong>non</strong></span> <span class='ocrx_word' id='word_1_54' title='bbox 700 1326 822 1391; x_wconf 90' lang='lat' dir='ltr'><strong>invitus</strong></span> <span class='ocrx_word' id='word_1_55' title='bbox 846 1326 1019 1411; x_wconf 82' lang='lat' dir='ltr'><strong>opinamur</strong></span> <span class='ocrx_word' id='word_1_56' title='bbox 1035 1327 1166 1413; x_wconf 90' lang='lat' dir='ltr'><strong>legeret.</strong></span> <span class='ocrx_word' id='word_1_57' title='bbox 1204 1326 1253 1390; x_wconf 76' lang='lat' dir='ltr'><strong>llo</strong></span> <span class='ocrx_word' id='word_1_58' title='bbox 1273 1327 1358 1390; x_wconf 88' lang='lat' dir='ltr'><strong>enim</strong></span> <span class='ocrx_word' id='word_1_59' title='bbox 1378 1325 1514 1390; x_wconf 92' lang='lat' dir='ltr'><strong>candore</strong></span> <span class='ocrx_word' id='word_1_60' title='bbox 1533 1327 1602 1390; x_wconf 87' lang='lat' dir='ltr'><strong>erat</strong></span> 
     </span>
     <span class='ocr_line' id='line_1_8' title="bbox 367 1431 1602 1518; baseline -0.002 -20"><span class='ocrx_word' id='word_1_61' title='bbox 367 1434 476 1517; x_wconf 87' lang='lat' dir='ltr'><strong>animi,</strong></span> <span class='ocrx_word' id='word_1_62' title='bbox 502 1438 540 1498; x_wconf 91' lang='lat' dir='ltr'><strong>ut</strong></span> <span class='ocrx_word' id='word_1_63' title='bbox 567 1435 602 1498; x_wconf 93' lang='lat' dir='ltr'><strong>in</strong></span> <span class='ocrx_word' id='word_1_64' title='bbox 628 1433 669 1499; x_wconf 90' lang='lat' dir='ltr'><strong>iis</strong></span> <span class='ocrx_word' id='word_1_65' title='bbox 698 1455 780 1518; x_wconf 91' lang='lat' dir='ltr'><strong>quae</strong></span> <span class='ocrx_word' id='word_1_66' title='bbox 804 1431 871 1498; x_wconf 89' lang='lat' dir='ltr'><strong>suis</strong></span> <span class='ocrx_word' id='word_1_67' title='bbox 894 1433 1148 1517; x_wconf 74' lang='lat' dir='ltr'><strong>adversarentur,</strong></span> <span class='ocrx_word' id='word_1_68' title='bbox 1172 1434 1199 1499; x_wconf 87' lang='lat' dir='ltr'><strong>si</strong></span> <span class='ocrx_word' id='word_1_69' title='bbox 1223 1454 1287 1517; x_wconf 91' lang='lat' dir='ltr'><strong>qua</strong></span> <span class='ocrx_word' id='word_1_70' title='bbox 1309 1432 1414 1497; x_wconf 88' lang='lat' dir='ltr'><strong>aliena</strong></span> <span class='ocrx_word' id='word_1_71' title='bbox 1435 1431 1602 1516; x_wconf 88' lang='lat' dir='ltr'><strong>probanda</strong></span> 
     </span>
     <span class='ocr_line' id='line_1_9' title="bbox 367 1538 1602 1626; baseline -0.002 -20"><span class='ocrx_word' id='word_1_72' title='bbox 367 1545 519 1624; x_wconf 86' lang='lat' dir='ltr'><strong>censeret,</strong></span> <span class='ocrx_word' id='word_1_73' title='bbox 546 1563 613 1606; x_wconf 91' lang='lat' dir='ltr'><strong>non</strong></span> <span class='ocrx_word' id='word_1_74' title='bbox 640 1542 811 1626; x_wconf 87' lang='lat' dir='ltr'><strong>refugeret,</strong></span> <span class='ocrx_word' id='word_1_75' title='bbox 840 1562 921 1625; x_wconf 89' lang='lat' dir='ltr'><strong>quae</strong></span> <span class='ocrx_word' id='word_1_76' title='bbox 944 1561 1021 1605; x_wconf 91' lang='lat' dir='ltr'><strong>vero</strong></span> <span class='ocrx_word' id='word_1_77' title='bbox 1044 1540 1254 1625; x_wconf 90' lang='lat' dir='ltr'><strong>reprobanda,</strong></span> <span class='ocrx_word' id='word_1_78' title='bbox 1280 1540 1376 1605; x_wconf 93' lang='lat' dir='ltr'><strong>modo</strong></span> <span class='ocrx_word' id='word_1_79' title='bbox 1400 1561 1440 1604; x_wconf 90' lang='lat' dir='ltr'><strong>ne</strong></span> <span class='ocrx_word' id='word_1_80' title='bbox 1464 1561 1537 1604; x_wconf 89' lang='lat' dir='ltr'><strong>oum</strong></span> <span class='ocrx_word' id='word_1_81' title='bbox 1559 1538 1602 1603; x_wconf 77' lang='lat' dir='ltr'><strong>le</strong></span> 
     </span>
     <span class='ocr_line' id='line_1_10' title="bbox 367 1645 1602 1732; baseline 0 -21"><span class='ocrx_word' id='word_1_82' title='bbox 367 1647 467 1712; x_wconf 87' lang='lat' dir='ltr'><strong>vitate</strong></span> <span class='ocrx_word' id='word_1_83' title='bbox 486 1649 632 1732; x_wconf 89' lang='lat' dir='ltr'><strong>quaesita</strong></span> <span class='ocrx_word' id='word_1_84' title='bbox 649 1651 765 1732; x_wconf 90' lang='lat' dir='ltr'><strong>essent,</strong></span> <span class='ocrx_word' id='word_1_85' title='bbox 784 1668 850 1711; x_wconf 91' lang='lat' dir='ltr'><strong>non</strong></span> <span class='ocrx_word' id='word_1_86' title='bbox 868 1647 1035 1712; x_wconf 86' lang='lat' dir='ltr'><strong>fastidiose</strong></span> <span class='ocrx_word' id='word_1_87' title='bbox 1052 1646 1244 1732; x_wconf 89' lang='lat' dir='ltr'><strong>repudiaret.</strong></span> <span class='ocrx_word' id='word_1_88' title='bbox 1282 1645 1330 1711; x_wconf 85' lang='lat' dir='ltr'><strong>Ac</strong></span> <span class='ocrx_word' id='word_1_89' title='bbox 1351 1668 1411 1711; x_wconf 91' lang='lat' dir='ltr'><strong>nos</strong></span> <span class='ocrx_word' id='word_1_90' title='bbox 1431 1668 1504 1711; x_wconf 88' lang='lat' dir='ltr'><strong>cum</strong></span> <span class='ocrx_word' id='word_1_91' title='bbox 1521 1645 1602 1711; x_wconf 88' lang='lat' dir='ltr'><strong>haec</strong></span> 
     </span>
     <span class='ocr_line' id='line_1_11' title="bbox 366 1753 1644 1840; baseline -0.002 -22"><span class='ocrx_word' id='word_1_92' title='bbox 366 1776 454 1821; x_wconf 91' lang='lat' dir='ltr'><strong>nunc</strong></span> <span class='ocrx_word' id='word_1_93' title='bbox 482 1753 644 1820; x_wconf 93' lang='lat' dir='ltr'><strong>hocloco</strong></span> <span class='ocrx_word' id='word_1_94' title='bbox 677 1755 882 1840; x_wconf 84' lang='lat' dir='ltr'><strong>exponimus,</strong></span> <span class='ocrx_word' id='word_1_95' title='bbox 914 1775 981 1818; x_wconf 94' lang='lat' dir='ltr'><strong>non</strong></span> <span class='ocrx_word' id='word_1_96' title='bbox 1009 1754 1042 1819; x_wconf 92' lang='lat' dir='ltr'><strong>id</strong></span> <span class='ocrx_word' id='word_1_97' title='bbox 1070 1755 1197 1840; x_wconf 88' lang='lat' dir='ltr'><strong>agimus</strong></span> <span class='ocrx_word' id='word_1_98' title='bbox 1224 1757 1261 1819; x_wconf 94' lang='lat' dir='ltr'><strong>ut</strong></span> <span class='ocrx_word' id='word_1_99' title='bbox 1289 1753 1328 1818; x_wconf 92' lang='lat' dir='ltr'><strong>de</strong></span> <span class='ocrx_word' id='word_1_100' title='bbox 1356 1754 1486 1840; x_wconf 82' lang='lat' dir='ltr'><strong>egregio</strong></span> <span class='ocrx_word' id='word_1_101' title='bbox 1517 1753 1644 1817; x_wconf 83' lang='lat' dir='ltr'><strong>librom</strong></span> 
     </span>
     <span class='ocr_line' id='line_1_12' title="bbox 368 1859 1602 1947; baseline -0.002 -21"><span class='ocrx_word' id='word_1_102' title='bbox 368 1862 591 1946; x_wconf 88' lang='lat' dir='ltr'><strong>detractemus,</strong></span> <span class='ocrx_word' id='word_1_103' title='bbox 614 1861 641 1926; x_wconf 91' lang='lat' dir='ltr'><strong>si</strong></span> <span class='ocrx_word' id='word_1_104' title='bbox 659 1862 831 1947; x_wconf 75' lang='lat' dir='ltr'><strong>possimne,</strong></span> <span class='ocrx_word' id='word_1_105' title='bbox 855 1861 910 1926; x_wconf 89' lang='lat' dir='ltr'><strong>sed</strong></span> <span class='ocrx_word' id='word_1_106' title='bbox 928 1863 966 1925; x_wconf 89' lang='lat' dir='ltr'><strong>ut</strong></span> <span class='ocrx_word' id='word_1_107' title='bbox 982 1861 1024 1924; x_wconf 91' lang='lat' dir='ltr'><strong>iis</strong></span> <span class='ocrx_word' id='word_1_108' title='bbox 1043 1860 1164 1945; x_wconf 89' lang='lat' dir='ltr'><strong>quibus</strong></span> <span class='ocrx_word' id='word_1_109' title='bbox 1181 1859 1260 1925; x_wconf 90' lang='lat' dir='ltr'><strong>haee</strong></span> <span class='ocrx_word' id='word_1_110' title='bbox 1278 1860 1444 1946; x_wconf 86' lang='lat' dir='ltr'><strong>prooemia</strong></span> <span class='ocrx_word' id='word_1_111' title='bbox 1463 1860 1602 1925; x_wconf 85' lang='lat' dir='ltr'><strong>scribare</strong></span> 
     </span>
     <span class='ocr_line' id='line_1_13' title="bbox 368 1967 1603 2052; baseline -0.003 -17"><span class='ocrx_word' id='word_1_112' title='bbox 368 1969 518 2052; x_wconf 88' lang='lat' dir='ltr'><strong>solemus,</strong></span> <span class='ocrx_word' id='word_1_113' title='bbox 540 1989 606 2033; x_wconf 91' lang='lat' dir='ltr'><strong>non</strong></span> <span class='ocrx_word' id='word_1_114' title='bbox 625 1967 730 2033; x_wconf 91' lang='lat' dir='ltr'><strong>doctis</strong></span> <span class='ocrx_word' id='word_1_115' title='bbox 747 1967 934 2033; x_wconf 91' lang='lat' dir='ltr'><strong>hominibus</strong></span> <span class='ocrx_word' id='word_1_116' title='bbox 953 1967 1009 2032; x_wconf 86' lang='lat' dir='ltr'><strong>sed</strong></span> <span class='ocrx_word' id='word_1_117' title='bbox 1028 1967 1168 2032; x_wconf 75' lang='lat' dir='ltr'><strong>strenuis</strong></span> <span class='ocrx_word' id='word_1_118' title='bbox 1187 1967 1446 2034; x_wconf 89' lang='lat' dir='ltr'><strong>adulescentibus</strong></span> <span class='ocrx_word' id='word_1_119' title='bbox 1465 1967 1506 2031; x_wconf 91' lang='lat' dir='ltr'><strong>ad</strong></span> <span class='ocrx_word' id='word_1_120' title='bbox 1523 1967 1603 2032; x_wconf 90' lang='lat' dir='ltr'><strong>haec</strong></span> 
     </span>
     <span class='ocr_line' id='line_1_14' title="bbox 367 2074 1603 2159; baseline -0.002 -19"><span class='ocrx_word' id='word_1_121' title='bbox 367 2076 474 2141; x_wconf 91' lang='lat' dir='ltr'><strong>studia</strong></span> <span class='ocrx_word' id='word_1_122' title='bbox 491 2075 708 2159; x_wconf 85' lang='lat' dir='ltr'><strong>tendentibus,</strong></span> <span class='ocrx_word' id='word_1_123' title='bbox 726 2077 823 2140; x_wconf 85' lang='lat' dir='ltr'><strong>ctiam</strong></span> <span class='ocrx_word' id='word_1_124' title='bbox 842 2079 940 2159; x_wconf 89' lang='lat' dir='ltr'><strong>atque</strong></span> <span class='ocrx_word' id='word_1_125' title='bbox 958 2076 1056 2139; x_wconf 90' lang='lat' dir='ltr'><strong>etiam</strong></span> <span class='ocrx_word' id='word_1_126' title='bbox 1076 2074 1336 2140; x_wconf 76' lang='lat' dir='ltr'><strong>commendemus</strong></span> <span class='ocrx_word' id='word_1_127' title='bbox 1350 2075 1503 2138; x_wconf 86' lang='lat' dir='ltr'><strong>eximium</strong></span> <span class='ocrx_word' id='word_1_128' title='bbox 1518 2095 1603 2138; x_wconf 91' lang='lat' dir='ltr'><strong>com·</strong></span> 
     </span>
     <span class='ocr_line' id='line_1_15' title="bbox 366 2179 1602 2267; baseline -0.003 -20"><span class='ocrx_word' id='word_1_129' title='bbox 366 2182 569 2267; x_wconf 82' lang='lat' dir='ltr'><strong>monterium,</strong></span> <span class='ocrx_word' id='word_1_130' title='bbox 588 2204 653 2267; x_wconf 92' lang='lat' dir='ltr'><strong>quo</strong></span> <span class='ocrx_word' id='word_1_131' title='bbox 668 2180 840 2266; x_wconf 83' lang='lat' dir='ltr'><strong>Sophoclis</strong></span> <span class='ocrx_word' id='word_1_132' title='bbox 855 2181 999 2246; x_wconf 88' lang='lat' dir='ltr'><strong>fabulam</strong></span> <span class='ocrx_word' id='word_1_133' title='bbox 1014 2181 1060 2244; x_wconf 87' lang='lat' dir='ltr'><strong>ita</strong></span> <span class='ocrx_word' id='word_1_134' title='bbox 1074 2180 1260 2264; x_wconf 83' lang='lat' dir='ltr'><strong>explanavit</strong></span> <span class='ocrx_word' id='word_1_135' title='bbox 1272 2184 1310 2244; x_wconf 93' lang='lat' dir='ltr'><strong>ut</strong></span> <span class='ocrx_word' id='word_1_136' title='bbox 1324 2179 1487 2264; x_wconf 86' lang='lat' dir='ltr'><strong>exemplar</strong></span> <span class='ocrx_word' id='word_1_137' title='bbox 1500 2179 1602 2263; x_wconf 92' lang='lat' dir='ltr'><strong>quod-</strong></span> 
     </span>
     <span class='ocr_line' id='line_1_16' title="bbox 367 2284 1602 2374; baseline -0.002 -22"><span class='ocrx_word' id='word_1_138' title='bbox 367 2289 440 2355; x_wconf 85' lang='lat' dir='ltr'><strong>dam</strong></span> <span class='ocrx_word' id='word_1_139' title='bbox 450 2290 553 2354; x_wconf 90' lang='lat' dir='ltr'><strong>iustae</strong></span> <span class='ocrx_word' id='word_1_140' title='bbox 562 2288 840 2374; x_wconf 86' lang='lat' dir='ltr'><strong>interpretationis</strong></span> <span class='ocrx_word' id='word_1_141' title='bbox 855 2286 1054 2373; x_wconf 88' lang='lat' dir='ltr'><strong>Sophocleae</strong></span> <span class='ocrx_word' id='word_1_142' title='bbox 1069 2286 1185 2352; x_wconf 82' lang='lat' dir='ltr'><strong>ederet.</strong></span> <span class='ocrx_word' id='word_1_143' title='bbox 1217 2284 1315 2352; x_wconf 80' lang='lat' dir='ltr'><strong>Cuius</strong></span> <span class='ocrx_word' id='word_1_144' title='bbox 1328 2287 1406 2352; x_wconf 91' lang='lat' dir='ltr'><strong>libri</strong></span> <span class='ocrx_word' id='word_1_145' title='bbox 1421 2287 1602 2373; x_wconf 84' lang='lat' dir='ltr'><strong>singulares</strong></span> 
     </span>
     <span class='ocr_line' id='line_1_17' title="bbox 367 2393 1602 2479; baseline -0.002 -18"><span class='ocrx_word' id='word_1_146' title='bbox 367 2397 504 2461; x_wconf 87' lang='lat' dir='ltr'><strong>virtutes</strong></span> <span class='ocrx_word' id='word_1_147' title='bbox 523 2395 728 2462; x_wconf 87' lang='lat' dir='ltr'><strong>vehementer</strong></span> <span class='ocrx_word' id='word_1_148' title='bbox 744 2395 922 2479; x_wconf 83' lang='lat' dir='ltr'><strong>laudamus,</strong></span> <span class='ocrx_word' id='word_1_149' title='bbox 945 2415 1142 2479; x_wconf 90' lang='lat' dir='ltr'><strong>quamquam</strong></span> <span class='ocrx_word' id='word_1_150' title='bbox 1161 2394 1289 2458; x_wconf 92' lang='lat' dir='ltr'><strong>suntin</strong></span> <span class='ocrx_word' id='word_1_151' title='bbox 1308 2393 1426 2478; x_wconf 85' lang='lat' dir='ltr'><strong>quibus</strong></span> <span class='ocrx_word' id='word_1_152' title='bbox 1445 2394 1485 2459; x_wconf 92' lang='lat' dir='ltr'><strong>ab</strong></span> <span class='ocrx_word' id='word_1_153' title='bbox 1503 2393 1602 2458; x_wconf 88' lang='lat' dir='ltr'><strong>inter-</strong></span> 
     </span>
     <span class='ocr_line' id='line_1_18' title="bbox 366 2500 1602 2588; baseline -0.002 -21"><span class='ocrx_word' id='word_1_154' title='bbox 366 2505 467 2588; x_wconf 89' lang='lat' dir='ltr'><strong>pretis</strong></span> <span class='ocrx_word' id='word_1_155' title='bbox 496 2503 656 2568; x_wconf 86' lang='lat' dir='ltr'><strong>sententia</strong></span> <span class='ocrx_word' id='word_1_156' title='bbox 681 2503 776 2569; x_wconf 91' lang='lat' dir='ltr'><strong>nobis</strong></span> <span class='ocrx_word' id='word_1_157' title='bbox 804 2501 1031 2567; x_wconf 88' lang='lat' dir='ltr'><strong>discedendum</strong></span> <span class='ocrx_word' id='word_1_158' title='bbox 1060 2522 1128 2567; x_wconf 87' lang='lat' dir='ltr'><strong>esse</strong></span> <span class='ocrx_word' id='word_1_159' title='bbox 1155 2500 1330 2568; x_wconf 87' lang='lat' dir='ltr'><strong>videamus.</strong></span> <span class='ocrx_word' id='word_1_160' title='bbox 1368 2500 1473 2578; x_wconf 85' lang='lat' dir='ltr'><strong>Quare</strong></span> <span class='ocrx_word' id='word_1_161' title='bbox 1501 2504 1539 2566; x_wconf 93' lang='lat' dir='ltr'><strong>ut</strong></span> <span class='ocrx_word' id='word_1_162' title='bbox 1561 2501 1602 2565; x_wconf 91' lang='lat' dir='ltr'><strong>iis</strong></span> 
     </span>
     <span class='ocr_line' id='line_1_19' title="bbox 368 2608 1603 2696; baseline -0.002 -21"><span class='ocrx_word' id='word_1_163' title='bbox 368 2611 485 2696; x_wconf 91' lang='lat' dir='ltr'><strong>quibus</strong></span> <span class='ocrx_word' id='word_1_164' title='bbox 517 2610 575 2675; x_wconf 89' lang='lat' dir='ltr'><strong>has</strong></span> <span class='ocrx_word' id='word_1_165' title='bbox 606 2611 799 2695; x_wconf 80' lang='lat' dir='ltr'><strong>scriptiones</strong></span> <span class='ocrx_word' id='word_1_166' title='bbox 827 2610 947 2675; x_wconf 88' lang='lat' dir='ltr'><strong>dicatas</strong></span> <span class='ocrx_word' id='word_1_167' title='bbox 976 2631 1045 2675; x_wconf 90' lang='lat' dir='ltr'><strong>esse</strong></span> <span class='ocrx_word' id='word_1_168' title='bbox 1073 2608 1222 2674; x_wconf 87' lang='lat' dir='ltr'><strong>volumus</strong></span> <span class='ocrx_word' id='word_1_169' title='bbox 1250 2608 1373 2693; x_wconf 88' lang='lat' dir='ltr'><strong>aliquid</strong></span> <span class='ocrx_word' id='word_1_170' title='bbox 1400 2609 1603 2674; x_wconf 81' lang='lat' dir='ltr'><strong>incitamenti</strong></span> 
     </span>
     <span class='ocr_line' id='line_1_20' title="bbox 367 2715 1602 2803; baseline -0.003 -20"><span class='ocrx_word' id='word_1_171' title='bbox 367 2717 530 2801; x_wconf 89' lang='lat' dir='ltr'><strong>addamus,</strong></span> <span class='ocrx_word' id='word_1_172' title='bbox 554 2739 618 2803; x_wconf 92' lang='lat' dir='ltr'><strong>quo</strong></span> <span class='ocrx_word' id='word_1_173' title='bbox 638 2718 796 2783; x_wconf 87' lang='lat' dir='ltr'><strong>intentius</strong></span> <span class='ocrx_word' id='word_1_174' title='bbox 815 2717 856 2781; x_wconf 89' lang='lat' dir='ltr'><strong>ad</strong></span> <span class='ocrx_word' id='word_1_175' title='bbox 874 2717 971 2783; x_wconf 87' lang='lat' dir='ltr'><strong>huius</strong></span> <span class='ocrx_word' id='word_1_176' title='bbox 988 2716 1067 2782; x_wconf 91' lang='lat' dir='ltr'><strong>libri</strong></span> <span class='ocrx_word' id='word_1_177' title='bbox 1086 2716 1230 2782; x_wconf 89' lang='lat' dir='ltr'><strong>studium</strong></span> <span class='ocrx_word' id='word_1_178' title='bbox 1249 2738 1283 2781; x_wconf 86' lang='lat' dir='ltr'><strong>sc</strong></span> <span class='ocrx_word' id='word_1_179' title='bbox 1302 2716 1376 2781; x_wconf 90' lang='lat' dir='ltr'><strong>dare</strong></span> <span class='ocrx_word' id='word_1_180' title='bbox 1395 2715 1505 2800; x_wconf 90' lang='lat' dir='ltr'><strong>velint,</strong></span> <span class='ocrx_word' id='word_1_181' title='bbox 1529 2737 1602 2781; x_wconf 91' lang='lat' dir='ltr'><strong>con-</strong></span> 
     </span>
     <span class='ocr_line' id='line_1_21' title="bbox 367 2821 1643 2911; baseline -0.002 -20"><span class='ocrx_word' id='word_1_182' title='bbox 367 2826 539 2891; x_wconf 88' lang='lat' dir='ltr'><strong>troversias</strong></span> <span class='ocrx_word' id='word_1_183' title='bbox 567 2825 722 2910; x_wconf 86' lang='lat' dir='ltr'><strong>quasdam</strong></span> <span class='ocrx_word' id='word_1_184' title='bbox 751 2824 1003 2911; x_wconf 89' lang='lat' dir='ltr'><strong>disceptabimus</strong></span> <span class='ocrx_word' id='word_1_185' title='bbox 1032 2824 1072 2891; x_wconf 90' lang='lat' dir='ltr'><strong>de</strong></span> <span class='ocrx_word' id='word_1_186' title='bbox 1095 2824 1213 2909; x_wconf 89' lang='lat' dir='ltr'><strong>quibus</strong></span> <span class='ocrx_word' id='word_1_187' title='bbox 1236 2823 1331 2890; x_wconf 92' lang='lat' dir='ltr'><strong>nobis</strong></span> <span class='ocrx_word' id='word_1_188' title='bbox 1355 2845 1428 2890; x_wconf 90' lang='lat' dir='ltr'><strong>oum</strong></span> <span class='ocrx_word' id='word_1_189' title='bbox 1451 2821 1601 2888; x_wconf 90' lang='lat' dir='ltr'><strong>Kaibelio</strong></span> <span class='ocrx_word' id='word_1_190' title='bbox 1616 2847 1643 2889; x_wconf 84' lang='lat' dir='ltr'><strong>ao</strong></span> 
     </span>
     <span class='ocr_line' id='line_1_22' title="bbox 366 2930 1602 3020; baseline -0.002 -23"><span class='ocrx_word' id='word_1_191' title='bbox 366 2956 434 2999; x_wconf 89' lang='lat' dir='ltr'><strong>non</strong></span> <span class='ocrx_word' id='word_1_192' title='bbox 461 2932 624 2998; x_wconf 88' lang='lat' dir='ltr'><strong>convenit:</strong></span> <span class='ocrx_word' id='word_1_193' title='bbox 653 2936 729 2997; x_wconf 89' lang='lat' dir='ltr'><strong>sunt</strong></span> <span class='ocrx_word' id='word_1_194' title='bbox 752 2937 860 2998; x_wconf 89' lang='lat' dir='ltr'><strong>autem</strong></span> <span class='ocrx_word' id='word_1_195' title='bbox 884 2933 1019 3020; x_wconf 81' lang='lat' dir='ltr'><strong>exiguae</strong></span> <span class='ocrx_word' id='word_1_196' title='bbox 1043 2954 1080 2997; x_wconf 91' lang='lat' dir='ltr'><strong>ac</strong></span> <span class='ocrx_word' id='word_1_197' title='bbox 1102 2931 1235 2997; x_wconf 90' lang='lat' dir='ltr'><strong>levioris</strong></span> <span class='ocrx_word' id='word_1_198' title='bbox 1259 2932 1456 3018; x_wconf 87' lang='lat' dir='ltr'><strong>argumenti,</strong></span> <span class='ocrx_word' id='word_1_199' title='bbox 1483 2930 1602 3015; x_wconf 91' lang='lat' dir='ltr'><strong>quibus</strong></span> 
     </span>
     <span class='ocr_line' id='line_1_23' title="bbox 368 3038 1602 3126; baseline -0.002 -22"><span class='ocrx_word' id='word_1_200' title='bbox 368 3043 476 3104; x_wconf 86' lang='lat' dir='ltr'><strong>tamen</strong></span> <span class='ocrx_word' id='word_1_201' title='bbox 497 3040 635 3105; x_wconf 84' lang='lat' dir='ltr'><strong>fortasse</strong></span> <span class='ocrx_word' id='word_1_202' title='bbox 659 3041 830 3126; x_wconf 87' lang='lat' dir='ltr'><strong>aperiatur,</strong></span> <span class='ocrx_word' id='word_1_203' title='bbox 857 3040 935 3123; x_wconf 93' lang='lat' dir='ltr'><strong>quid</strong></span> <span class='ocrx_word' id='word_1_204' title='bbox 958 3040 993 3104; x_wconf 92' lang='lat' dir='ltr'><strong>in</strong></span> <span class='ocrx_word' id='word_1_205' title='bbox 1014 3039 1079 3105; x_wconf 90' lang='lat' dir='ltr'><strong>hoc</strong></span> <span class='ocrx_word' id='word_1_206' title='bbox 1101 3060 1217 3125; x_wconf 89' lang='lat' dir='ltr'><strong>genere</strong></span> <span class='ocrx_word' id='word_1_207' title='bbox 1240 3038 1398 3121; x_wconf 84' lang='lat' dir='ltr'><strong>quibusve</strong></span> <span class='ocrx_word' id='word_1_208' title='bbox 1421 3038 1602 3103; x_wconf 89' lang='lat' dir='ltr'><strong>rationibus</strong></span> 
     </span>
     <span class='ocr_line' id='line_1_24' title="bbox 368 3146 660 3231; baseline 0 -21"><span class='ocrx_word' id='word_1_209' title='bbox 368 3146 480 3230; x_wconf 88' lang='lat' dir='ltr'><strong>quaeri</strong></span> <span class='ocrx_word' id='word_1_210' title='bbox 503 3150 660 3231; x_wconf 88' lang='lat' dir='ltr'><strong>oporteat.</strong></span> 
     </span>
    </p>

    <p class='ocr_par' dir='ltr' id='par_1_5' title="bbox 368 3248 1602 3445">
     <span class='ocr_line' id='line_1_25' title="bbox 457 3248 1602 3339; baseline -0.003 -22"><span class='ocrx_word' id='word_1_211' title='bbox 457 3252 632 3339; x_wconf 89' lang='lat' dir='ltr'><strong>Incipimus</strong></span> <span class='ocrx_word' id='word_1_212' title='bbox 656 3275 675 3317; x_wconf 91' lang='lat' dir='ltr'><strong>a</strong></span> <span class='ocrx_word' id='word_1_213' title='bbox 697 3253 870 3338; x_wconf 87' lang='lat' dir='ltr'><strong>postremis</strong></span> <span class='ocrx_word' id='word_1_214' title='bbox 893 3253 1024 3338; x_wconf 87' lang='lat' dir='ltr'><strong>prologi</strong></span> <span class='ocrx_word' id='word_1_215' title='bbox 1046 3252 1200 3317; x_wconf 89' lang='lat' dir='ltr'><strong>versibus.</strong></span> <span class='ocrx_word' id='word_1_216' title='bbox 1245 3248 1353 3315; x_wconf 91' lang='lat' dir='ltr'><strong>Oresti</strong></span> <span class='ocrx_word' id='word_1_217' title='bbox 1375 3250 1461 3314; x_wconf 91' lang='lat' dir='ltr'><strong>enim</strong></span> <span class='ocrx_word' id='word_1_218' title='bbox 1482 3250 1602 3314; x_wconf 90' lang='lat' dir='ltr'><strong>morari</strong></span> 
     </span>
     <span class='ocr_line' id='line_1_26' title="bbox 368 3355 1511 3445; baseline -0.005 -20"><span class='ocrx_word' id='word_1_219' title='bbox 368 3363 401 3425; x_wconf 87' lang='lat' dir='ltr'><strong>et</strong></span> <span class='ocrx_word' id='word_1_220' title='bbox 423 3359 570 3425; x_wconf 83' lang='lat' dir='ltr'><strong>Electrae</strong></span> <span class='ocrx_word' id='word_1_221' title='bbox 592 3359 743 3445; x_wconf 87' lang='lat' dir='ltr'><strong>planctus</strong></span> <span class='ocrx_word' id='word_1_222' title='bbox 766 3358 875 3424; x_wconf 90' lang='lat' dir='ltr'><strong>audire</strong></span> <span class='ocrx_word' id='word_1_223' title='bbox 899 3358 1042 3444; x_wconf 90' lang='lat' dir='ltr'><strong>cupienti</strong></span> <span class='ocrx_word' id='word_1_224' title='bbox 1065 3358 1144 3422; x_wconf 88' lang='lat' dir='ltr'><strong>haec</strong></span> <span class='ocrx_word' id='word_1_225' title='bbox 1166 3356 1372 3442; x_wconf 87' lang='lat' dir='ltr'><strong>paedagogus</strong></span> <span class='ocrx_word' id='word_1_226' title='bbox 1397 3355 1511 3420; x_wconf 91' lang='lat' dir='ltr'><strong>obiicit</strong></span> 
     </span>
    </p>

    <p class='ocr_par' dir='ltr' id='par_1_6' title="bbox 495 3461 1446 3872">
     <span class='ocr_line' id='line_1_27' title="bbox 496 3461 1267 3552; baseline -0.005 -20"><span class='ocrx_word' id='word_1_227' title='bbox 496 3467 538 3532; x_wconf 83' lang='grc'><strong>82</strong></span> <span class='ocrx_word' id='word_1_228' title='bbox 584 3468 710 3551; x_wconf 79' lang='grc' dir='ltr'>ἥκιστα.</span> <span class='ocrx_word' id='word_1_229' title='bbox 732 3466 838 3552; x_wconf 75' lang='grc' dir='ltr'><strong><em>μηδὲν</em></strong></span> <span class='ocrx_word' id='word_1_230' title='bbox 860 3469 1012 3551; x_wconf 78' lang='grc' dir='ltr'><strong><em>πρόσθεν</em></strong></span> <span class='ocrx_word' id='word_1_231' title='bbox 1035 3463 1056 3548; x_wconf 79' lang='grc' dir='ltr'><em>ἢ</em></span> <span class='ocrx_word' id='word_1_232' title='bbox 1078 3465 1118 3529; x_wconf 81' lang='grc' dir='ltr'><strong>τὰ</strong></span> <span class='ocrx_word' id='word_1_233' title='bbox 1143 3461 1267 3541; x_wconf 82' lang='grc' dir='ltr'><strong><em>Λοξίου</em></strong></span> 
     </span>
     <span class='ocr_line' id='line_1_28' title="bbox 582 3570 1360 3660; baseline -0.006 -21"><span class='ocrx_word' id='word_1_234' title='bbox 582 3572 769 3660; x_wconf 75' lang='grc' dir='ltr'>πειρώμεθ’</span> <span class='ocrx_word' id='word_1_235' title='bbox 791 3570 905 3658; x_wconf 78' lang='grc' dir='ltr'>ἔρδειν</span> <span class='ocrx_word' id='word_1_236' title='bbox 927 3572 1013 3637; x_wconf 78' lang='grc' dir='ltr'><strong>κάπὸ</strong></span> <span class='ocrx_word' id='word_1_237' title='bbox 1037 3570 1144 3639; x_wconf 79' lang='grc' dir='ltr'><strong><em>τῶνδ’</em></strong></span> <span class='ocrx_word' id='word_1_238' title='bbox 1167 3570 1360 3657; x_wconf 79' lang='grc' dir='ltr'><em>ἀρχηγετεῖν</em></span> 
     </span>
     <span class='ocr_line' id='line_1_29' title="bbox 582 3676 1357 3766; baseline -0.003 -22"><span class='ocrx_word' id='word_1_239' title='bbox 582 3682 708 3766; x_wconf 80' lang='grc' dir='ltr'><em>πατρὸς</em></span> <span class='ocrx_word' id='word_1_240' title='bbox 731 3680 862 3765; x_wconf 79' lang='grc' dir='ltr'><strong><em>χέοντες</em></strong></span> <span class='ocrx_word' id='word_1_241' title='bbox 885 3680 1023 3764; x_wconf 80' lang='grc' dir='ltr'><strong><em>λουτρά·</em></strong></span> <span class='ocrx_word' id='word_1_242' title='bbox 1047 3687 1150 3745; x_wconf 81' lang='grc' dir='ltr'><strong><em>ταῦτα</em></strong></span> <span class='ocrx_word' id='word_1_243' title='bbox 1173 3679 1237 3764; x_wconf 81' lang='grc' dir='ltr'><strong>γὰρ</strong></span> <span class='ocrx_word' id='word_1_244' title='bbox 1262 3676 1357 3763; x_wconf 79' lang='grc' dir='ltr'>φέρει</span> 
     </span>
     <span class='ocr_line' id='line_1_30' title="bbox 495 3782 1446 3872; baseline -0.005 -20"><span class='ocrx_word' id='word_1_245' title='bbox 495 3787 538 3852; x_wconf 85' lang='grc'><strong>85</strong></span> <span class='ocrx_word' id='word_1_246' title='bbox 583 3790 682 3872; x_wconf 83' lang='grc' dir='ltr'><strong><em>νίκην</em></strong></span> <span class='ocrx_word' id='word_1_247' title='bbox 704 3786 739 3852; x_wconf 85' lang='grc' dir='ltr'><strong>τ’</strong></span> <span class='ocrx_word' id='word_1_248' title='bbox 761 3786 821 3871; x_wconf 80' lang='grc' dir='ltr'><strong>ἐφ’</strong></span> <span class='ocrx_word' id='word_1_249' title='bbox 842 3788 923 3872; x_wconf 75' lang='grc' dir='ltr'><strong><em>ἡμῖν</em></strong></span> <span class='ocrx_word' id='word_1_250' title='bbox 944 3784 1000 3852; x_wconf 78' lang='grc' dir='ltr'><strong>καὶ</strong></span> <span class='ocrx_word' id='word_1_251' title='bbox 1023 3787 1143 3871; x_wconf 79' lang='grc' dir='ltr'><strong><em>κράτος</em></strong></span> <span class='ocrx_word' id='word_1_252' title='bbox 1166 3782 1240 3851; x_wconf 86' lang='grc' dir='ltr'><strong>τῶν</strong></span> <span class='ocrx_word' id='word_1_253' title='bbox 1256 3782 1446 3869; x_wconf 77' lang='grc' dir='ltr'><strong><em>δρωμένων.</em></strong></span> 
     </span>
    </p>

    <p class='ocr_par' dir='ltr' id='par_1_7' title="bbox 369 3888 1643 4618">
     <span class='ocr_line' id='line_1_31' title="bbox 369 3888 1643 3979; baseline -0.002 -21"><span class='ocrx_word' id='word_1_254' title='bbox 369 3892 407 3958; x_wconf 91' lang='lat' dir='ltr'><strong>In</strong></span> <span class='ocrx_word' id='word_1_255' title='bbox 431 3898 575 3960; x_wconf 85' lang='lat' dir='ltr'><strong>extrema</strong></span> <span class='ocrx_word' id='word_1_256' title='bbox 597 3895 712 3960; x_wconf 89' lang='lat' dir='ltr'><strong>harum</strong></span> <span class='ocrx_word' id='word_1_257' title='bbox 736 3893 896 3960; x_wconf 85' lang='lat' dir='ltr'><strong>sententia</strong></span> <span class='ocrx_word' id='word_1_258' title='bbox 917 3893 1043 3979; x_wconf 84' lang='lat' dir='ltr'><strong>primus</strong></span> <span class='ocrx_word' id='word_1_259' title='bbox 1066 3892 1125 3957; x_wconf 83' lang='lat' dir='ltr'><strong>Ed.</strong></span> <span class='ocrx_word' id='word_1_260' title='bbox 1148 3891 1322 3957; x_wconf 78' lang='lat' dir='ltr'><strong>&#39;furnerius</strong></span> <span class='ocrx_word' id='word_1_261' title='bbox 1346 3888 1517 3974; x_wconf 87' lang='lat' dir='ltr'><strong>Sophoclis</strong></span> <span class='ocrx_word' id='word_1_262' title='bbox 1540 3892 1603 3953; x_wconf 75' lang='lat' dir='ltr'><strong>tra</strong></span> <span class='ocrx_word' id='word_1_263' title='bbox 1616 3913 1643 3955; x_wconf 81' lang='lat' dir='ltr'><strong>ao</strong></span> 
     </span>
     <span class='ocr_line' id='line_1_32' title="bbox 370 3994 1603 4087; baseline -0.004 -22"><span class='ocrx_word' id='word_1_264' title='bbox 370 4000 494 4087; x_wconf 90' lang='lat' dir='ltr'><strong>goediis</strong></span> <span class='ocrx_word' id='word_1_265' title='bbox 513 4024 540 4066; x_wconf 88' lang='lat' dir='ltr'><strong>a</strong></span> <span class='ocrx_word' id='word_1_266' title='bbox 556 4000 642 4067; x_wconf 82' lang='lat'>1862</span> <span class='ocrx_word' id='word_1_267' title='bbox 661 4001 756 4067; x_wconf 88' lang='lat' dir='ltr'><strong>editis</strong></span> <span class='ocrx_word' id='word_1_268' title='bbox 776 4023 810 4066; x_wconf 91' lang='lat' dir='ltr'><strong>se</strong></span> <span class='ocrx_word' id='word_1_269' title='bbox 828 4002 923 4067; x_wconf 86' lang='lat' dir='ltr'><strong>malle</strong></span> <span class='ocrx_word' id='word_1_270' title='bbox 941 4001 1026 4065; x_wconf 90' lang='lat' dir='ltr'><strong>dixit</strong></span> <span class='ocrx_word' id='word_1_271' title='bbox 1044 3996 1137 4087; x_wconf 82' lang='lat' dir='ltr'><strong>(noas</strong></span> <span class='ocrx_word' id='word_1_272' title='bbox 1155 4000 1267 4065; x_wconf 72' lang='lat' dir='ltr'><strong>leima</strong></span> <span class='ocrx_word' id='word_1_273' title='bbox 1282 3994 1460 4083; x_wconf 62' lang='lat' dir='ltr'><strong>nouom)</strong></span> <span class='ocrx_word' id='word_1_274' title='bbox 1478 3998 1603 4061; x_wconf 82' lang='lat' dir='ltr'><strong>ratione</strong></span> 
     </span>
     <span class='ocr_line' id='line_1_33' title="bbox 370 4104 1604 4194; baseline -0.003 -23"><span class='ocrx_word' id='word_1_275' title='bbox 370 4129 437 4172; x_wconf 91' lang='lat' dir='ltr'><strong>non</strong></span> <span class='ocrx_word' id='word_1_276' title='bbox 459 4106 568 4173; x_wconf 87' lang='lat' dir='ltr'><strong>addita</strong></span> <span class='ocrx_word' id='word_1_277' title='bbox 590 4117 694 4173; x_wconf 72' lang='lat' dir='ltr'><strong>ruina</strong></span> <span class='ocrx_word' id='word_1_278' title='bbox 716 4109 781 4194; x_wconf 80' lang='grc' dir='ltr'><strong>γὰρ</strong></span> <span class='ocrx_word' id='word_1_279' title='bbox 805 4107 922 4193; x_wconf 78' lang='grc' dir='ltr'>φέρειν</span> <span class='ocrx_word' id='word_1_280' title='bbox 944 4110 1044 4191; x_wconf 86' lang='grc' dir='ltr'><strong><em>νίκην</em></strong></span> <span class='ocrx_word' id='word_1_281' title='bbox 1066 4130 1101 4172; x_wconf 83' lang='grc' dir='ltr'><strong>τε</strong></span> <span class='ocrx_word' id='word_1_282' title='bbox 1124 4106 1211 4191; x_wconf 82' lang='grc' dir='ltr'><strong><em>φημί</em></strong></span> <span class='ocrx_word' id='word_1_283' title='bbox 1232 4129 1260 4170; x_wconf 85' lang='grc' dir='ltr'><strong>κ.</strong></span> <span class='ocrx_word' id='word_1_284' title='bbox 1279 4129 1307 4170; x_wconf 85' lang='grc' dir='ltr'><strong>κ.</strong></span> <span class='ocrx_word' id='word_1_285' title='bbox 1344 4104 1493 4187; x_wconf 76' lang='lat' dir='ltr'><strong>Eumque</strong></span> <span class='ocrx_word' id='word_1_286' title='bbox 1517 4125 1604 4169; x_wconf 88' lang='lat' dir='ltr'><strong>secu-</strong></span> 
     </span>
     <span class='ocr_line' id='line_1_34' title="bbox 371 4210 1602 4298; baseline -0.003 -20"><span class='ocrx_word' id='word_1_287' title='bbox 371 4218 424 4278; x_wconf 91' lang='lat' dir='ltr'><strong>tus</strong></span> <span class='ocrx_word' id='word_1_288' title='bbox 446 4213 628 4280; x_wconf 86' lang='lat' dir='ltr'><strong>Fridericus</strong></span> <span class='ocrx_word' id='word_1_289' title='bbox 651 4213 841 4298; x_wconf 87' lang='lat' dir='ltr'><strong>Blaydesius</strong></span> <span class='ocrx_word' id='word_1_290' title='bbox 869 4214 925 4298; x_wconf 93' lang='lat' dir='ltr'><strong>qui</strong></span> <span class='ocrx_word' id='word_1_291' title='bbox 950 4212 1121 4297; x_wconf 87' lang='lat' dir='ltr'><strong>Sophoclis</strong></span> <span class='ocrx_word' id='word_1_292' title='bbox 1145 4211 1306 4277; x_wconf 83' lang='lat' dir='ltr'><strong>Electram</strong></span> <span class='ocrx_word' id='word_1_293' title='bbox 1334 4212 1436 4277; x_wconf 90' lang='lat' dir='ltr'><strong>solam</strong></span> <span class='ocrx_word' id='word_1_294' title='bbox 1463 4232 1492 4275; x_wconf 90' lang='lat' dir='ltr'><strong>a.</strong></span> <span class='ocrx_word' id='word_1_295' title='bbox 1517 4210 1602 4275; x_wconf 80' lang='lat'>1873</span> 
     </span>
     <span class='ocr_line' id='line_1_35' title="bbox 371 4317 1604 4406; baseline -0.003 -21"><span class='ocrx_word' id='word_1_296' title='bbox 371 4319 513 4387; x_wconf 85' lang='lat' dir='ltr'><strong>ediderat</strong></span> <span class='ocrx_word' id='word_1_297' title='bbox 535 4321 598 4387; x_wconf 91' lang='lat' dir='ltr'><strong>hoc</strong></span> <span class='ocrx_word' id='word_1_298' title='bbox 619 4320 703 4386; x_wconf 86' lang='lat' dir='ltr'><strong>idam</strong></span> <span class='ocrx_word' id='word_1_299' title='bbox 727 4322 845 4386; x_wconf 88' lang='lat' dir='ltr'><strong>iterum</strong></span> <span class='ocrx_word' id='word_1_300' title='bbox 867 4320 1046 4406; x_wconf 87' lang='lat' dir='ltr'><strong>proposuit,</strong></span> <span class='ocrx_word' id='word_1_301' title='bbox 1070 4318 1175 4405; x_wconf 91' lang='lat' dir='ltr'><strong>simul,</strong></span> <span class='ocrx_word' id='word_1_302' title='bbox 1198 4341 1280 4403; x_wconf 87' lang='lat' dir='ltr'><strong>quae</strong></span> <span class='ocrx_word' id='word_1_303' title='bbox 1304 4322 1354 4383; x_wconf 89' lang='lat' dir='ltr'><strong>est</strong></span> <span class='ocrx_word' id='word_1_304' title='bbox 1376 4317 1445 4383; x_wconf 85' lang='lat' dir='ltr'><strong>eius</strong></span> <span class='ocrx_word' id='word_1_305' title='bbox 1467 4317 1604 4382; x_wconf 88' lang='lat' dir='ltr'><strong>mirifica</strong></span> 
     </span>
     <span class='ocr_line' id='line_1_36' title="bbox 371 4424 1604 4512; baseline -0.002 -20"><span class='ocrx_word' id='word_1_306' title='bbox 371 4427 562 4493; x_wconf 87' lang='lat' dir='ltr'><strong>coniiciendi</strong></span> <span class='ocrx_word' id='word_1_307' title='bbox 580 4427 728 4510; x_wconf 85' lang='lat' dir='ltr'><strong>facilitas,</strong></span> <span class='ocrx_word' id='word_1_308' title='bbox 746 4426 914 4512; x_wconf 89' lang='lat' dir='ltr'><strong>complura</strong></span> <span class='ocrx_word' id='word_1_309' title='bbox 932 4427 997 4492; x_wconf 88' lang='lat' dir='ltr'><strong>alia</strong></span> <span class='ocrx_word' id='word_1_310' title='bbox 1015 4449 1096 4510; x_wconf 86' lang='lat' dir='ltr'><strong>quac</strong></span> <span class='ocrx_word' id='word_1_311' title='bbox 1114 4448 1180 4491; x_wconf 91' lang='lat' dir='ltr'><strong>non</strong></span> <span class='ocrx_word' id='word_1_312' title='bbox 1196 4426 1302 4491; x_wconf 87' lang='lat' dir='ltr'><strong>minus</strong></span> <span class='ocrx_word' id='word_1_313' title='bbox 1315 4425 1396 4490; x_wconf 88' lang='lat' dir='ltr'><strong>bene</strong></span> <span class='ocrx_word' id='word_1_314' title='bbox 1410 4424 1604 4489; x_wconf 87' lang='lat' dir='ltr'><strong>traditorum</strong></span> 
     </span>
     <span class='ocr_line' id='line_1_37' title="bbox 370 4531 1603 4618; baseline -0.003 -20"><span class='ocrx_word' id='word_1_315' title='bbox 370 4534 443 4600; x_wconf 87' lang='lat' dir='ltr'><strong>loco</strong></span> <span class='ocrx_word' id='word_1_316' title='bbox 467 4534 565 4600; x_wconf 86' lang='lat' dir='ltr'><strong>scribi</strong></span> <span class='ocrx_word' id='word_1_317' title='bbox 588 4535 731 4618; x_wconf 88' lang='lat' dir='ltr'><strong>potuisse</strong></span> <span class='ocrx_word' id='word_1_318' title='bbox 754 4534 907 4599; x_wconf 87' lang='lat' dir='ltr'><strong>affirmat:</strong></span> <span class='ocrx_word' id='word_1_319' title='bbox 931 4555 1013 4618; x_wconf 87' lang='lat' dir='ltr'><strong>quae</strong></span> <span class='ocrx_word' id='word_1_320' title='bbox 1031 4555 1195 4599; x_wconf 86' lang='lat' dir='ltr'><strong>recensere</strong></span> <span class='ocrx_word' id='word_1_321' title='bbox 1213 4532 1296 4598; x_wconf 91' lang='lat' dir='ltr'><strong>nihil</strong></span> <span class='ocrx_word' id='word_1_322' title='bbox 1315 4531 1439 4597; x_wconf 89' lang='lat' dir='ltr'><strong>attinet.</strong></span> <span class='ocrx_word' id='word_1_323' title='bbox 1476 4531 1603 4596; x_wconf 81' lang='lat' dir='ltr'><strong>Tertius</strong></span> 
     </span>
    </p>

    <p class='ocr_par' dir='ltr' id='par_1_8' title="bbox 459 4686 1602 4761">
     <span class='ocr_line' id='line_1_38' title="bbox 459 4686 1602 4761; baseline -0.004 -16"><span class='ocrx_word' id='word_1_324' title='bbox 459 4692 507 4761; x_wconf 76' lang='grc'><strong>*2)</strong></span> <span class='ocrx_word' id='word_1_325' title='bbox 526 4691 568 4745; x_wconf 81' lang='lat' dir='ltr'><strong>Ex</strong></span> <span class='ocrx_word' id='word_1_326' title='bbox 586 4691 640 4745; x_wconf 87' lang='lat' dir='ltr'><strong>hac</strong></span> <span class='ocrx_word' id='word_1_327' title='bbox 657 4689 769 4745; x_wconf 86' lang='lat' dir='ltr'><strong>ratione</strong></span> <span class='ocrx_word' id='word_1_328' title='bbox 787 4704 860 4758; x_wconf 87' lang='lat' dir='ltr'><strong>quae</strong></span> <span class='ocrx_word' id='word_1_329' title='bbox 878 4689 953 4745; x_wconf 90' lang='lat' dir='ltr'><strong>inter</strong></span> <span class='ocrx_word' id='word_1_330' title='bbox 970 4689 1022 4746; x_wconf 87' lang='lat' dir='ltr'><strong>hae</strong></span> <span class='ocrx_word' id='word_1_331' title='bbox 1037 4690 1236 4761; x_wconf 85' lang='lat' dir='ltr'><strong>hypothesium</strong></span> <span class='ocrx_word' id='word_1_332' title='bbox 1250 4688 1354 4744; x_wconf 81' lang='lat' dir='ltr'><strong>formas</strong></span> <span class='ocrx_word' id='word_1_333' title='bbox 1369 4686 1520 4743; x_wconf 83' lang='lat' dir='ltr'><strong>intercedit</strong></span> <span class='ocrx_word' id='word_1_334' title='bbox 1533 4686 1602 4755; x_wconf 89' lang='lat' dir='ltr'><strong>quid</strong></span> 
     </span>
    </p>
   </div>
   <div class='ocr_carea' id='block_1_4' title="bbox 370 4776 1603 4937">
    <p class='ocr_par' dir='ltr' id='par_1_9' title="bbox 370 4776 1603 4937">
     <span class='ocr_line' id='line_1_39' title="bbox 370 4776 1603 4853; baseline -0.004 -17"><span class='ocrx_word' id='word_1_335' title='bbox 370 4780 523 4853; x_wconf 86' lang='lat' dir='ltr'><strong>colligatur</strong></span> <span class='ocrx_word' id='word_1_336' title='bbox 541 4780 576 4836; x_wconf 86' lang='lat' dir='ltr'><strong>de</strong></span> <span class='ocrx_word' id='word_1_337' title='bbox 594 4779 725 4835; x_wconf 85' lang='lat' dir='ltr'><strong>universa</strong></span> <span class='ocrx_word' id='word_1_338' title='bbox 742 4778 950 4833; x_wconf 85' lang='lat' dir='ltr'><strong>necessitudine</strong></span> <span class='ocrx_word' id='word_1_339' title='bbox 969 4795 1027 4847; x_wconf 90' lang='lat' dir='ltr'><strong>qua</strong></span> <span class='ocrx_word' id='word_1_340' title='bbox 1045 4797 1109 4834; x_wconf 89' lang='lat' dir='ltr'><strong>cum</strong></span> <span class='ocrx_word' id='word_1_341' title='bbox 1123 4778 1220 4835; x_wconf 87' lang='lat' dir='ltr'><strong>codice</strong></span> <span class='ocrx_word' id='word_1_342' title='bbox 1233 4778 1423 4833; x_wconf 83' lang='lat' dir='ltr'><strong>Laurentiano</strong></span> <span class='ocrx_word' id='word_1_343' title='bbox 1437 4776 1603 4833; x_wconf 86' lang='lat' dir='ltr'><strong>coniunctus</strong></span> 
     </span>
     <span class='ocr_line' id='line_1_40' title="bbox 371 4868 1191 4937; baseline 0 -13"><span class='ocrx_word' id='word_1_344' title='bbox 371 4869 410 4925; x_wconf 87' lang='lat' dir='ltr'><strong>sit</strong></span> <span class='ocrx_word' id='word_1_345' title='bbox 427 4869 572 4924; x_wconf 83' lang='lat' dir='ltr'><strong>Parisinus</strong></span> <span class='ocrx_word' id='word_1_346' title='bbox 590 4884 664 4923; x_wconf 88' lang='lat' dir='ltr'><strong>nunc</strong></span> <span class='ocrx_word' id='word_1_347' title='bbox 684 4868 782 4924; x_wconf 82' lang='lat' dir='ltr'><strong>dedita</strong></span> <span class='ocrx_word' id='word_1_348' title='bbox 800 4883 886 4937; x_wconf 87' lang='lat' dir='ltr'><strong>opera</strong></span> <span class='ocrx_word' id='word_1_349' title='bbox 903 4868 1035 4937; x_wconf 87' lang='lat' dir='ltr'><strong>persequi</strong></span> <span class='ocrx_word' id='word_1_350' title='bbox 1053 4868 1191 4924; x_wconf 85' lang='lat' dir='ltr'><strong>nolumus.</strong></span> 
     </span>
    </p>
   </div>
   <div class='ocr_carea' id='block_1_5' title="bbox 0 0 1999 5725">
    <p class='ocr_par' dir='ltr' id='par_1_10' title="bbox 0 0 1999 5725">
     <span class='ocr_line' id='line_1_41' title="bbox 0 0 1999 5725; baseline 0 0"><span class='ocrx_word' id='word_1_351' title='bbox 0 0 1999 5725; x_wconf 95' lang='lat' dir='ltr'><strong> </strong></span> 
     </span>
    </p>
   </div>
  </div>
 </body>
</html>
