<?xml version="1.0" encoding="UTF-8"?>
<!DOCTYPE html PUBLIC "-//W3C//DTD XHTML 1.0 Transitional//EN"
    "http://www.w3.org/TR/xhtml1/DTD/xhtml1-transitional.dtd">
<html xmlns="http://www.w3.org/1999/xhtml" xml:lang="en" lang="en">
 <head>
  <title>
</title>
<meta http-equiv="Content-Type" content="text/html;charset=utf-8" />
  <meta name='ocr-system' content='tesseract 3.04.00' />
  <meta name='ocr-capabilities' content='ocr_page ocr_carea ocr_par ocr_line ocrx_word'/>
</head>
<body>
  <div class='ocr_page' id='page_1' title='image "./iohannisvahleni00vahlgoog/iohannisvahleni00vahlgoog_0178.png"; bbox 0 0 3967 5725; ppageno 0'>
   <div class='ocr_carea' id='block_1_1' title="bbox 410 597 1497 661">
    <p class='ocr_par' dir='ltr' id='par_1_1' title="bbox 410 597 1497 661">
     <span class='ocr_line' id='line_1_1' title="bbox 410 597 1497 661; baseline 0.003 -9"><span class='ocrx_word' id='word_1_1' title='bbox 410 597 474 661; x_wconf 75' lang='grc'><strong>170</strong></span> <span class='ocrx_word' id='word_1_2' title='bbox 635 602 706 653; x_wconf 89' lang='lat' dir='ltr'>XLI.</span> <span class='ocrx_word' id='word_1_3' title='bbox 726 602 841 653; x_wconf 82' lang='lat' dir='ltr'>INDEX</span> <span class='ocrx_word' id='word_1_4' title='bbox 859 601 1074 653; x_wconf 81' lang='lat' dir='ltr'>LEGTIONUM</span> <span class='ocrx_word' id='word_1_5' title='bbox 1091 602 1323 655; x_wconf 79' lang='lat' dir='ltr'><strong>AESTIVARUM</strong></span> <span class='ocrx_word' id='word_1_6' title='bbox 1343 606 1420 656; x_wconf 82' lang='lat'>1895.</span> <span class='ocrx_word' id='word_1_7' title='bbox 1496 629 1497 635; x_wconf 43' lang='lat'>¹</span> 
     </span>
    </p>
   </div>
   <div class='ocr_carea' id='block_1_2' title="bbox 365 758 1681 4496">
    <p class='ocr_par' dir='ltr' id='par_1_2' title="bbox 365 758 1681 4496">
     <span class='ocr_line' id='line_1_2' title="bbox 585 758 1640 853; baseline 0.003 -27"><span class='ocrx_word' id='word_1_8' title='bbox 585 771 655 827; x_wconf 86' lang='grc' dir='ltr'><strong>τοῦ</strong></span> <span class='ocrx_word' id='word_1_9' title='bbox 683 764 828 839; x_wconf 84' lang='grc' dir='ltr'><strong><em>παντὸς</em></strong></span> <span class='ocrx_word' id='word_1_10' title='bbox 856 762 903 826; x_wconf 77' lang='grc' dir='ltr'><strong>ἂν</strong></span> <span class='ocrx_word' id='word_1_11' title='bbox 929 758 977 845; x_wconf 69' lang='grc' dir='ltr'><strong>ἣν</strong></span> <span class='ocrx_word' id='word_1_12' title='bbox 1005 762 1113 841; x_wconf 79' lang='grc' dir='ltr'><strong><em>ἄξιος</em></strong></span> <span class='ocrx_word' id='word_1_13' title='bbox 1135 761 1370 853; x_wconf 78' lang='grc' dir='ltr'><strong><em>Ἀλεξάνδρῳ</em></strong></span> <span class='ocrx_word' id='word_1_14' title='bbox 1393 774 1577 843; x_wconf 68' lang='grc' dir='ltr'><strong><em>παρεῖναι</em></strong></span> <span class='ocrx_word' id='word_1_15' title='bbox 1601 787 1640 829; x_wconf 80' lang='grc' dir='ltr'><strong>τε</strong></span> 
     </span>
     <span class='ocr_line' id='line_1_3' title="bbox 585 867 1639 955; baseline 0.002 -22"><span class='ocrx_word' id='word_1_16' title='bbox 585 867 648 933; x_wconf 82' lang='grc' dir='ltr'><strong>καὶ</strong></span> <span class='ocrx_word' id='word_1_17' title='bbox 676 867 879 945; x_wconf 74' lang='grc' dir='ltr'><strong><em>ἐπαυλεῖν,</em></strong></span> <span class='ocrx_word' id='word_1_18' title='bbox 907 869 948 935; x_wconf 86' lang='grc' dir='ltr'><strong>οὐ</strong></span> <span class='ocrx_word' id='word_1_19' title='bbox 979 869 1103 935; x_wconf 80' lang='grc' dir='ltr'><strong><em>θύοντι</em></strong></span> <span class='ocrx_word' id='word_1_20' title='bbox 1129 873 1235 955; x_wconf 82' lang='grc' dir='ltr'><strong><em>μόνον</em></strong></span> <span class='ocrx_word' id='word_1_21' title='bbox 1258 870 1342 936; x_wconf 82' lang='grc' dir='ltr'><strong><em>ἀλλὰ</em></strong></span> <span class='ocrx_word' id='word_1_22' title='bbox 1364 869 1420 936; x_wconf 79' lang='grc' dir='ltr'><strong>καὶ</strong></span> <span class='ocrx_word' id='word_1_23' title='bbox 1443 873 1551 948; x_wconf 78' lang='grc' dir='ltr'><strong><em>ἄλλως</em></strong></span> <span class='ocrx_word' id='word_1_24' title='bbox 1572 876 1639 937; x_wconf 83' lang='grc' dir='ltr'><strong><em>κτλ.</em></strong></span> 
     </span>
     <span class='ocr_line' id='line_1_4' title="bbox 406 974 1640 1062; baseline 0.003 -23"><span class='ocrx_word' id='word_1_25' title='bbox 406 974 482 1040; x_wconf 90' lang='lat' dir='ltr'><strong>Non</strong></span> <span class='ocrx_word' id='word_1_26' title='bbox 500 976 696 1062; x_wconf 79' lang='lat' dir='ltr'>negligimus</span> <span class='ocrx_word' id='word_1_27' title='bbox 715 976 947 1060; x_wconf 87' lang='lat' dir='ltr'><strong>praetereundo</strong></span> <span class='ocrx_word' id='word_1_28' title='bbox 967 998 1153 1061; x_wconf 88' lang='lat' dir='ltr'><strong>memorare,</strong></span> <span class='ocrx_word' id='word_1_29' title='bbox 1171 999 1245 1043; x_wconf 92' lang='lat' dir='ltr'><strong>cum</strong></span> <span class='ocrx_word' id='word_1_30' title='bbox 1263 978 1310 1044; x_wconf 90' lang='lat' dir='ltr'><strong>ita</strong></span> <span class='ocrx_word' id='word_1_31' title='bbox 1328 978 1414 1043; x_wconf 89' lang='lat' dir='ltr'><strong>dicat</strong></span> <span class='ocrx_word' id='word_1_32' title='bbox 1428 980 1460 1043; x_wconf 78' lang='lat' dir='ltr'><strong>et</strong></span> <span class='ocrx_word' id='word_1_33' title='bbox 1471 979 1640 1062; x_wconf 75' lang='grc' dir='ltr'><strong><em>ἠπίστατο,</em></strong></span> 
     </span>
     <span class='ocr_line' id='line_1_5' title="bbox 406 1079 1641 1170; baseline 0 -21"><span class='ocrx_word' id='word_1_34' title='bbox 406 1082 497 1161; x_wconf 80' lang='grc' dir='ltr'><strong><em>ἄξιος</em></strong></span> <span class='ocrx_word' id='word_1_35' title='bbox 519 1082 562 1147; x_wconf 73' lang='grc' dir='ltr'><strong>ἂν</strong></span> <span class='ocrx_word' id='word_1_36' title='bbox 583 1079 627 1166; x_wconf 75' lang='grc' dir='ltr'><strong>ἦν</strong></span> <span class='ocrx_word' id='word_1_37' title='bbox 645 1082 710 1147; x_wconf 88' lang='grc' dir='ltr'><strong>Ἀλ.</strong></span> <span class='ocrx_word' id='word_1_38' title='bbox 729 1095 884 1167; x_wconf 77' lang='grc' dir='ltr'><strong><em>παρεῖναι</em></strong></span> <span class='ocrx_word' id='word_1_39' title='bbox 906 1083 937 1147; x_wconf 92' lang='lat' dir='ltr'><strong>h.</strong></span> <span class='ocrx_word' id='word_1_40' title='bbox 954 1105 979 1149; x_wconf 88' lang='lat' dir='ltr'><strong>c.</strong></span> <span class='ocrx_word' id='word_1_41' title='bbox 1004 1084 1031 1149; x_wconf 90' lang='lat' dir='ltr'><strong>si</strong></span> <span class='ocrx_word' id='word_1_42' title='bbox 1055 1084 1215 1167; x_wconf 82' lang='lat' dir='ltr'><strong>sciuisset,</strong></span> <span class='ocrx_word' id='word_1_43' title='bbox 1239 1085 1356 1170; x_wconf 84' lang='lat' dir='ltr'><strong>dignus</strong></span> <span class='ocrx_word' id='word_1_44' title='bbox 1379 1089 1465 1150; x_wconf 89' lang='lat' dir='ltr'><strong>esset</strong></span> <span class='ocrx_word' id='word_1_45' title='bbox 1488 1087 1545 1169; x_wconf 94' lang='lat' dir='ltr'><strong>qui</strong></span> <span class='ocrx_word' id='word_1_46' title='bbox 1566 1084 1641 1150; x_wconf 84' lang='lat' dir='ltr'><strong>Ale-</strong></span> 
     </span>
     <span class='ocr_line' id='line_1_6' title="bbox 405 1189 1640 1276; baseline 0.002 -22"><span class='ocrx_word' id='word_1_47' title='bbox 405 1189 528 1255; x_wconf 83' lang='lat' dir='ltr'><strong>xandro</strong></span> <span class='ocrx_word' id='word_1_48' title='bbox 552 1190 685 1275; x_wconf 77' lang='lat' dir='ltr'><strong>adesset,</strong></span> <span class='ocrx_word' id='word_1_49' title='bbox 708 1191 787 1255; x_wconf 88' lang='lat' dir='ltr'><strong>haec</strong></span> <span class='ocrx_word' id='word_1_50' title='bbox 810 1191 928 1255; x_wconf 88' lang='lat' dir='ltr'><strong>habere</strong></span> <span class='ocrx_word' id='word_1_51' title='bbox 952 1213 1022 1255; x_wconf 88' lang='lat' dir='ltr'><strong>eam</strong></span> <span class='ocrx_word' id='word_1_52' title='bbox 1045 1191 1182 1256; x_wconf 83' lang='lat' dir='ltr'><strong>formam</strong></span> <span class='ocrx_word' id='word_1_53' title='bbox 1206 1191 1362 1257; x_wconf 89' lang='lat' dir='ltr'><strong>orationis</strong></span> <span class='ocrx_word' id='word_1_54' title='bbox 1387 1214 1482 1276; x_wconf 90' lang='lat' dir='ltr'><strong>quam</strong></span> <span class='ocrx_word' id='word_1_55' title='bbox 1502 1193 1640 1276; x_wconf 88' lang='lat' dir='ltr'><strong>quidam,</strong></span> 
     </span>
     <span class='ocr_line' id='line_1_7' title="bbox 406 1295 1642 1383; baseline 0.001 -22"><span class='ocrx_word' id='word_1_56' title='bbox 406 1302 443 1361; x_wconf 85' lang='lat' dir='ltr'><strong>nt</strong></span> <span class='ocrx_word' id='word_1_57' title='bbox 457 1297 606 1381; x_wconf 88' lang='lat' dir='ltr'><strong>vidimus,</strong></span> <span class='ocrx_word' id='word_1_58' title='bbox 621 1295 793 1383; x_wconf 79' lang='lat' dir='ltr'><strong>Sophoclis</strong></span> <span class='ocrx_word' id='word_1_59' title='bbox 807 1298 914 1362; x_wconf 84' lang='lat' dir='ltr'><strong>versui</strong></span> <span class='ocrx_word' id='word_1_60' title='bbox 928 1302 1056 1383; x_wconf 78' lang='lat' dir='ltr'><strong>praeter</strong></span> <span class='ocrx_word' id='word_1_61' title='bbox 1069 1298 1227 1363; x_wconf 91' lang='lat' dir='ltr'><strong>librorum</strong></span> <span class='ocrx_word' id='word_1_62' title='bbox 1240 1299 1463 1366; x_wconf 88' lang='lat' dir='ltr'><strong>testimonium</strong></span> <span class='ocrx_word' id='word_1_63' title='bbox 1474 1301 1642 1383; x_wconf 87' lang='lat' dir='ltr'><strong>etpraeter</strong></span> 
     </span>
     <span class='ocr_line' id='line_1_8' title="bbox 406 1404 1640 1490; baseline 0.001 -21"><span class='ocrx_word' id='word_1_64' title='bbox 406 1409 520 1490; x_wconf 87' lang='lat' dir='ltr'><strong>poetae</strong></span> <span class='ocrx_word' id='word_1_65' title='bbox 543 1408 683 1469; x_wconf 90' lang='lat' dir='ltr'><strong>mentem</strong></span> <span class='ocrx_word' id='word_1_66' title='bbox 707 1404 878 1470; x_wconf 74' lang='lat' dir='ltr'>obtrudere</span> <span class='ocrx_word' id='word_1_67' title='bbox 900 1406 1009 1470; x_wconf 88' lang='lat' dir='ltr'><strong>conati</strong></span> <span class='ocrx_word' id='word_1_68' title='bbox 1032 1410 1116 1470; x_wconf 91' lang='lat' dir='ltr'><strong>sunt.</strong></span> <span class='ocrx_word' id='word_1_69' title='bbox 1154 1404 1217 1471; x_wconf 86' lang='lat' dir='ltr'><strong>Sed</strong></span> <span class='ocrx_word' id='word_1_70' title='bbox 1234 1405 1298 1471; x_wconf 91' lang='lat' dir='ltr'><strong>Dio</strong></span> <span class='ocrx_word' id='word_1_71' title='bbox 1318 1407 1404 1490; x_wconf 92' lang='lat' dir='ltr'><strong>quod</strong></span> <span class='ocrx_word' id='word_1_72' title='bbox 1423 1405 1470 1471; x_wconf 86' lang='lat' dir='ltr'><strong>ita</strong></span> <span class='ocrx_word' id='word_1_73' title='bbox 1487 1405 1640 1489; x_wconf 88' lang='lat' dir='ltr'><strong>loquitur,</strong></span> 
     </span>
     <span class='ocr_line' id='line_1_9' title="bbox 405 1505 1642 1599; baseline 0.002 -24"><span class='ocrx_word' id='word_1_74' title='bbox 405 1534 473 1577; x_wconf 89' lang='lat' dir='ltr'><strong>non</strong></span> <span class='ocrx_word' id='word_1_75' title='bbox 495 1509 586 1589; x_wconf 81' lang='grc' dir='ltr'><strong><em>ἄξιος</em></strong></span> <span class='ocrx_word' id='word_1_76' title='bbox 609 1511 651 1576; x_wconf 74' lang='grc' dir='ltr'><strong>ἄν</strong></span> <span class='ocrx_word' id='word_1_77' title='bbox 673 1505 716 1594; x_wconf 78' lang='grc' dir='ltr'><strong>ἦν</strong></span> <span class='ocrx_word' id='word_1_78' title='bbox 734 1509 933 1599; x_wconf 78' lang='grc' dir='ltr'><strong><em>Ἀλεξάνδρῳ</em></strong></span> <span class='ocrx_word' id='word_1_79' title='bbox 955 1524 1110 1596; x_wconf 82' lang='grc' dir='ltr'><strong><em>παρεῖναι</em></strong></span> <span class='ocrx_word' id='word_1_80' title='bbox 1134 1512 1190 1577; x_wconf 89' lang='lat' dir='ltr'><strong>sed</strong></span> <span class='ocrx_word' id='word_1_81' title='bbox 1208 1522 1268 1578; x_wconf 86' lang='grc' dir='ltr'><strong>τοῦ</strong></span> <span class='ocrx_word' id='word_1_82' title='bbox 1288 1514 1410 1589; x_wconf 77' lang='grc' dir='ltr'><strong><em>παντὸς</em></strong></span> <span class='ocrx_word' id='word_1_83' title='bbox 1429 1514 1471 1577; x_wconf 73' lang='grc' dir='ltr'><strong>ἂν</strong></span> <span class='ocrx_word' id='word_1_84' title='bbox 1489 1507 1531 1595; x_wconf 75' lang='grc' dir='ltr'><strong>ἦν</strong></span> <span class='ocrx_word' id='word_1_85' title='bbox 1551 1510 1642 1589; x_wconf 75' lang='grc' dir='ltr'><strong><em>ἄξιος</em></strong></span> 
     </span>
     <span class='ocr_line' id='line_1_10' title="bbox 400 1612 1632 1703; baseline -0.001 -21"><span class='ocrx_word' id='word_1_86' title='bbox 400 1612 467 1683; x_wconf 90' lang='grc' dir='ltr'><strong>Ἀλ.</strong></span> <span class='ocrx_word' id='word_1_87' title='bbox 494 1628 662 1702; x_wconf 76' lang='grc' dir='ltr'><strong><em>παρεῖναι,</em></strong></span> <span class='ocrx_word' id='word_1_88' title='bbox 694 1618 758 1682; x_wconf 90' lang='lat' dir='ltr'><strong>duo</strong></span> <span class='ocrx_word' id='word_1_89' title='bbox 791 1618 851 1683; x_wconf 85' lang='lat' dir='ltr'><strong>viri</strong></span> <span class='ocrx_word' id='word_1_90' title='bbox 885 1616 1004 1685; x_wconf 81' lang='lat' dir='ltr'><strong>Graece</strong></span> <span class='ocrx_word' id='word_1_91' title='bbox 1035 1618 1181 1702; x_wconf 88' lang='lat' dir='ltr'><strong>perdocti</strong></span> <span class='ocrx_word' id='word_1_92' title='bbox 1212 1618 1386 1685; x_wconf 88' lang='lat' dir='ltr'><strong>haeserunt</strong></span> <span class='ocrx_word' id='word_1_93' title='bbox 1417 1618 1632 1703; x_wconf 76' lang='lat' dir='ltr'><strong>obstupefacti</strong></span> 
     </span>
     <span class='ocr_line' id='line_1_11' title="bbox 365 1724 1641 1810; baseline -0.001 -20"><span class='ocrx_word' id='word_1_94' title='bbox 365 1750 392 1791; x_wconf 82' lang='lat' dir='ltr'><strong>ro</strong></span> <span class='ocrx_word' id='word_1_95' title='bbox 404 1746 510 1810; x_wconf 87' lang='lat' dir='ltr'><strong>neque</strong></span> <span class='ocrx_word' id='word_1_96' title='bbox 528 1746 562 1789; x_wconf 89' lang='lat' dir='ltr'><strong>se</strong></span> <span class='ocrx_word' id='word_1_97' title='bbox 582 1725 802 1809; x_wconf 80' lang='lat' dir='ltr'><strong>expedienmt3</strong></span> <span class='ocrx_word' id='word_1_98' title='bbox 821 1748 960 1810; x_wconf 91' lang='lat' dir='ltr'><strong>qnorum</strong></span> <span class='ocrx_word' id='word_1_99' title='bbox 974 1724 1243 1791; x_wconf 82' lang='lat' dir='ltr'><strong>Wilamowitnius</strong></span> <span class='ocrx_word' id='word_1_100' title='bbox 1262 1728 1318 1791; x_wconf 79' lang='grc' dir='ltr'><strong>θνα</strong></span> <span class='ocrx_word' id='word_1_101' title='bbox 1337 1730 1460 1803; x_wconf 84' lang='grc' dir='ltr'><strong><em>παντός</em></strong></span> <span class='ocrx_word' id='word_1_102' title='bbox 1479 1725 1641 1789; x_wconf 86' lang='lat' dir='ltr'><strong>dubitanti</strong></span> 
     </span>
     <span class='ocr_line' id='line_1_12' title="bbox 406 1827 1642 1916; baseline -0.002 -18"><span class='ocrx_word' id='word_1_103' title='bbox 406 1832 591 1898; x_wconf 88' lang='lat' dir='ltr'><strong>coniectura</strong></span> <span class='ocrx_word' id='word_1_104' title='bbox 622 1853 681 1916; x_wconf 93' lang='lat' dir='ltr'><strong>pro</strong></span> <span class='ocrx_word' id='word_1_105' title='bbox 715 1841 775 1898; x_wconf 80' lang='grc' dir='ltr'><strong>τοῦ</strong></span> <span class='ocrx_word' id='word_1_106' title='bbox 803 1834 939 1915; x_wconf 83' lang='grc' dir='ltr'><strong><em>παντός,</em></strong></span> <span class='ocrx_word' id='word_1_107' title='bbox 970 1831 1137 1897; x_wconf 87' lang='lat' dir='ltr'><strong>Arnimius</strong></span> <span class='ocrx_word' id='word_1_108' title='bbox 1170 1842 1230 1898; x_wconf 80' lang='grc' dir='ltr'><strong>τοῦ</strong></span> <span class='ocrx_word' id='word_1_109' title='bbox 1259 1835 1382 1910; x_wconf 82' lang='grc' dir='ltr'><strong><em>παντὸς</em></strong></span> <span class='ocrx_word' id='word_1_110' title='bbox 1412 1832 1455 1897; x_wconf 78' lang='grc' dir='ltr'><strong>ἂν</strong></span> <span class='ocrx_word' id='word_1_111' title='bbox 1482 1827 1524 1915; x_wconf 76' lang='grc' dir='ltr'><strong>ἦν</strong></span> <span class='ocrx_word' id='word_1_112' title='bbox 1552 1832 1642 1910; x_wconf 80' lang='grc' dir='ltr'><strong><em>ἄξιος</em></strong></span> 
     </span>
     <span class='ocr_line' id='line_1_13' title="bbox 405 1938 1642 2025; baseline -0.001 -22"><span class='ocrx_word' id='word_1_113' title='bbox 405 1940 562 2023; x_wconf 76' lang='grc' dir='ltr'><strong><em>παρεῖναί</em></strong></span> <span class='ocrx_word' id='word_1_114' title='bbox 588 1962 623 2004; x_wconf 83' lang='grc' dir='ltr'><strong>τε</strong></span> <span class='ocrx_word' id='word_1_115' title='bbox 649 1940 704 2005; x_wconf 80' lang='grc' dir='ltr'><strong>καὶ</strong></span> <span class='ocrx_word' id='word_1_116' title='bbox 733 1938 891 2004; x_wconf 78' lang='grc' dir='ltr'><strong><em>ἐπαυλεῖν</em></strong></span> <span class='ocrx_word' id='word_1_117' title='bbox 919 1938 1081 2017; x_wconf 69' lang='grc' dir='ltr'><strong>(ἐθέλων)4</strong></span> <span class='ocrx_word' id='word_1_118' title='bbox 1101 1940 1209 2004; x_wconf 83' lang='lat' dir='ltr'><strong>addito</strong></span> <span class='ocrx_word' id='word_1_119' title='bbox 1237 1941 1410 2025; x_wconf 88' lang='lat' dir='ltr'><strong>participio</strong></span> <span class='ocrx_word' id='word_1_120' title='bbox 1438 1939 1642 2004; x_wconf 88' lang='lat' dir='ltr'><strong>scribendum</strong></span> 
     </span>
     <span class='ocr_line' id='line_1_14' title="bbox 404 2044 1642 2130; baseline 0.001 -22"><span class='ocrx_word' id='word_1_121' title='bbox 404 2046 585 2130; x_wconf 89' lang='lat' dir='ltr'><strong>proposuit.</strong></span> <span class='ocrx_word' id='word_1_122' title='bbox 624 2044 687 2110; x_wconf 86' lang='lat' dir='ltr'><strong>Sed</strong></span> <span class='ocrx_word' id='word_1_123' title='bbox 704 2047 745 2111; x_wconf 92' lang='lat' dir='ltr'><strong>iis</strong></span> <span class='ocrx_word' id='word_1_124' title='bbox 763 2045 815 2111; x_wconf 92' lang='lat' dir='ltr'><strong>his</strong></span> <span class='ocrx_word' id='word_1_125' title='bbox 834 2046 914 2129; x_wconf 91' lang='lat' dir='ltr'><strong>ipsis</strong></span> <span class='ocrx_word' id='word_1_126' title='bbox 933 2045 1055 2130; x_wconf 90' lang='lat' dir='ltr'><strong>diebus,</strong></span> <span class='ocrx_word' id='word_1_127' title='bbox 1074 2046 1192 2129; x_wconf 90' lang='lat' dir='ltr'><strong>quibus</strong></span> <span class='ocrx_word' id='word_1_128' title='bbox 1205 2047 1285 2111; x_wconf 89' lang='lat' dir='ltr'><strong>haee</strong></span> <span class='ocrx_word' id='word_1_129' title='bbox 1299 2046 1478 2127; x_wconf 88' lang='lat' dir='ltr'><strong>scribimus,</strong></span> <span class='ocrx_word' id='word_1_130' title='bbox 1497 2044 1642 2111; x_wconf 90' lang='lat' dir='ltr'><strong>eruditus</strong></span> 
     </span>
     <span class='ocr_line' id='line_1_15' title="bbox 404 2151 1643 2241; baseline -0.001 -25"><span class='ocrx_word' id='word_1_131' title='bbox 404 2153 546 2217; x_wconf 83' lang='lat' dir='ltr'><strong>Batavus</strong></span> <span class='ocrx_word' id='word_1_132' title='bbox 574 2154 767 2241; x_wconf 78' lang='lat' dir='ltr'><strong>repugnavit</strong></span> <span class='ocrx_word' id='word_1_133' title='bbox 795 2152 1029 2227; x_wconf 87' lang='lat' dir='ltr'><strong>Herwerdenus</strong></span> <span class='ocrx_word' id='word_1_134' title='bbox 1058 2152 1228 2239; x_wconf 82' lang='lat' dir='ltr'><strong>(Mnemos.</strong></span> <span class='ocrx_word' id='word_1_135' title='bbox 1253 2176 1280 2217; x_wconf 88' lang='lat' dir='ltr'><strong>a.</strong></span> <span class='ocrx_word' id='word_1_136' title='bbox 1302 2153 1388 2218; x_wconf 88' lang='lat'>1894</span> <span class='ocrx_word' id='word_1_137' title='bbox 1411 2177 1442 2238; x_wconf 93' lang='lat' dir='ltr'><strong>p.</strong></span> <span class='ocrx_word' id='word_1_138' title='bbox 1464 2151 1558 2239; x_wconf 76' lang='lat'><strong>125),</strong></span> <span class='ocrx_word' id='word_1_139' title='bbox 1586 2152 1643 2235; x_wconf 92' lang='lat' dir='ltr'><strong>qui</strong></span> 
     </span>
     <span class='ocr_line' id='line_1_16' title="bbox 405 2260 1643 2345; baseline -0.002 -20"><span class='ocrx_word' id='word_1_140' title='bbox 405 2282 483 2329; x_wconf 78' lang='lat' dir='ltr'><strong>sena</strong></span> <span class='ocrx_word' id='word_1_141' title='bbox 506 2282 574 2325; x_wconf 89' lang='lat' dir='ltr'><strong>esse</strong></span> <span class='ocrx_word' id='word_1_142' title='bbox 597 2260 696 2325; x_wconf 85' lang='lat' dir='ltr'><strong>verba</strong></span> <span class='ocrx_word' id='word_1_143' title='bbox 719 2260 836 2325; x_wconf 92' lang='lat' dir='ltr'><strong>Dionis</strong></span> <span class='ocrx_word' id='word_1_144' title='bbox 860 2265 1029 2344; x_wconf 83' lang='lat' dir='ltr'><strong>asseverat,</strong></span> <span class='ocrx_word' id='word_1_145' title='bbox 1053 2260 1110 2325; x_wconf 89' lang='lat' dir='ltr'><strong>sed</strong></span> <span class='ocrx_word' id='word_1_146' title='bbox 1133 2282 1215 2343; x_wconf 82' lang='lat' dir='ltr'><strong>quae</strong></span> <span class='ocrx_word' id='word_1_147' title='bbox 1238 2260 1332 2324; x_wconf 83' lang='lat' dir='ltr'><strong>affert</strong></span> <span class='ocrx_word' id='word_1_148' title='bbox 1353 2261 1429 2325; x_wconf 91' lang='lat' dir='ltr'><strong>dum</strong></span> <span class='ocrx_word' id='word_1_149' title='bbox 1446 2264 1643 2345; x_wconf 87' lang='lat' dir='ltr'><strong>reputamus,</strong></span> 
     </span>
     <span class='ocr_line' id='line_1_17' title="bbox 406 2366 1644 2452; baseline -0.003 -19"><span class='ocrx_word' id='word_1_150' title='bbox 406 2368 561 2433; x_wconf 91' lang='lat' dir='ltr'><strong>orationis</strong></span> <span class='ocrx_word' id='word_1_151' title='bbox 589 2372 737 2432; x_wconf 89' lang='lat' dir='ltr'><strong>naturam</strong></span> <span class='ocrx_word' id='word_1_152' title='bbox 765 2389 879 2451; x_wconf 88' lang='lat' dir='ltr'><strong>parum</strong></span> <span class='ocrx_word' id='word_1_153' title='bbox 903 2367 999 2431; x_wconf 90' lang='lat' dir='ltr'><strong>nobis</strong></span> <span class='ocrx_word' id='word_1_154' title='bbox 1021 2368 1225 2451; x_wconf 84' lang='lat' dir='ltr'><strong>perspexisse</strong></span> <span class='ocrx_word' id='word_1_155' title='bbox 1247 2368 1430 2452; x_wconf 81' lang='lat' dir='ltr'><strong>videbatur3</strong></span> <span class='ocrx_word' id='word_1_156' title='bbox 1457 2390 1533 2431; x_wconf 86' lang='lat' dir='ltr'><strong>nam</strong></span> <span class='ocrx_word' id='word_1_157' title='bbox 1556 2366 1644 2451; x_wconf 90' lang='lat' dir='ltr'><strong>quod</strong></span> 
     </span>
     <span class='ocr_line' id='line_1_18' title="bbox 406 2473 1645 2556; baseline -0.002 -18"><span class='ocrx_word' id='word_1_158' title='bbox 406 2475 452 2539; x_wconf 87' lang='lat' dir='ltr'><strong>ait</strong></span> <span class='ocrx_word' id='word_1_159' title='bbox 480 2474 601 2539; x_wconf 73' lang='lat' dir='ltr'><strong>‘omnis</strong></span> <span class='ocrx_word' id='word_1_160' title='bbox 631 2476 813 2540; x_wconf 84' lang='lat' dir='ltr'><strong>sententiae</strong></span> <span class='ocrx_word' id='word_1_161' title='bbox 832 2474 881 2538; x_wconf 83' lang='lat' dir='ltr'><strong>uis</strong></span> <span class='ocrx_word' id='word_1_162' title='bbox 906 2476 1012 2548; x_wconf 90' lang='lat' dir='ltr'><strong>estin</strong></span> <span class='ocrx_word' id='word_1_163' title='bbox 1037 2476 1077 2539; x_wconf 87' lang='grc' dir='ltr'><strong>οὐ</strong></span> <span class='ocrx_word' id='word_1_164' title='bbox 1100 2476 1205 2556; x_wconf 87' lang='grc' dir='ltr'><strong><em>μόνον</em></strong></span> <span class='ocrx_word' id='word_1_165' title='bbox 1227 2512 1273 2521; x_wconf 95' lang='grc'>-</span> <span class='ocrx_word' id='word_1_166' title='bbox 1296 2473 1379 2539; x_wconf 79' lang='grc' dir='ltr'><strong><em>ἀλλὰ</em></strong></span> <span class='ocrx_word' id='word_1_167' title='bbox 1402 2474 1474 2539; x_wconf 82' lang='grc' dir='ltr'><strong><em>καλ’</em></strong></span> <span class='ocrx_word' id='word_1_168' title='bbox 1498 2473 1538 2537; x_wconf 91' lang='lat' dir='ltr'><strong>ad</strong></span> <span class='ocrx_word' id='word_1_169' title='bbox 1560 2473 1645 2537; x_wconf 88' lang='lat' dir='ltr'><strong>hanc</strong></span> 
     </span>
     <span class='ocr_line' id='line_1_19' title="bbox 406 2577 1644 2667; baseline -0.001 -22"><span class='ocrx_word' id='word_1_170' title='bbox 406 2603 533 2645; x_wconf 85' lang='lat' dir='ltr'><strong>cansam</strong></span> <span class='ocrx_word' id='word_1_171' title='bbox 558 2604 653 2665; x_wconf 89' lang='lat' dir='ltr'><strong>quam</strong></span> <span class='ocrx_word' id='word_1_172' title='bbox 678 2583 804 2667; x_wconf 83' lang='lat' dir='ltr'><strong>agimus</strong></span> <span class='ocrx_word' id='word_1_173' title='bbox 828 2581 911 2646; x_wconf 89' lang='lat' dir='ltr'><strong>nihil</strong></span> <span class='ocrx_word' id='word_1_174' title='bbox 929 2582 1080 2665; x_wconf 86' lang='lat' dir='ltr'><strong>pertinet,</strong></span> <span class='ocrx_word' id='word_1_175' title='bbox 1104 2584 1135 2645; x_wconf 89' lang='lat' dir='ltr'><strong>et</strong></span> <span class='ocrx_word' id='word_1_176' title='bbox 1155 2581 1242 2665; x_wconf 88' lang='lat' dir='ltr'><strong>quod</strong></span> <span class='ocrx_word' id='word_1_177' title='bbox 1261 2580 1314 2645; x_wconf 79' lang='lat' dir='ltr'><strong>‘ad</strong></span> <span class='ocrx_word' id='word_1_178' title='bbox 1331 2590 1392 2646; x_wconf 86' lang='grc' dir='ltr'><strong>τοῦ</strong></span> <span class='ocrx_word' id='word_1_179' title='bbox 1411 2582 1536 2657; x_wconf 86' lang='grc' dir='ltr'><strong><em>παντὸς</em></strong></span> <span class='ocrx_word' id='word_1_180' title='bbox 1554 2577 1644 2657; x_wconf 77' lang='grc' dir='ltr'><strong><em>ἄξιος</em></strong></span> 
     </span>
     <span class='ocr_line' id='line_1_20' title="bbox 407 2684 1645 2774; baseline -0.003 -19"><span class='ocrx_word' id='word_1_181' title='bbox 407 2688 546 2755; x_wconf 85' lang='lat' dir='ltr'><strong>conferri</strong></span> <span class='ocrx_word' id='word_1_182' title='bbox 569 2687 659 2753; x_wconf 89' lang='lat' dir='ltr'><strong>iubet</strong></span> <span class='ocrx_word' id='word_1_183' title='bbox 682 2706 707 2751; x_wconf 91' lang='lat'><strong>11</strong></span> <span class='ocrx_word' id='word_1_184' title='bbox 722 2692 741 2768; x_wconf 66' lang='grc' dir='ltr'>ξ</span> <span class='ocrx_word' id='word_1_185' title='bbox 757 2688 804 2771; x_wconf 84' lang='grc'><strong>8’,</strong></span> <span class='ocrx_word' id='word_1_186' title='bbox 827 2688 884 2752; x_wconf 92' lang='lat' dir='ltr'><strong>ubi</strong></span> <span class='ocrx_word' id='word_1_187' title='bbox 907 2688 987 2753; x_wconf 87' lang='lat' dir='ltr'><strong>haec</strong></span> <span class='ocrx_word' id='word_1_188' title='bbox 1009 2689 1162 2774; x_wconf 90' lang='lat' dir='ltr'><strong>leguntur</strong></span> <span class='ocrx_word' id='word_1_189' title='bbox 1184 2688 1245 2752; x_wconf 81' lang='grc' dir='ltr'><strong>τὸν</strong></span> <span class='ocrx_word' id='word_1_190' title='bbox 1269 2684 1304 2752; x_wconf 73' lang='grc' dir='ltr'><strong>δὲ</strong></span> <span class='ocrx_word' id='word_1_191' title='bbox 1323 2686 1495 2770; x_wconf 76' lang='grc' dir='ltr'><strong><em>Ἡσίοδον,</em></strong></span> <span class='ocrx_word' id='word_1_192' title='bbox 1520 2684 1645 2752; x_wconf 67' lang='lat' dir='ltr'><strong>eme</strong></span> 
     </span>
     <span class='ocr_line' id='line_1_21' title="bbox 365 2788 1644 2882; baseline -0.002 -23"><span class='ocrx_word' id='word_1_193' title='bbox 365 2818 393 2859; x_wconf 81' lang='lat' dir='ltr'><strong>ro</strong></span> <span class='ocrx_word' id='word_1_194' title='bbox 407 2793 537 2880; x_wconf 81' lang='grc' dir='ltr'><strong><em>ξανδρε,</em></strong></span> <span class='ocrx_word' id='word_1_195' title='bbox 557 2794 673 2880; x_wconf 74' lang='grc' dir='ltr'><strong><em>ὀλίγον</em></strong></span> <span class='ocrx_word' id='word_1_196' title='bbox 694 2793 788 2874; x_wconf 80' lang='grc' dir='ltr'><strong><em>ἄξιον</em></strong></span> <span class='ocrx_word' id='word_1_197' title='bbox 806 2799 941 2881; x_wconf 79' lang='grc' dir='ltr'><strong><em>κρίνεις,</em></strong></span> <span class='ocrx_word' id='word_1_198' title='bbox 960 2792 1036 2882; x_wconf 80' lang='grc' dir='ltr'><em>ἔφη,</em></span> <span class='ocrx_word' id='word_1_199' title='bbox 1053 2797 1208 2881; x_wconf 60' lang='lat' dir='ltr'><strong>coopertu,</strong></span> <span class='ocrx_word' id='word_1_200' title='bbox 1227 2796 1289 2862; x_wconf 88' lang='grc' dir='ltr'><strong>οὐκ</strong></span> <span class='ocrx_word' id='word_1_201' title='bbox 1305 2792 1419 2879; x_wconf 79' lang='grc' dir='ltr'><strong><em>ἔγωγε,</em></strong></span> <span class='ocrx_word' id='word_1_202' title='bbox 1439 2788 1541 2880; x_wconf 75' lang='grc' dir='ltr'><strong><em>εἶπεν,</em></strong></span> <span class='ocrx_word' id='word_1_203' title='bbox 1560 2794 1644 2859; x_wconf 75' lang='grc' dir='ltr'><strong><em>ἀλλὰ</em></strong></span> 
     </span>
     <span class='ocr_line' id='line_1_22' title="bbox 405 2902 1644 2988; baseline -0.003 -19"><span class='ocrx_word' id='word_1_204' title='bbox 405 2912 466 2969; x_wconf 84' lang='grc' dir='ltr'><strong>τοῦ</strong></span> <span class='ocrx_word' id='word_1_205' title='bbox 489 2905 628 2984; x_wconf 77' lang='grc' dir='ltr'><strong><em>παντός,</em></strong></span> <span class='ocrx_word' id='word_1_206' title='bbox 651 2902 769 2987; x_wconf 92' lang='lat' dir='ltr'><strong>quibus</strong></span> <span class='ocrx_word' id='word_1_207' title='bbox 794 2902 908 2968; x_wconf 81' lang='lat' dir='ltr'><strong>addere</strong></span> <span class='ocrx_word' id='word_1_208' title='bbox 931 2907 1067 2988; x_wconf 87' lang='lat' dir='ltr'><strong>poterat,</strong></span> <span class='ocrx_word' id='word_1_209' title='bbox 1095 2904 1122 2967; x_wconf 93' lang='lat' dir='ltr'><strong>si</strong></span> <span class='ocrx_word' id='word_1_210' title='bbox 1145 2905 1227 2968; x_wconf 91' lang='lat' dir='ltr'><strong>tanti</strong></span> <span class='ocrx_word' id='word_1_211' title='bbox 1250 2907 1328 2988; x_wconf 88' lang='lat' dir='ltr'><strong>erat,</strong></span> <span class='ocrx_word' id='word_1_212' title='bbox 1352 2925 1434 2986; x_wconf 82' lang='lat' dir='ltr'><strong>quae</strong></span> <span class='ocrx_word' id='word_1_213' title='bbox 1458 2906 1586 2968; x_wconf 84' lang='lat' dir='ltr'><strong>exstant</strong></span> <span class='ocrx_word' id='word_1_214' title='bbox 1609 2902 1644 2966; x_wconf 94' lang='lat' dir='ltr'><strong>in</strong></span> 
     </span>
     <span class='ocr_line' id='line_1_23' title="bbox 406 3007 1643 3095; baseline -0.002 -19"><span class='ocrx_word' id='word_1_215' title='bbox 406 3009 591 3095; x_wconf 80' lang='lat' dir='ltr'><strong>or.3,104</strong></span> <span class='ocrx_word' id='word_1_216' title='bbox 619 3013 650 3076; x_wconf 83' lang='grc' dir='ltr'><strong>εἰ</strong></span> <span class='ocrx_word' id='word_1_217' title='bbox 677 3007 713 3076; x_wconf 74' lang='grc' dir='ltr'><strong>δὲ</strong></span> <span class='ocrx_word' id='word_1_218' title='bbox 741 3008 914 3094; x_wconf 81' lang='grc' dir='ltr'><strong><em>ὀφθαλμοὶ</em></strong></span> <span class='ocrx_word' id='word_1_219' title='bbox 939 3008 1005 3088; x_wconf 84' lang='grc' dir='ltr'><strong>(καὶ</strong></span> <span class='ocrx_word' id='word_1_220' title='bbox 1030 3007 1110 3086; x_wconf 82' lang='grc' dir='ltr'><strong>ὦτα)</strong></span> <span class='ocrx_word' id='word_1_221' title='bbox 1139 3012 1192 3076; x_wconf 79' lang='grc' dir='ltr'><strong>καὶ</strong></span> <span class='ocrx_word' id='word_1_222' title='bbox 1216 3015 1358 3094; x_wconf 80' lang='grc' dir='ltr'><strong><em>γλῶτται</em></strong></span> <span class='ocrx_word' id='word_1_223' title='bbox 1382 3009 1436 3075; x_wconf 77' lang='grc' dir='ltr'><strong>καὶ</strong></span> <span class='ocrx_word' id='word_1_224' title='bbox 1461 3021 1567 3095; x_wconf 78' lang='grc' dir='ltr'><em>χεῖρες</em></span> <span class='ocrx_word' id='word_1_225' title='bbox 1589 3009 1643 3075; x_wconf 81' lang='grc' dir='ltr'><strong>ἆν-</strong></span> 
     </span>
     <span class='ocr_line' id='line_1_24' title="bbox 406 3115 1645 3206; baseline -0.002 -24"><span class='ocrx_word' id='word_1_226' title='bbox 406 3119 533 3206; x_wconf 80' lang='grc' dir='ltr'><strong><em>θρώπῳ</em></strong></span> <span class='ocrx_word' id='word_1_227' title='bbox 561 3126 621 3182; x_wconf 82' lang='grc' dir='ltr'><strong>τοῦ</strong></span> <span class='ocrx_word' id='word_1_228' title='bbox 648 3119 772 3194; x_wconf 78' lang='grc' dir='ltr'><strong><em>παντὸς</em></strong></span> <span class='ocrx_word' id='word_1_229' title='bbox 800 3115 874 3194; x_wconf 81' lang='grc' dir='ltr'><strong><em>ἄξια</em></strong></span> <span class='ocrx_word' id='word_1_230' title='bbox 903 3117 943 3183; x_wconf 87' lang='grc' dir='ltr'><strong>οὐ</strong></span> <span class='ocrx_word' id='word_1_231' title='bbox 970 3120 1077 3200; x_wconf 90' lang='grc' dir='ltr'><strong><em>μόνον</em></strong></span> <span class='ocrx_word' id='word_1_232' title='bbox 1099 3119 1182 3203; x_wconf 80' lang='grc' dir='ltr'><strong><em>πρὸς</em></strong></span> <span class='ocrx_word' id='word_1_233' title='bbox 1205 3118 1242 3182; x_wconf 85' lang='grc' dir='ltr'><strong>τὸ</strong></span> <span class='ocrx_word' id='word_1_234' title='bbox 1266 3118 1408 3200; x_wconf 77' lang='grc' dir='ltr'><strong><em>ἥδεσθαι</em></strong></span> <span class='ocrx_word' id='word_1_235' title='bbox 1433 3120 1537 3196; x_wconf 79' lang='grc' dir='ltr'><strong><em>ζῶντα</em></strong></span> <span class='ocrx_word' id='word_1_236' title='bbox 1560 3115 1645 3181; x_wconf 79' lang='grc' dir='ltr'><strong><em>ἀλλὰ</em></strong></span> 
     </span>
     <span class='ocr_line' id='line_1_25' title="bbox 407 3222 1681 3308; baseline -0.003 -19"><span class='ocrx_word' id='word_1_237' title='bbox 407 3225 576 3290; x_wconf 79' lang='grc' dir='ltr'><strong><em>δύνασθαι</em></strong></span> <span class='ocrx_word' id='word_1_238' title='bbox 605 3227 678 3308; x_wconf 79' lang='grc' dir='ltr'><strong><em>ζῆν,</em></strong></span> <span class='ocrx_word' id='word_1_239' title='bbox 705 3246 799 3289; x_wconf 88' lang='lat' dir='ltr'><strong>nemo</strong></span> <span class='ocrx_word' id='word_1_240' title='bbox 829 3224 989 3288; x_wconf 80' lang='lat' dir='ltr'><strong>dubitarit</strong></span> <span class='ocrx_word' id='word_1_241' title='bbox 1020 3225 1100 3307; x_wconf 89' lang='lat' dir='ltr'><strong>quin</strong></span> <span class='ocrx_word' id='word_1_242' title='bbox 1126 3234 1187 3288; x_wconf 81' lang='grc' dir='ltr'><strong>τοῦ</strong></span> <span class='ocrx_word' id='word_1_243' title='bbox 1215 3225 1338 3301; x_wconf 82' lang='grc' dir='ltr'><strong><em>παντὸς</em></strong></span> <span class='ocrx_word' id='word_1_244' title='bbox 1366 3222 1456 3302; x_wconf 75' lang='grc' dir='ltr'><strong><em>ἄξιος</em></strong></span> <span class='ocrx_word' id='word_1_245' title='bbox 1483 3227 1569 3288; x_wconf 88' lang='lat' dir='ltr'><strong>recte</strong></span> <span class='ocrx_word' id='word_1_246' title='bbox 1597 3222 1643 3286; x_wconf 92' lang='lat' dir='ltr'><strong>di·</strong></span> <span class='ocrx_word' id='word_1_247' title='bbox 1662 3265 1681 3296; x_wconf 87' lang='lat'><strong>·.</strong></span> 
     </span>
     <span class='ocr_line' id='line_1_26' title="bbox 406 3331 1643 3416; baseline -0.002 -20"><span class='ocrx_word' id='word_1_248' title='bbox 406 3335 540 3412; x_wconf 87' lang='lat' dir='ltr'><strong>ceretur,</strong></span> <span class='ocrx_word' id='word_1_249' title='bbox 564 3331 620 3396; x_wconf 93' lang='lat' dir='ltr'><strong>sed</strong></span> <span class='ocrx_word' id='word_1_250' title='bbox 643 3335 675 3396; x_wconf 88' lang='lat' dir='ltr'><strong>et</strong></span> <span class='ocrx_word' id='word_1_251' title='bbox 692 3331 964 3396; x_wconf 85' lang='lat' dir='ltr'><strong>Wilamowitnius</strong></span> <span class='ocrx_word' id='word_1_252' title='bbox 988 3334 1021 3395; x_wconf 89' lang='lat' dir='ltr'><strong>et</strong></span> <span class='ocrx_word' id='word_1_253' title='bbox 1040 3331 1144 3396; x_wconf 85' lang='lat' dir='ltr'><strong>editor</strong></span> <span class='ocrx_word' id='word_1_254' title='bbox 1164 3332 1280 3396; x_wconf 87' lang='lat' dir='ltr'><strong>offensi</strong></span> <span class='ocrx_word' id='word_1_255' title='bbox 1299 3332 1383 3416; x_wconf 92' lang='lat' dir='ltr'><strong>quod</strong></span> <span class='ocrx_word' id='word_1_256' title='bbox 1404 3331 1495 3410; x_wconf 76' lang='grc' dir='ltr'><strong><em>ἄξιος</em></strong></span> <span class='ocrx_word' id='word_1_257' title='bbox 1513 3331 1643 3396; x_wconf 88' lang='lat' dir='ltr'><strong>adiecti-</strong></span> 
     </span>
     <span class='ocr_line' id='line_1_27' title="bbox 407 3439 1644 3525; baseline -0.002 -22"><span class='ocrx_word' id='word_1_258' title='bbox 407 3461 483 3503; x_wconf 82' lang='lat' dir='ltr'><strong>vum</strong></span> <span class='ocrx_word' id='word_1_259' title='bbox 507 3439 599 3522; x_wconf 84' lang='lat' dir='ltr'><strong>quasi</strong></span> <span class='ocrx_word' id='word_1_260' title='bbox 623 3440 751 3525; x_wconf 80' lang='lat' dir='ltr'><strong>gemino</strong></span> <span class='ocrx_word' id='word_1_261' title='bbox 775 3459 870 3503; x_wconf 89' lang='lat' dir='ltr'><strong>onere</strong></span> <span class='ocrx_word' id='word_1_262' title='bbox 893 3460 1040 3523; x_wconf 89' lang='lat' dir='ltr'><strong>pressum</strong></span> <span class='ocrx_word' id='word_1_263' title='bbox 1063 3443 1217 3524; x_wconf 82' lang='lat' dir='ltr'><strong>gemeret,</strong></span> <span class='ocrx_word' id='word_1_264' title='bbox 1240 3461 1279 3503; x_wconf 83' lang='lat' dir='ltr'><strong>ex</strong></span> <span class='ocrx_word' id='word_1_265' title='bbox 1303 3441 1403 3504; x_wconf 86' lang='lat' dir='ltr'><strong>altero</strong></span> <span class='ocrx_word' id='word_1_266' title='bbox 1426 3440 1526 3503; x_wconf 87' lang='lat' dir='ltr'><strong>latere</strong></span> <span class='ocrx_word' id='word_1_267' title='bbox 1549 3457 1644 3522; x_wconf 80' lang='lat' dir='ltr'><strong>gene-</strong></span> 
     </span>
     <span class='ocr_line' id='line_1_28' title="bbox 406 3542 1644 3630; baseline -0.002 -20"><span class='ocrx_word' id='word_1_268' title='bbox 406 3547 474 3610; x_wconf 84' lang='lat' dir='ltr'><strong>tivo</strong></span> <span class='ocrx_word' id='word_1_269' title='bbox 494 3555 555 3610; x_wconf 81' lang='grc' dir='ltr'><strong>τοῦ</strong></span> <span class='ocrx_word' id='word_1_270' title='bbox 574 3548 705 3628; x_wconf 79' lang='grc' dir='ltr'><strong><em>παντός,</em></strong></span> <span class='ocrx_word' id='word_1_271' title='bbox 728 3567 767 3610; x_wconf 84' lang='lat' dir='ltr'><strong>ex</strong></span> <span class='ocrx_word' id='word_1_272' title='bbox 787 3548 888 3611; x_wconf 84' lang='lat' dir='ltr'><strong>sltero</strong></span> <span class='ocrx_word' id='word_1_273' title='bbox 908 3549 1015 3610; x_wconf 88' lang='lat' dir='ltr'><strong>autem</strong></span> <span class='ocrx_word' id='word_1_274' title='bbox 1035 3545 1196 3611; x_wconf 83' lang='lat' dir='ltr'><strong>infinitivo</strong></span> <span class='ocrx_word' id='word_1_275' title='bbox 1216 3545 1341 3611; x_wconf 90' lang='lat' dir='ltr'><strong>adiecto</strong></span> <span class='ocrx_word' id='word_1_276' title='bbox 1360 3556 1524 3630; x_wconf 81' lang='grc' dir='ltr'><strong><em>παρεῖναι,</em></strong></span> <span class='ocrx_word' id='word_1_277' title='bbox 1543 3542 1644 3608; x_wconf 86' lang='lat' dir='ltr'><strong>altera</strong></span> 
     </span>
     <span class='ocr_line' id='line_1_29' title="bbox 406 3650 1644 3737; baseline -0.002 -20"><span class='ocrx_word' id='word_1_278' title='bbox 406 3658 479 3717; x_wconf 91' lang='lat' dir='ltr'><strong>utra</strong></span> <span class='ocrx_word' id='word_1_279' title='bbox 507 3656 599 3736; x_wconf 88' lang='lat' dir='ltr'><strong>parte</strong></span> <span class='ocrx_word' id='word_1_280' title='bbox 625 3651 732 3716; x_wconf 85' lang='lat' dir='ltr'><strong>levare</strong></span> <span class='ocrx_word' id='word_1_281' title='bbox 755 3674 867 3719; x_wconf 82' lang='lat' dir='ltr'><strong>uocem</strong></span> <span class='ocrx_word' id='word_1_282' title='bbox 891 3653 1115 3737; x_wconf 91' lang='lat' dir='ltr'><strong>instituerunt,</strong></span> <span class='ocrx_word' id='word_1_283' title='bbox 1142 3675 1216 3718; x_wconf 90' lang='lat' dir='ltr'><strong>oum</strong></span> <span class='ocrx_word' id='word_1_284' title='bbox 1239 3653 1320 3717; x_wconf 81' lang='lat' dir='ltr'><strong>alter</strong></span> <span class='ocrx_word' id='word_1_285' title='bbox 1343 3654 1398 3717; x_wconf 80' lang='lat' dir='ltr'><strong>ded</strong></span> <span class='ocrx_word' id='word_1_286' title='bbox 1421 3654 1544 3728; x_wconf 82' lang='grc' dir='ltr'><strong><em>παντὸς</em></strong></span> <span class='ocrx_word' id='word_1_287' title='bbox 1567 3650 1644 3716; x_wconf 92' lang='lat' dir='ltr'><strong>scri·</strong></span> 
     </span>
     <span class='ocr_line' id='line_1_30' title="bbox 405 3756 1642 3844; baseline -0.002 -20"><span class='ocrx_word' id='word_1_288' title='bbox 405 3759 497 3825; x_wconf 88' lang='lat' dir='ltr'><strong>beret</strong></span> <span class='ocrx_word' id='word_1_289' title='bbox 518 3760 550 3824; x_wconf 91' lang='lat' dir='ltr'><strong>h.</strong></span> <span class='ocrx_word' id='word_1_290' title='bbox 569 3783 595 3824; x_wconf 92' lang='lat' dir='ltr'><strong>e.</strong></span> <span class='ocrx_word' id='word_1_291' title='bbox 619 3763 786 3844; x_wconf 87' lang='lat' dir='ltr'><strong>perpetuo,</strong></span> <span class='ocrx_word' id='word_1_292' title='bbox 807 3764 846 3824; x_wconf 91' lang='lat' dir='ltr'><strong>ut</strong></span> <span class='ocrx_word' id='word_1_293' title='bbox 868 3764 1027 3825; x_wconf 88' lang='lat' dir='ltr'><strong>restarent</strong></span> <span class='ocrx_word' id='word_1_294' title='bbox 1050 3760 1128 3824; x_wconf 89' lang='lat' dir='ltr'><strong>haec</strong></span> <span class='ocrx_word' id='word_1_295' title='bbox 1151 3759 1242 3838; x_wconf 69' lang='grc' dir='ltr'><strong><em>ἄξιος</em></strong></span> <span class='ocrx_word' id='word_1_296' title='bbox 1264 3759 1307 3824; x_wconf 80' lang='grc' dir='ltr'><strong>ἂν</strong></span> <span class='ocrx_word' id='word_1_297' title='bbox 1329 3756 1371 3843; x_wconf 67' lang='grc' dir='ltr'><strong>ἦν</strong></span> <span class='ocrx_word' id='word_1_298' title='bbox 1391 3758 1456 3824; x_wconf 91' lang='grc' dir='ltr'><strong>Ἀλ.</strong></span> <span class='ocrx_word' id='word_1_299' title='bbox 1479 3770 1642 3843; x_wconf 72' lang='grc' dir='ltr'><strong><em>παρεῖναι,</em></strong></span> 
     </span>
     <span class='ocr_line' id='line_1_31' title="bbox 365 3862 1643 3951; baseline 0 -21"><span class='ocrx_word' id='word_1_300' title='bbox 365 3889 393 3930; x_wconf 84' lang='grc' dir='ltr'><strong><em>ω</em></strong></span> <span class='ocrx_word' id='word_1_301' title='bbox 407 3869 489 3933; x_wconf 90' lang='lat' dir='ltr'><strong>alter</strong></span> <span class='ocrx_word' id='word_1_302' title='bbox 508 3872 625 3951; x_wconf 89' lang='lat' dir='ltr'><strong>autem,</strong></span> <span class='ocrx_word' id='word_1_303' title='bbox 644 3889 708 3951; x_wconf 91' lang='lat' dir='ltr'><strong>quo</strong></span> <span class='ocrx_word' id='word_1_304' title='bbox 729 3868 826 3933; x_wconf 85' lang='lat' dir='ltr'><strong>verba</strong></span> <span class='ocrx_word' id='word_1_305' title='bbox 844 3877 905 3933; x_wconf 85' lang='grc' dir='ltr'><strong>τοῦ</strong></span> <span class='ocrx_word' id='word_1_306' title='bbox 924 3869 1048 3943; x_wconf 81' lang='grc' dir='ltr'><strong><em>παντὸς</em></strong></span> <span class='ocrx_word' id='word_1_307' title='bbox 1066 3867 1157 3945; x_wconf 74' lang='grc' dir='ltr'><strong><em>ἄξιος</em></strong></span> <span class='ocrx_word' id='word_1_308' title='bbox 1176 3868 1218 3933; x_wconf 74' lang='grc' dir='ltr'><strong>ἂν</strong></span> <span class='ocrx_word' id='word_1_309' title='bbox 1233 3862 1275 3950; x_wconf 78' lang='grc' dir='ltr'><strong>ἦν</strong></span> <span class='ocrx_word' id='word_1_310' title='bbox 1288 3867 1447 3951; x_wconf 81' lang='lat' dir='ltr'><strong>integram</strong></span> <span class='ocrx_word' id='word_1_311' title='bbox 1463 3866 1643 3930; x_wconf 87' lang='lat' dir='ltr'><strong>orationem</strong></span> 
     </span>
     <span class='ocr_line' id='line_1_32' title="bbox 407 3969 1643 4060; baseline -0.003 -21"><span class='ocrx_word' id='word_1_312' title='bbox 407 3974 583 4057; x_wconf 83' lang='lat' dir='ltr'><strong>efficerent,</strong></span> <span class='ocrx_word' id='word_1_313' title='bbox 612 3975 792 4040; x_wconf 83' lang='lat' dir='ltr'><strong>infinitivus</strong></span> <span class='ocrx_word' id='word_1_314' title='bbox 820 3986 972 4060; x_wconf 80' lang='grc' dir='ltr'><strong><em>παρεῖναι</em></strong></span> <span class='ocrx_word' id='word_1_315' title='bbox 1003 3974 1087 4038; x_wconf 91' lang='lat' dir='ltr'><strong>unde</strong></span> <span class='ocrx_word' id='word_1_316' title='bbox 1110 3974 1265 4059; x_wconf 91' lang='lat' dir='ltr'><strong>penderet</strong></span> <span class='ocrx_word' id='word_1_317' title='bbox 1287 3974 1494 4058; x_wconf 82' lang='lat' dir='ltr'><strong>participium</strong></span> <span class='ocrx_word' id='word_1_318' title='bbox 1515 3969 1643 4037; x_wconf 78' lang='grc' dir='ltr'><strong><em>ἐθέλων</em></strong></span> 
     </span>
     <span class='ocr_line' id='line_1_33' title="bbox 407 4079 1644 4165; baseline -0.002 -19"><span class='ocrx_word' id='word_1_319' title='bbox 407 4081 586 4146; x_wconf 85' lang='lat' dir='ltr'><strong>addendum</strong></span> <span class='ocrx_word' id='word_1_320' title='bbox 615 4085 764 4146; x_wconf 88' lang='lat' dir='ltr'><strong>censeret.</strong></span> <span class='ocrx_word' id='word_1_321' title='bbox 803 4080 924 4163; x_wconf 87' lang='lat' dir='ltr'><strong>Verum</strong></span> <span class='ocrx_word' id='word_1_322' title='bbox 951 4081 1032 4146; x_wconf 87' lang='lat' dir='ltr'><strong>haec</strong></span> <span class='ocrx_word' id='word_1_323' title='bbox 1059 4083 1118 4147; x_wconf 89' lang='lat' dir='ltr'><strong>etsi</strong></span> <span class='ocrx_word' id='word_1_324' title='bbox 1147 4081 1322 4165; x_wconf 88' lang='lat' dir='ltr'><strong>prudenter</strong></span> <span class='ocrx_word' id='word_1_325' title='bbox 1350 4079 1533 4165; x_wconf 82' lang='lat' dir='ltr'><strong>excogitata</strong></span> <span class='ocrx_word' id='word_1_326' title='bbox 1558 4082 1644 4162; x_wconf 89' lang='lat' dir='ltr'><strong>sunt,</strong></span> 
     </span>
     <span class='ocr_line' id='line_1_34' title="bbox 407 4186 1644 4272; baseline -0.003 -20"><span class='ocrx_word' id='word_1_327' title='bbox 407 4209 510 4272; x_wconf 82' lang='lat' dir='ltr'><strong>neque</strong></span> <span class='ocrx_word' id='word_1_328' title='bbox 533 4186 632 4253; x_wconf 91' lang='lat' dir='ltr'><strong>Dioni</strong></span> <span class='ocrx_word' id='word_1_329' title='bbox 657 4189 842 4254; x_wconf 88' lang='lat' dir='ltr'><strong>obtruditur</strong></span> <span class='ocrx_word' id='word_1_330' title='bbox 865 4189 951 4271; x_wconf 89' lang='lat' dir='ltr'><strong>quod</strong></span> <span class='ocrx_word' id='word_1_331' title='bbox 974 4190 1153 4253; x_wconf 80' lang='lat' dir='ltr'><strong>orationem</strong></span> <span class='ocrx_word' id='word_1_332' title='bbox 1177 4188 1245 4252; x_wconf 91' lang='lat' dir='ltr'><strong>eius</strong></span> <span class='ocrx_word' id='word_1_333' title='bbox 1269 4187 1432 4270; x_wconf 86' lang='lat' dir='ltr'><strong>dedeceat,</strong></span> <span class='ocrx_word' id='word_1_334' title='bbox 1456 4190 1565 4251; x_wconf 88' lang='lat' dir='ltr'><strong>tamen</strong></span> <span class='ocrx_word' id='word_1_335' title='bbox 1588 4207 1644 4249; x_wconf 89' lang='lat' dir='ltr'><strong>eos</strong></span> 
     </span>
     <span class='ocr_line' id='line_1_35' title="bbox 406 4292 1644 4379; baseline -0.002 -21"><span class='ocrx_word' id='word_1_336' title='bbox 406 4295 471 4360; x_wconf 92' lang='lat' dir='ltr'><strong>iam</strong></span> <span class='ocrx_word' id='word_1_337' title='bbox 489 4299 641 4379; x_wconf 87' lang='lat' dir='ltr'><strong>putamus</strong></span> <span class='ocrx_word' id='word_1_338' title='bbox 659 4296 803 4360; x_wconf 86' lang='lat' dir='ltr'><strong>fassuros</strong></span> <span class='ocrx_word' id='word_1_339' title='bbox 822 4317 891 4360; x_wconf 89' lang='lat' dir='ltr'><strong>esse</strong></span> <span class='ocrx_word' id='word_1_340' title='bbox 904 4295 1004 4359; x_wconf 92' lang='lat' dir='ltr'><strong>Dioni</strong></span> <span class='ocrx_word' id='word_1_341' title='bbox 1023 4295 1156 4360; x_wconf 89' lang='lat' dir='ltr'><strong>concedi</strong></span> <span class='ocrx_word' id='word_1_342' title='bbox 1175 4299 1324 4379; x_wconf 84' lang='lat' dir='ltr'><strong>oportere</strong></span> <span class='ocrx_word' id='word_1_343' title='bbox 1339 4293 1424 4378; x_wconf 90' lang='lat' dir='ltr'><strong>quod</strong></span> <span class='ocrx_word' id='word_1_344' title='bbox 1440 4315 1458 4356; x_wconf 82' lang='lat' dir='ltr'><strong>a</strong></span> <span class='ocrx_word' id='word_1_345' title='bbox 1473 4292 1644 4378; x_wconf 84' lang='lat' dir='ltr'><strong>Sophocle,</strong></span> 
     </span>
     <span class='ocr_line' id='line_1_36' title="bbox 406 4398 1642 4496; baseline -0.003 -30"><span class='ocrx_word' id='word_1_346' title='bbox 406 4423 427 4466; x_wconf 83' lang='lat' dir='ltr'><strong>a</strong></span> <span class='ocrx_word' id='word_1_347' title='bbox 439 4400 575 4466; x_wconf 83' lang='lat' dir='ltr'><strong>Platone</strong></span> <span class='ocrx_word' id='word_1_348' title='bbox 594 4401 734 4467; x_wconf 87' lang='lat' dir='ltr'><strong>alienum</strong></span> <span class='ocrx_word' id='word_1_349' title='bbox 754 4424 820 4468; x_wconf 90' lang='lat' dir='ltr'><strong>non</strong></span> <span class='ocrx_word' id='word_1_350' title='bbox 839 4424 907 4496; x_wconf 85' lang='lat' dir='ltr'><strong>esse</strong></span> <span class='ocrx_word' id='word_1_351' title='bbox 927 4400 1193 4476; x_wconf 57' lang='lat' dir='ltr'><strong>intelleximuslb.</strong></span> <span class='ocrx_word' id='word_1_352' title='bbox 1231 4401 1275 4466; x_wconf 77' lang='lat' dir='ltr'><strong>Et</strong></span> <span class='ocrx_word' id='word_1_353' title='bbox 1292 4401 1356 4466; x_wconf 92' lang='lat' dir='ltr'><strong>hoc</strong></span> <span class='ocrx_word' id='word_1_354' title='bbox 1375 4401 1477 4486; x_wconf 79' lang='lat' dir='ltr'><strong>igitur</strong></span> <span class='ocrx_word' id='word_1_355' title='bbox 1494 4398 1642 4484; x_wconf 87' lang='lat' dir='ltr'><strong>exemplo</strong></span> 
     </span>
    </p>
   </div>
   <div class='ocr_carea' id='block_1_3' title="bbox 406 4593 1644 4934">
    <p class='ocr_par' dir='ltr' id='par_1_3' title="bbox 406 4593 1644 4934">
     <span class='ocr_line' id='line_1_37' title="bbox 496 4593 1644 4664; baseline -0.003 -14"><span class='ocrx_word' id='word_1_356' title='bbox 496 4594 561 4662; x_wconf 75' lang='lat'><strong>⁸85)</strong></span> <span class='ocrx_word' id='word_1_357' title='bbox 580 4595 699 4650; x_wconf 87' lang='lat' dir='ltr'><strong>Dionem</strong></span> <span class='ocrx_word' id='word_1_358' title='bbox 713 4613 776 4650; x_wconf 91' lang='lat' dir='ltr'><strong>cum</strong></span> <span class='ocrx_word' id='word_1_359' title='bbox 792 4595 878 4650; x_wconf 88' lang='lat' dir='ltr'><strong>semel</strong></span> <span class='ocrx_word' id='word_1_360' title='bbox 892 4596 922 4650; x_wconf 90' lang='lat' dir='ltr'><strong>in</strong></span> <span class='ocrx_word' id='word_1_361' title='bbox 936 4611 1052 4650; x_wconf 87' lang='lat' dir='ltr'><strong>manum</strong></span> <span class='ocrx_word' id='word_1_362' title='bbox 1067 4595 1277 4664; x_wconf 87' lang='lat' dir='ltr'><strong>sumpserimus,</strong></span> <span class='ocrx_word' id='word_1_363' title='bbox 1295 4594 1365 4663; x_wconf 88' lang='lat' dir='ltr'><strong>qnid</strong></span> <span class='ocrx_word' id='word_1_364' title='bbox 1379 4595 1457 4648; x_wconf 81' lang='lat' dir='ltr'><strong>vetet</strong></span> <span class='ocrx_word' id='word_1_365' title='bbox 1469 4593 1644 4662; x_wconf 81' lang='lat' dir='ltr'><strong>perbreviter</strong></span> 
     </span>
     <span class='ocr_line' id='line_1_38' title="bbox 407 4682 1643 4755; baseline -0.001 -17"><span class='ocrx_word' id='word_1_366' title='bbox 407 4685 439 4738; x_wconf 91' lang='lat' dir='ltr'><strong>in</strong></span> <span class='ocrx_word' id='word_1_367' title='bbox 457 4685 641 4740; x_wconf 54' lang='lat' dir='ltr'><strong>&amp;notatione</strong></span> <span class='ocrx_word' id='word_1_368' title='bbox 656 4684 824 4755; x_wconf 77' lang='lat' dir='ltr'><strong>significare,</strong></span> <span class='ocrx_word' id='word_1_369' title='bbox 843 4703 931 4739; x_wconf 91' lang='lat' dir='ltr'><strong>unum</strong></span> <span class='ocrx_word' id='word_1_370' title='bbox 945 4687 974 4738; x_wconf 89' lang='lat' dir='ltr'><strong>et</strong></span> <span class='ocrx_word' id='word_1_371' title='bbox 988 4685 1110 4740; x_wconf 80' lang='lat' dir='ltr'><strong>alterum</strong></span> <span class='ocrx_word' id='word_1_372' title='bbox 1123 4684 1217 4739; x_wconf 89' lang='lat' dir='ltr'><strong>locum</strong></span> <span class='ocrx_word' id='word_1_373' title='bbox 1232 4699 1266 4738; x_wconf 85' lang='lat' dir='ltr'><strong>ex</strong></span> <span class='ocrx_word' id='word_1_374' title='bbox 1280 4685 1341 4738; x_wconf 89' lang='lat' dir='ltr'><strong>eius</strong></span> <span class='ocrx_word' id='word_1_375' title='bbox 1356 4682 1531 4737; x_wconf 88' lang='lat' dir='ltr'><strong>orationibus</strong></span> <span class='ocrx_word' id='word_1_376' title='bbox 1545 4699 1643 4752; x_wconf 90' lang='lat' dir='ltr'><strong>quem-</strong></span> 
     </span>
     <span class='ocr_line' id='line_1_39' title="bbox 408 4769 1644 4843; baseline -0.003 -13"><span class='ocrx_word' id='word_1_377' title='bbox 408 4775 561 4830; x_wconf 83' lang='lat' dir='ltr'><strong>admodum</strong></span> <span class='ocrx_word' id='word_1_378' title='bbox 584 4774 727 4829; x_wconf 84' lang='lat' dir='ltr'><strong>emendari</strong></span> <span class='ocrx_word' id='word_1_379' title='bbox 749 4790 831 4842; x_wconf 89' lang='lat' dir='ltr'><strong>posse</strong></span> <span class='ocrx_word' id='word_1_380' title='bbox 856 4774 1010 4843; x_wconf 88' lang='lat' dir='ltr'><strong>opinemur.</strong></span> <span class='ocrx_word' id='word_1_381' title='bbox 1046 4781 1092 4841; x_wconf 75' lang='lat'><strong>12,</strong></span> <span class='ocrx_word' id='word_1_382' title='bbox 1112 4780 1145 4828; x_wconf 81' lang='lat'><strong>12</strong></span> <span class='ocrx_word' id='word_1_383' title='bbox 1169 4782 1258 4828; x_wconf 78' lang='grc' dir='ltr'><strong><em>ταῦτα</em></strong></span> <span class='ocrx_word' id='word_1_384' title='bbox 1277 4772 1308 4828; x_wconf 77' lang='grc' dir='ltr'><strong>δὲ</strong></span> <span class='ocrx_word' id='word_1_385' title='bbox 1327 4772 1393 4841; x_wconf 74' lang='grc' dir='ltr'><strong><em>ὑμῖν</em></strong></span> <span class='ocrx_word' id='word_1_386' title='bbox 1413 4769 1541 4828; x_wconf 75' lang='grc' dir='ltr'><strong><em>ἐναντίον</em></strong></span> <span class='ocrx_word' id='word_1_387' title='bbox 1560 4775 1644 4828; x_wconf 76' lang='grc' dir='ltr'><strong><em>τοῦδε</em></strong></span> 
     </span>
     <span class='ocr_line' id='line_1_40' title="bbox 406 4856 1644 4934; baseline -0.002 -17"><span class='ocrx_word' id='word_1_388' title='bbox 406 4871 457 4920; x_wconf 78' lang='grc' dir='ltr'><strong>τοῦ</strong></span> <span class='ocrx_word' id='word_1_389' title='bbox 476 4867 549 4918; x_wconf 76' lang='grc' dir='ltr'><strong><em>θεοῦ</em></strong></span> <span class='ocrx_word' id='word_1_390' title='bbox 568 4862 692 4934; x_wconf 77' lang='grc' dir='ltr'><strong><em>προλέγω</em></strong></span> <span class='ocrx_word' id='word_1_391' title='bbox 712 4863 759 4917; x_wconf 83' lang='grc' dir='ltr'><strong>καὶ</strong></span> <span class='ocrx_word' id='word_1_392' title='bbox 778 4863 954 4934; x_wconf 73' lang='grc' dir='ltr'><strong><em>ξυμβουλεύω</em></strong></span> <span class='ocrx_word' id='word_1_393' title='bbox 974 4860 1014 4917; x_wconf 81' lang='grc' dir='ltr'><strong>δι’</strong></span> <span class='ocrx_word' id='word_1_394' title='bbox 1036 4864 1151 4918; x_wconf 73' lang='grc' dir='ltr'><strong><em>εὔνοιαν</em></strong></span> <span class='ocrx_word' id='word_1_395' title='bbox 1165 4864 1214 4918; x_wconf 80' lang='grc' dir='ltr'><strong>καλ</strong></span> <span class='ocrx_word' id='word_1_396' title='bbox 1229 4859 1327 4931; x_wconf 83' lang='grc' dir='ltr'><strong><em>φιλίαν</em></strong></span> <span class='ocrx_word' id='word_1_397' title='bbox 1340 4859 1540 4930; x_wconf 77' lang='grc' dir='ltr'><strong><em>προαγόμενος.</em></strong></span> <span class='ocrx_word' id='word_1_398' title='bbox 1562 4856 1644 4930; x_wconf 79' lang='grc' dir='ltr'><strong><em>οἶμαι</em></strong></span> 
     </span>
    </p>
   </div>
   <div class='ocr_carea' id='block_1_4' title="bbox 0 0 1991 5725">
    <p class='ocr_par' dir='ltr' id='par_1_4' title="bbox 0 0 1991 5725">
     <span class='ocr_line' id='line_1_41' title="bbox 0 0 1991 5725; baseline 0 0"><span class='ocrx_word' id='word_1_399' title='bbox 0 0 1991 5725; x_wconf 95' lang='lat' dir='ltr'><strong> </strong></span> 
     </span>
    </p>
   </div>
  </div>
 </body>
</html>
