3967 5725
292 644 294 649 ’
402 676 466 740 566
620 676 718 727 nxnr.
737 675 853 725 mnan
871 672 1085 724 anemonen
1103 668 1336 722 snsrrvnaun
1355 670 1433 719 roos.

533 840 707 913 νεανίσκος
733 838 953 919 μεγαλόφρων
981 831 1036 899 καλ
1066 833 1128 898 οὐκ
1159 834 1294 915 άπειρος
1327 827 1484 913 ἐρωτικῆς
1516 831 1632 915 λύπης,

535 942 604 1010 ἀλλ’
633 944 781 1027 αἰτήσειν
804 942 908 1007 αὐτὸν
931 943 1020 1025 παρὰ
1043 950 1104 1005 τοῦ
1126 941 1251 1023 πατρὸς
1269 938 1484 1023 ἐπηγγείλατο
1503 936 1557 1003 καὶ
1576 962 1632 1003 κο-

533 1062 622 1137 μιεῖν
645 1052 693 1127 είς
716 1050 776 1133 τὴν
798 1052 898 1115 πόλιν
921 1049 1010 1137 αὑτῷ
1027 1048 1089 1132 μὲν
1108 1048 1243 1129 δοῦλον,
1267 1046 1380 1135 ἐκείνῳ
1400 1047 1437 1112 δὲ
1456 1046 1632 1129 ἐρώμενον.

534 1160 581 1235 είς
608 1158 777 1243 εὐθυμίαν
804 1152 841 1221 δὲ
869 1154 933 1222 καὶ
961 1156 1084 1221 αὐτὸν
1110 1153 1267 1220 ἐκεῖνον
1294 1152 1407 1219 θέλων
1429 1164 1633 1238 προαγαγεῖν

534 1264 742 1331 ἐπυνθάνετο
761 1266 901 1349 μειδιῶν
917 1265 946 1328 εί
961 1263 1023 1329 οὐκ
1042 1263 1232 1346 αἰσχύνεται
1246 1261 1409 1345 Δάμωνος
1426 1261 1505 1326 νίὸν
1523 1264 1633 1344 φιλῶν

533 1372 617 1437 άλλδι
640 1373 694 1437 καὶ
718 1372 896 1449 σπουδάζει
921 1374 1223 1453 συγκατακλινῆναι
1246 1368 1382 1452 νέμοντι
1401 1361 1497 1451 αἶγας
1518 1356 1646 1451 μειρα(

533 1481 606 1567 κίῳ·
631 1477 685 1543 καὶ
708 1480 774 1562 άμα
797 1478 991 1558 ὑπεκρίνετο
1015 1477 1077 1560 τὴν
1100 1476 1261 1559 τραγικὴν
1284 1476 1456 1540 δυσωδίαν
1473 1475 1632 1556 μυσάττε-

534 1594 626 1651 σθαι.
672 1584 760 1662 Quae
783 1585 838 1649 ille
860 1607 927 1649 non
950 1584 996 1648 ita
1019 1606 1088 1648 esse
1107 1583 1280 1668 respondet
1298 1585 1330 1646 et
1349 1582 1496 1668 pluribus
1515 1583 1632 1646 amoris

399 1699 548 1759 naturam
576 1694 716 1777 exponit.
766 1690 806 1755 ln
833 1692 884 1756 his
914 1713 997 1775 quae
1024 1692 1193 1755 attulimus
1215 1711 1282 1753 non
1314 1689 1432 1754 iniuria
1464 1688 1634 1754 offensioni

360 1826 386 1867 ro
400 1803 531 1866 fuerunt
558 1800 656 1865 verbo
682 1797 737 1864 aul
766 1799 870 1864 αὐτὸν
898 1796 1042 1881 ἐκεῖνον,
1075 1820 1156 1881 quae
1184 1819 1248 1882 quo
1276 1796 1443 1861 referenda
1475 1796 1540 1861 sint
1566 1817 1633 1861 non

400 1912 546 1993 apparet:
565 1930 638 1971 nam
658 1928 716 1971 nec
734 1908 891 1971 amasium
910 1906 1008 1971 istum
1028 1906 1142 1989 quine
1162 1905 1271 1969 aderat
1285 1904 1414 1988 quidem
1428 1904 1492 1968 dici
1506 1907 1633 1987 poterat

400 2016 585 2081 adulescens
609 2015 691 2078 velle
714 2014 748 2077 in
771 2014 939 2097 εὐθυμίαν
962 2012 1132 2096 adducere,
1161 2013 1243 2077 etsi
1267 2002 1470 2076 Gnathonem
1499 2010 1634 2093 dicebat,

401 2122 576 2188 obscurum
608 2125 676 2185 erat
709 2143 803 2205 quem
836 2124 963 2205 praeter
996 2142 1070 2184 eum
1102 2141 1160 2204 per
1191 2118 1246 2184 καὶ
1274 2119 1467 2204 particulam
1499 2117 1634 2183 indicari

401 2229 506 2294 vellet.
552 2228 667 2313 Itaque
691 2228 880 2314 corrigendo
899 2226 978 2293 haec
997 2226 1037 2291 ad
1057 2248 1169 2291 sanam
1187 2228 1346 2291 rationem
1365 2247 1480 2310 eogere
1498 2229 1635 2310 tempta·

400 2341 486 2421 runt,
509 2340 541 2401 et
566 2334 602 2400 G.
621 2334 660 2399 Α.
678 2335 883 2421 Hirschigius
907 2334 1037 2418 quidem
1058 2335 1092 2398 in
1112 2333 1287 2418 exemplari
1304 2332 1480 2398 Porisiensi
1499 2356 1526 2397 a.
1548 2332 1633 2398 1856

401 2444 480 2509 haec
502 2444 549 2507 ito
571 2443 692 2508 edenda
716 2442 839 2507 curavit
862 2444 909 2518 εἰς
932 2440 1102 2525 εὐθυμίαν
1125 2437 1162 2505 δὲ
1185 2439 1241 2505 καὶ
1264 2440 1394 2524 αὐτὸς,
1423 2439 1553 2505 ἐκεῖνον
1577 2437 1635 2504 θέ-

402 2555 471 2616 λων
493 2549 664 2635 προάγειν,
688 2548 896 2615 ἐπυνθάνετο
920 2572 951 2630 μ.
1004 2546 1107 2624 Quom
1135 2548 1269 2613 mirifice
1297 2547 1489 2631 discerptam
1518 2547 1633 2612 oratio·

315 2709 318 2715 .
401 2680 475 2722 nem
501 2658 641 2722 fatemur
668 2677 727 2721 nec
754 2655 893 2743 intelligi
921 2677 1018 2741 posse
1044 2676 1104 2719 nec
1130 2655 1270 2739 probari.
1319 2654 1450 2718 Fortius
1474 2677 1544 2719 eam
1567 2675 1634 2718 rem

402 2766 469 2851 egit
492 2764 530 2829 lt.
549 2763 732 2845 Hercherus
756 2764 790 2827 in
809 2762 949 2827 Eroticis
969 2786 996 2827 a.
1018 2762 1113 2846 1858,
1133 2763 1188 2846 qui
1207 2768 1240 2827 et
1257 2761 1312 2827 καὶ
1331 2765 1364 2825 et
1382 2760 1512 2827 ἐκεῖνον
1530 2765 1635 2825 sustu·
1685 2790 1688 2794 ¹

363 2895 388 2935 so
402 2875 442 2938 lit
470 2876 502 2936 et
529 2873 680 2956 scriptori
707 2871 786 2935 haec
814 2874 941 2936 tantum
968 2872 1154 2955 relinquens
1187 2874 1234 2947 είς
1266 2871 1435 2955 εὐθυμίαν
1466 2867 1504 2935 δὲ
1533 2871 1634 2935 αὐτὸν

402 2978 515 3044 θέλων
537 2989 742 3064 προαγαγεῖν
760 2977 968 3043 ἐπυνθάνετο
989 2978 1096 3044 effecit
1115 2979 1200 3062 quod
1218 2978 1296 3042 ferri
1314 3000 1409 3063 posse
1427 2999 1522 3042 nemo
1541 2999 1637 3062 nega-

402 3086 497 3169 verit,
525 3086 607 3150 illud
633 3106 699 3150 non
728 3086 906 3170 quaeritur,
934 3086 1020 3149 unde
1047 3089 1124 3150 nata
1151 3086 1217 3149 sint
1244 3106 1326 3169 quae
1354 3087 1474 3169 scripta
1501 3084 1636 3149 circum-

401 3196 550 3260 feruntur
572 3191 627 3258 uui
651 3193 753 3258 αὐτὸν
772 3193 915 3272 ίκεῑνον;
928 3215 1011 3276 nam
1032 3194 1201 3257 scribentis
1221 3215 1327 3257 errore
1345 3193 1424 3256 talia
1444 3213 1510 3257 non
1530 3191 1637 3258 oriun-

402 3307 463 3366 tur.
514 3299 577 3365 Sed
605 3299 638 3364 hi
672 3299 735 3365 duo
763 3321 782 3362 a
809 3299 1055 3386 pronominibus
1088 3301 1250 3384 petierunt
1282 3321 1346 3383 quo
1374 3300 1408 3363 in
1436 3297 1635 3363 emendando

402 3413 578 3474 uterentur.
632 3407 702 3472 Nos
733 3408 861 3472 aliunde
893 3406 1140 3492 proficiscimur,
1173 3410 1211 3472 nt
1242 3408 1409 3490 explorato
1442 3405 1637 3470 narrationis

403 3516 538 3580 consilio
556 3515 619 3581 boo
637 3515 846 3580 fundamento
860 3515 923 3579 nisi
938 3515 1116 3579 sententiae
1134 3514 1271 3578 formam
1290 3513 1506 3578 restituamus.
1550 3511 1636 3577 Nam

404 3625 432 3687 si
456 3621 628 3708 quaeritur,
652 3637 717 3706 quo
740 3622 923 3706 pertineant
942 3643 978 3686 ea
1003 3621 1120 3706 quibus
1139 3621 1326 3686 adulescens
1345 3620 1524 3704 parasitum
1543 3641 1637 3683 suum

404 3733 564 3794 amantem
589 3731 723 3794 excitari
746 3732 778 3794 et
801 3729 947 3794 hilariori
971 3752 1005 3793 se
1028 3729 1136 3793 sensui
1159 3729 1235 3792 dare
1259 3728 1362 3813 cupit,
1386 3728 1462 3791 ilico
1486 3725 1639 3812 intelligi-

403 3842 466 3920 tur,
487 3859 554 3901 non
572 3838 733 3920 pertinere
756 3858 793 3900 ea
811 3837 874 3901 nisi
898 3837 937 3900 ad
962 3859 1035 3900 eum
1059 3837 1167 3920 ipsum
1190 3837 1346 3899 amasium
1371 3857 1466 3918 quern
1489 3835 1517 3898 ei
1542 3834 1637 3898 modo
1655 3837 1695 3894 lu

364 3944 554 4028 repromisit
578 3966 746 4028 quemque,
770 3946 923 4028 quoniam
947 3944 1058 4008 statim
1081 3965 1119 4008 eo
1142 3944 1243 4028 potiri
1269 3964 1335 4007 non
1357 3946 1480 4027 potest,
1508 3941 1638 4006 interim

404 4050 539 4116 iocando
563 4051 710 4115 viliorem
730 4073 799 4116 esse
818 4051 960 4116 ostendit
979 4072 1077 4133 quam
1097 4050 1187 4115 cuius
1206 4071 1315 4114 amore
1334 4047 1461 4113 Gnatho
1481 4051 1638 4113 teneatur.

405 4157 500 4234 Quod
518 4158 546 4221 si
565 4159 611 4222 ita
631 4163 717 4223 recte
736 4158 1030 4243 interpretabimur,
1050 4161 1301 4222 consentaneum
1319 4161 1368 4222 est
1386 4156 1490 4221 αὐτὸν
1509 4152 1639 4220 ἐκεῖνον

404 4287 540 4349 puerum
564 4266 663 4330 istum
685 4266 894 4350 pastoricium
918 4265 1074 4350 appellari
1097 4287 1156 4329 nec
1174 4269 1341 4349 peccatum
1361 4285 1430 4327 esse
1448 4261 1511 4326 nisi
1529 4262 1564 4326 in
1583 4261 1639 4326 καί

405 4372 577 4456 pa'rticula3
605 4374 696 4436 ouius
723 4373 795 4437 loco
819 4373 876 4438 ubi
899 4373 1069 4456 reponitur
1091 4370 1174 4456 κατ’,
1202 4371 1393 4436 sententiam
1423 4368 1640 4434 nanciscimur

406 4501 488 4562 quae
507 4501 602 4544 omne
622 4482 749 4564 explere
768 4480 961 4544 desiderium
976 4479 1136 4543 videatur:
1155 4479 1245 4566 αὑτῷ
1264 4477 1327 4562 μέν
1345 4479 1481 4557 δοῦλον,
1501 4473 1638 4562 ἐκείνῳ

406 4583 443 4650 δὲ
466 4584 642 4671 ἐρώμενον.
667 4589 714 4664 είς
737 4587 906 4668 εὐθυμίαν
929 4583 965 4652 δὲ
989 4585 1068 4652 κατ’
1096 4587 1216 4652 αὐτὸν
1239 4584 1395 4650 ἐκεῖνον
1422 4583 1535 4649 θέλων
1557 4607 1640 4666 προ-

407 4705 545 4777 αγαγεῖν
564 4693 772 4759 ἐπυνθάνετο
792 4699 864 4780 κτλ;
883 4717 958 4758 nam
978 4698 1011 4758 et
1024 4694 1087 4758 hoc
1101 4691 1170 4758 κατ’
1189 4693 1293 4758 αὐτὸν
1306 4690 1436 4757 ἐκεῖνον
1448 4691 1480 4754 h.
1495 4713 1521 4756 e.
1540 4690 1640 4774 ‘quod

407 4800 525 4866 attinet
553 4800 592 4864 ad
620 4801 712 4866 illum
741 4802 859 4886 ipsum’
888 4806 974 4867 recte
1002 4801 1076 4866 addi
1103 4804 1237 4886 apparet
1263 4821 1323 4865 nec
1347 4798 1521 4863 desiderari
1544 4818 1640 4881 quem

407 4905 462 4971 ille
485 4921 690 4991 προαγαγεῖν
713 4909 845 4991 dicatur,
869 4911 925 4993 qui
948 4909 1138 4993 praesertim
1156 4908 1253 4972 modo
1273 4907 1455 4992 appellatus
1474 4908 1530 4969 est.
1575 4902 1641 4969 Ita-
