3967 5725
617 621 668 670 nu
686 618 843 670 DELIOIIS
863 610 1058 669 carmelus
1078 615 1340 668 cnruuumxnu.
1531 609 1595 674 121
1636 693 1638 700 y

365 785 481 871 plicem
514 780 666 867 peccandi
693 782 791 864 viam,
824 781 852 844 si
879 779 962 843 tanti
990 782 1052 862 est,
1083 777 1147 842 hoc
1173 777 1240 841 fere
1269 775 1364 840 modo
1392 774 1468 839 licet
1497 772 1598 839 oculis

363 911 559 976 proponere:

670 977 727 1042 illo
750 975 857 1061 [111111]
880 982 971 1059 atquc
993 975 1062 1040 olio
1084 975 1229 1039 viduant

670 1083 730 1149 illo
752 1084 820 1148 atio
843 1081 953 1168 [utque
975 1081 1063 1166 olto]
1085 1082 1237 1146 videraut.

366 1192 475 1277 Atque
498 1191 577 1256 haec
596 1213 692 1276 quam
710 1190 843 1256 iniimus
861 1188 1051 1254 emendandi
1069 1188 1228 1253 rationem
1247 1187 1377 1274 ingenio
1397 1185 1480 1251 nihil
1500 1184 1602 1268 debet,

368 1300 424 1365 sed
448 1322 530 1384 quae
554 1298 678 1363 duobus
702 1297 880 1383 potissimis
904 1297 1082 1381 scripturae
1104 1295 1241 1360 testibus
1265 1299 1396 1378 accepta
1414 1293 1548 1358 ferimus
1568 1292 1602 1356 in

367 1428 468 1472 unum
491 1405 667 1470 conflantes
690 1405 818 1488 plenam
841 1424 881 1466 ex
903 1405 1103 1468 mancatum
1129 1423 1240 1466 versus
1263 1402 1401 1467 formam
1420 1422 1516 1485 quam
1535 1422 1605 1464 sen-

368 1513 504 1578 tentiam
526 1512 698 1595 effecimus,
722 1511 768 1575 ita
787 1509 916 1595 quidem
934 1513 972 1574 111
990 1531 1070 1593 quae
1088 1507 1152 1574 hoc
1170 1509 1266 1574 modo
1285 1513 1362 1573 nata
1380 1512 1429 1574 est
1448 1507 1604 1574 orationis

368 1620 537 1706 integritas
556 1617 700 1702 compari
715 1615 890 1682 Catulliani
908 1617 1065 1681 sermonis
1083 1618 1230 1702 exemplo
1248 1616 1373 1681 nitatur
1392 1620 1424 1680 et
1437 1615 1494 1681 illa
1508 1629 1605 1699 quam

370 1728 511 1792 diximus
535 1724 766 1790 consuetudine
789 1723 958 1788 adiuvetur
981 1745 1045 1809 qua
1067 1723 1101 1787 in
1125 1722 1252 1788 eosdem
1272 1723 1434 1788 similasse
1452 1721 1605 1807 loquendi
1621 1746 1646 1786 ro

370 1834 484 1899 modos
513 1833 609 1897 etiam
633 1835 729 1915 atque
753 1831 851 1896 etiam
873 1830 975 1895 relabi
998 1831 1209 1895 consueverit.
1245 1829 1355 1896 Unum
1378 1833 1491 1912 restat,
1520 1829 1607 1913 quod

372 1941 546 2024 disceptari
568 1942 717 2024 oporteat
738 1937 835 2023 longe
859 1937 1098 2024 gravissimum:
1122 1959 1196 2002 nam
1216 1937 1254 2002 de
1273 1937 1456 2024 corrigendi
1474 1937 1607 2002 lenitate

373 2046 549 2114 concedent
571 2046 709 2111 fortasse
733 2045 830 2128 docti,
853 2044 892 2107 de
916 2045 1076 2109 sententia
1097 2044 1290 2130 pugnabunt
1314 2048 1345 2109 et
1369 2044 1475 2109 acrius
1495 2047 1608 2109 contra

373 2151 555 2240 tendent*).
592 2151 655 2229 Qui
682 2152 768 2217 enim
796 2150 901 2216 adhuc
927 2151 1003 2215 huic
1031 2151 1139 2216 versui
1166 2173 1261 2236 opem
1284 2151 1369 2216 ferre
1393 2151 1501 2216 conati
1524 2154 1609 2234 sunt,

374 2261 408 2326 id
431 2264 566 2346 egerunt
588 2263 626 2324 111
643 2259 702 2324 dtu
720 2259 776 2324 lca
794 2262 959 2342 tamquam
979 2258 1135 2343 quaedam
1155 2259 1328 2345 singularis
1347 2260 1494 2323 oratione
1513 2279 1609 2342 quam

374 2369 513 2433 maxime
527 2365 742 2450 extolleretur,
758 2387 821 2450 qua
833 2365 905 2430 luce
919 2363 1009 2451 Argo
1024 2387 1153 2430 cursum
1169 2367 1354 2450 auspicante
1370 2387 1443 2430 cum
1454 2363 1610 2430 Nereides

374 2497 415 2540 ex
442 2496 579 2560 aequore
608 2477 807 2559 emergerent
834 2472 988 2539 accidisse
1015 2472 1132 2538 dicitur
1154 2477 1192 2537 111
1214 2473 1376 2557 nymphae
1399 2472 1519 2536 nudato
1543 2493 1611 2535 cor-

374 2603 454 2667 pore
486 2585 649 2645 exstantes
682 2581 868 2645 mortalium
901 2581 1004 2646 oculis
1037 2582 1306 2664 conspicerentur.
1348 2579 1398 2644 Ex
1430 2580 1493 2644 hoc
1525 2580 1610 2643 enim

376 2687 483 2754 studio
502 2691 614 2772 partae
632 2692 708 2752 sunt
726 2688 913 2771 scripturae,
936 2691 973 2751 ut
991 2687 1177 2772 potissimas
1196 2688 1326 2772 quidem
1346 2687 1525 2769 afferamus,
1544 2686 1611 2764 illo,

376 2798 406 2863 si
428 2794 500 2878 qao
513 2795 589 2875 odio,
613 2795 756 2861 ciderunt
779 2794 844 2859 luce
861 2794 1073 2879 Lachmanni3
1096 2795 1170 2861 eltae
1187 2796 1331 2878 haudque
1349 2794 1417 2862 alic
1436 2791 1611 2878 Schwabii3
1626 2817 1652 2856 ro

377 2904 437 2968 illo
458 2909 493 2967 ut
514 2924 578 2968 uon
600 2903 668 2967 otia
687 2901 852 2986 Rudolphi
865 2901 986 2968 Helmii
1005 2904 1118 2969 nostri.
1155 2901 1321 2987 Aquibus
1340 2925 1399 2968 nos
1420 2902 1612 2968 discedimus

379 3011 424 3075 ita
443 3010 612 3075 nobiscum
630 3013 826 3094 reputantes,
850 3011 878 3074 si
895 3009 975 3075 haee
993 3009 1056 3074 fuit
1077 3008 1195 3074 catulli
1216 3010 1383 3093 sententia,
1406 3008 1488 3075 nihil
1506 3030 1613 3093 prom-

378 3116 467 3201 ptius
489 3117 589 3180 fuisse
613 3138 708 3201 quam
733 3116 820 3199 quod
843 3124 912 3182 erat
930 3115 1206 3200 simplicissimum
1225 3138 1353 3201 ponere,
1375 3117 1441 3195 cllo,
1465 3138 1528 3183 uon
1546 3115 1614 3180 odiu

378 3225 525 3289 viduant
546 3224 619 3303 luce,
643 3224 912 3307 quemadmodum
931 3222 1043 3287 Livius
1066 3222 1195 3288 locutus
1219 3228 1268 3288 est
1292 3222 1459 3311 (xxrx24,
1476 3223 1531 3311 11)
1550 3227 1604 3292 illo

379 3352 443 3397 111111
466 3331 529 3396 olio
553 3332 628 3395 derce
650 3330 813 3396 oedetmd
833 3331 928 3413 finire
949 3350 981 3397 ae
1004 3331 1154 3395 militium
1177 3333 1419 3413 ipuomr‘rsiosom
1436 3352 1540 3414 posse,
1564 3335 1615 3398 vel

381 3438 453 3522 ello,
480 3438 571 3503 nullu
593 3438 673 3517 clio,
702 3438 734 3501 id
759 3437 846 3521 quod
869 3436 1050 3501 Bemhardi
1074 3435 1247 3502 Schmidtii
1271 3439 1451 3522 opinationi
1475 3440 1615 3505 debetur.

382 3543 446 3609 Sed
474 3548 511 3608 111
538 3544 655 3609 horum
682 3549 833 3610 neutrum
860 3544 949 3609 facili
977 3566 1075 3628 opera
1101 3545 1230 3610 restitui
1254 3550 1374 3630 potest,
1403 3547 1461 3627 ita,
1490 3549 1616 3612 etiamsi

382 3655 506 3736 posset,
532 3652 650 3717 mirum
683 3656 792 3716 tamen
821 3652 983 3715 videretur
1009 3672 1139 3715 neeesse
1167 3656 1265 3735 esset,
1293 3654 1446 3737 quoniam
1474 3655 1542 3718 eius
1570 3658 1617 3719 rei

384 3779 480 3822 eausa
497 3779 564 3822 non
582 3762 724 3843 apparet,
743 3758 830 3842 quod
847 3779 914 3823 non
933 3758 1039 3822 solum
1058 3758 1238 3823 affirmatur
1254 3758 1317 3824 hoc
1336 3759 1393 3824 illo
1408 3760 1459 3824 die
1474 3762 1616 3825 evenisse

384 3865 439 3929 sed
467 3864 564 3930 simul
591 3864 676 3929 idem
704 3864 743 3929 de
772 3865 886 3948 quovis
914 3865 979 3929 alio
1003 3862 1186 3951 denegatur.
1223 3865 1355 3932 Poterat
1378 3867 1507 3951 quidem
1533 3872 1617 3933 certe
1631 3887 1657 3927 ao

385 3972 413 4036 si
441 3972 517 4054 quid
545 3973 700 4036 sentimus
722 3973 864 4041 narratio
888 3974 950 4037 ista
973 3975 1019 4038 ita
1042 3972 1209 4037 commode
1231 3973 1416 4058 procedere,
1445 3975 1557 4039 ‘simul
1580 3997 1617 4041 ac

386 4078 488 4142 secuit
516 4077 605 4164 Argo
632 4080 729 4144 maris
756 4078 888 4163 fluctuS,
915 4078 1070 4145 Nereides
1098 4080 1270 4145 admiranti
1297 4082 1390 4146 rultu
1418 4104 1457 4145 ox
1480 4104 1618 4167 aequore

386 4189 596 4250 emerserunt:
619 4184 675 4251 illo
700 4185 752 4250 die
775 4187 914 4271 contigit
933 4192 970 4251 ut
988 4187 1175 4251 mortalium
1195 4187 1281 4253 oculi
1300 4189 1440 4253 marinas
1458 4190 1618 4274 nymphas

475 4342 539 4412 ⁸14)
559 4341 695 4413 [Quorum
708 4360 780 4397 unus
796 4345 857 4397 erat
870 4344 903 4399 R.
918 4342 1155 4398 Reitzensteinius
1170 4346 1247 4414 (nam
1261 4345 1290 4399 P.
1307 4345 1452 4401 Schuluius
1467 4348 1496 4401 in
1512 4365 1620 4401 summa

386 4431 427 4485 rei
446 4449 556 4485 mecum
574 4431 666 4502 fecit):
686 4432 721 4486 ab
741 4431 791 4487 illo
811 4432 924 4487 obiecta
941 4432 1109 4503 redarguere
1124 4451 1271 4503 meamque
1286 4436 1477 4503 opinationem
1491 4436 1619 4505 pluribus

388 4520 551 4581 confirmare
565 4520 662 4575 studui
676 4521 706 4574 in
719 4520 793 4576 relat
803 4521 889 4576 acad.
905 4526 974 4576 1901
988 4522 1055 4576 inde
1071 4540 1087 4576 a
1100 4540 1127 4591 p.
1140 4528 1199 4576 160.
1223 4522 1293 4578 (lum
1307 4526 1382 4578 enim
1391 4525 1510 4595 Hauptii
1523 4526 1620 4580 libello

389 4611 500 4663 sextum
513 4610 657 4680 recognito
672 4613 701 4664 et
715 4610 795 4665 illam
809 4611 976 4681 scripturam
990 4610 1021 4665 in
1035 4614 1114 4667 textu
1128 4613 1292 4680 posuissem,
1306 4613 1467 4669 faciendum
1480 4616 1580 4684 putavi
1589 4620 1620 4669 ut

389 4700 419 4752 et
436 4698 510 4753 hanc
524 4700 553 4752 et
568 4714 639 4767 quae
652 4702 798 4768 praeterea
812 4717 979 4755 novaveram
993 4701 1215 4771 argumentando
1230 4702 1254 4755 si
1268 4718 1380 4771 possem
1394 4703 1573 4759 defenderem
1588 4721 1621 4759 ac

389 4786 574 4842 vindicarem:
594 4788 668 4842 unde
687 4791 755 4843 nata
774 4792 840 4842 sunt
858 4805 931 4859 quae
951 4789 1030 4843 edidi
1049 4790 1078 4843 in
1096 4789 1281 4845 relationibus
1300 4792 1470 4848 academicis
1485 4793 1621 4863 inscripta

391 4877 522 4948 Beitrdpe
539 4893 590 4932 zur
608 4878 808 4949 Berichtipuap
826 4879 874 4933 der
887 4881 1037 4934 rdmischeu
1051 4879 1180 4951 Elepiter
1192 4880 1259 4935 fasc.
1275 4900 1293 4949 1,
1310 4886 1391 4949 1904;
1406 4882 1474 4937 fasc.
1485 4902 1514 4949 11,
1531 4884 1620 4953 1901]
