3967 5725
401 636 467 701 372
647 641 693 691 nr.
713 641 829 690 innnx
847 610 1062 691 nncrronuir
1079 637 1311 690 Ansrrvnnun
1331 639 1409 690 reoo.

559 805 658 866 IseN.
690 802 760 865 Ναὶ
783 802 828 886 μὰ
850 802 910 866 τὸν
932 802 1016 884 Δία,
1041 798 1067 866 ὦ
1093 801 1278 884 Σώκρατες,
1301 798 1418 884 ἔγωγε·
1442 796 1545 885 χαίρω
1570 801 1633 885 γὰρ

690 908 823 974 ἀκούων
845 908 954 990 ὑμῶν
976 919 1054 973 τῶν
1077 919 1219 992 σοφῶν.
1341 951 1343 954 -

582 1020 657 1081 zer.
690 1020 883 1101 Βουλοίμην
906 1017 951 1081 ἄν
974 1031 1011 1080 σε
1035 1005 1144 1099 ἀληθῆ
1169 1014 1289 1099 λέγειν,
1314 1008 1447 1079 ὦἼων·
1471 1013 1555 1080 ἀλλὰ
1579 1029 1635 1079 σο-

691 1121 751 1207 φοὶ
778 1120 840 1205 μέν
866 1124 933 1188 πού
961 1121 1034 1188 ἐστε
1057 1123 1170 1207 ὑμεῖς
1193 1122 1233 1187 ολ
1254 1121 1429 1208 ῥαψῳδοὶ
1454 1122 1517 1186 καὶ
1539 1121 1635 1186 ὑπο-

689 1228 821 1313 κριταὶ
851 1229 906 1294 καὶ
930 1224 978 1294 ὧν
1003 1229 1095 1312 ὑμεῖς
1119 1228 1214 1315 ᾄδετε
1237 1230 1277 1293 τδ
1299 1231 1480 1312 ποιήματα,
1508 1226 1572 1310 ἐγὼ
1597 1224 1634 1293 δὲ

691 1337 792 1401 οὐδὲν
824 1338 905 1401 ἄλλο
938 1337 959 1421 ή
985 1335 1138 1420 τάληθῆ
1167 1334 1252 1420 λέγω
1280 1325 1354 1400 οἷον
1381 1336 1469 1411 εἰκὸς
1496 1334 1635 1418 ἰδιώτην

691 1445 883 1528 ἄνθρωπον.

399 1549 518 1615 Totum
545 1572 647 1635 paene
675 1571 802 1615 comma
829 1550 1057 1634 adscripsimus
1086 1551 1162 1634 quia
1188 1552 1222 1615 in
1247 1549 1298 1614 his
1323 1570 1452 1633 quoque
1475 1552 1524 1614 est
1547 1549 1634 1632 quod

401 1658 446 1733 ὡς
473 1659 641 1743 πάρεργον,
668 1657 751 1722 ὁδοῦ
778 1658 952 1750 profligare
975 1659 1136 1744 cupimus:
1166 1678 1248 1740 quae
1271 1655 1357 1721 enim
1382 1655 1532 1722 Socrates
1555 1655 1635 1721 dicit

361 1792 387 1832 ro
401 1761 502 1829 οὐδὲν
524 1766 605 1829 δλλλο
628 1763 648 1847 ή
670 1763 800 1849 τάληθή
819 1763 904 1848 λέγω
922 1765 1032 1848 inepte
1051 1785 1119 1828 esse
1137 1763 1316 1829 iudicantes
1334 1763 1518 1849 Madvigius
1537 1761 1633 1850 (Adv.

401 1872 470 1936 crit.
485 1869 590 1958 1415)
605 1871 625 1955 ή
639 1873 680 1936 vd
693 1874 806 1956 αλήθη
823 1873 929 1953 ‘quum
942 1871 1073 1954 culpas’,
1087 1870 1286 1956 probabilius
1301 1870 1477 1936 Schanzius
1491 1870 1511 1954 ή
1527 1871 1634 1954 εὐήθη

399 1978 640 2044 rescribendum
669 1983 916 2063 proposnenmt.
955 1976 1019 2043 Sed
1046 2001 1084 2043 ea
1109 1978 1208 2042 verba
1233 1978 1328 2042 nobis
1352 1977 1386 2041 in
1409 1978 1541 2042 eandem
1566 2000 1635 2043 sen-

399 2087 533 2150 tentiam
557 2085 621 2151 dici
643 2086 807 2169 videntur,
831 2107 928 2168 quam
951 2084 1050 2170 Hipp.
1069 2086 1141 2150 mai.
1161 2084 1207 2172 (p.
1228 2085 1279 2170 11,
1300 2083 1355 2168 15)
1377 2083 1429 2149 his
1453 2084 1560 2148 verbis
1583 2107 1636 2149 ex-

401 2193 520 2276 pressit
540 2195 694 2270 τοιοῦτός
715 2217 776 2275 τις,
799 2191 840 2258 οὐ
863 2193 990 2276 κομψὸς
1011 2191 1094 2257 ἀλλὰ
1114 2195 1286 2274 συρφετός,
1310 2187 1412 2257 οὐδὲν
1430 2193 1512 2257 ἄλλο
1531 2215 1636 2276 φρον-

400 2300 497 2378 τίζων
519 2298 539 2383 ή
563 2300 600 2364 τὸ
624 2297 756 2382 ἀληθές.
793 2297 841 2364 Ut
862 2298 1039 2385 intelligas,
1062 2295 1227 2363 Socratem
1250 2297 1429 2383 simplicem
1451 2299 1637 2382 nudamque

400 2389 569 2479 veritatem
596 2405 688 2471 nullo
715 2406 792 2471 fuco
816 2410 872 2470 eut
894 2406 1003 2471 fallaci
1027 2406 1132 2490 specie
1154 2406 1300 2471 indutam
1324 2405 1441 2491 dicere,
1469 2406 1558 2490 quali
1580 2405 1637 2470 ho-

400 2512 503 2577 mines
531 2512 569 2576 de
597 2514 692 2596 plebe
720 2503 870 2595 utuntur,
898 2534 979 2596 quos
1008 2516 1177 2598 συρφετόν
1202 2512 1344 2598 appellat
1368 2516 1400 2578 et
1422 2514 1485 2578 hoc
1507 2513 1580 2578 loco
1604 2517 1638 2578 et
1696 2583 1698 2587 ,

401 2620 437 2683 in
455 2618 631 2683 Theaeteto
651 2616 836 2705 (p.15,14)
860 2628 958 2684 τοῦτο
982 2620 1075 2704 ἡμῖν
1097 2616 1158 2705 μὲν
1181 2618 1314 2707 ᾐνίξατο
1333 2627 1382 2706 τῷ
1397 2625 1527 2707 πολλῷ
1543 2636 1637 2705 συρ-

401 2735 515 2815 φετῷ,
543 2719 614 2802 τοῖς
637 2721 674 2790 δὲ
696 2732 861 2809 μαθηταῖς
884 2725 922 2792 ἐν
944 2726 1119 2815 ἀπορρήτῳ
1143 2728 1204 2810 τήν
1227 2726 1390 2811 ἀλήθειαν
1411 2719 1535 2809 ἔλεγεν.
1573 2725 1637 2791 Sed

360 2861 387 2900 ro
401 2831 489 2918 quod
511 2833 607 2898 istam
631 2833 809 2899 orationem
828 2833 945 2900 attinet
963 2856 1059 2920 quam
1079 2834 1303 2919 disceptamus,
1324 2855 1420 2899 nemo
1440 2835 1502 2900 erit
1521 2834 1577 2919 qui
1595 2834 1637 2901 ad

400 2940 495 3025 ὑμεῖς
523 2941 648 3005 adiecta
669 2942 802 3007 nomina
825 2942 858 3005 ολ
881 2942 1031 3031 ῥαψῳδοὶ
1054 2939 1109 3007 καὶ
1132 2941 1313 3026 ὑποκριταί
1333 2940 1428 3007 evelli
1450 2943 1543 3025 velit,
1570 2964 1637 3007 non

400 3047 504 3133 magis
529 3069 625 3132 quam
648 3048 747 3113 iniis
771 3070 852 3132 quae
874 3050 1021 3133 proxime
1043 3049 1239 3133 praecedunt
1262 3047 1302 3115 ad
1325 3048 1421 3132 ὑμῶν
1443 3048 1638 3114 additurus

400 3260 551 3349 ῥαψῳδοὶ
570 3263 611 3327 τὰ
629 3272 697 3328 τῶν
715 3274 862 3347 ποιητῶν
882 3262 1086 3348 ἑρμηνεύετε.
1119 3262 1208 3340 Quae
1223 3263 1331 3327 omnia
1345 3262 1374 3329 si
1388 3263 1521 3328 eandem
1536 3264 1636 3327 mani-

399 3368 483 3434 festo
503 3369 671 3453 scriptoris
690 3392 821 3435 manum
839 3392 917 3454 pree
936 3370 1104 3453 ecferunt,
1122 3374 1231 3436 tamen
1245 3370 1443 3435 affirmamus
1457 3369 1542 3454 1253
1557 3371 1636 3447 τοὺς

401 3474 580 3562 ῥαψῳδούς
603 3497 673 3540 esse
696 3476 941 3561 exstirpandos?
979 3476 1043 3541 Sed
1067 3477 1154 3561 quod
1177 3500 1274 3562 snpra
1297 3477 1438 3542 diximus
1456 3499 1636 3562 pronomen

400 3582 435 3647 in
461 3582 524 3646 hoc
551 3604 668 3669 genere
694 3583 822 3648 facilius
850 3606 947 3667 qnam
975 3606 1093 3649 nomen
1120 3583 1304 3668 pronomini
1331 3584 1490 3649 adiectum
1515 3583 1636 3649 deside·

399 3688 464 3754 rari
491 3711 600 3775 posse,
628 3690 661 3753 id
689 3711 761 3756 cum
790 3691 825 3754 in
852 3690 915 3756 alia
943 3695 1013 3755 tum
1042 3691 1076 3755 in
1103 3690 1182 3755 haec
1209 3692 1348 3755 maxime
1373 3691 1486 3757 cadere
1508 3691 1637 3757 videtur

401 3816 482 3880 quae
505 3797 541 3861 in
564 3796 673 3861 eadem
697 3796 736 3862 de
758 3796 929 3882 rhapsodis
953 3798 1172 3883 disputatione
1196 3796 1241 3884 (p.
1261 3798 1313 3883 61,
1331 3796 1390 3885 20)
1415 3797 1566 3864 dicuntur

562 3894 665 3969 οἶσθα
695 3900 758 3970 οὑν
785 3903 837 3969 ὅτι
866 3898 964 3981 οὗτός
992 3903 1083 3969 ἐστιν
1111 3904 1128 3969 ὁ
1156 3907 1280 3989 θεατής
1306 3915 1374 3970 τῶν
1402 3906 1590 3971 δακτυλίων
1617 3906 1635 3972 δ

560 4006 711 4094 ἔσχατος,
744 4005 792 4076 ὧν
819 4009 884 4094 ἐγὼ
912 4009 1028 4093 ἔλεγον
1055 4012 1120 4077 ὑπὸ
1148 4020 1206 4094 τῆς
1229 4010 1506 4097 Ἡρακλειώτιδος
1534 4014 1636 4079 λίθου

562 4115 616 4181 ἀπ’
644 4116 798 4201 ἀλλήλων
820 4118 880 4201 τήν
904 4118 1050 4203 δύναμιν
1073 4119 1270 4204 λαμβάνειν,
1299 4118 1317 4185 δ
1342 4120 1362 4183 δ
1368 4120 1384 4185 ὲ
1406 4118 1524 4204 μέσος
1547 4122 1593 4186 σὺ
1617 4120 1688 4187 dlt

562 4224 744 4312 ῥαψῳδὸς
762 4222 825 4288 καὶ
842 4223 1076 4311 ὑποκριτής,
1095 4223 1113 4289 ὑ
1132 4225 1170 4289 δὲ
1188 4236 1316 4310 πρῶτος
1335 4225 1435 4302 αὐτὸς
1453 4224 1471 4290 ὑ
1489 4229 1636 4312 ποιητής,

561 4330 579 4396 ὑ
608 4328 645 4397 δὲ
673 4332 753 4407 θεὸς
776 4331 990 4397 deducimur
1013 4331 1142 4397 τούτων
1165 4330 1251 4397 ἕλκει
1274 4332 1336 4416 τήν
1358 4333 1470 4417 ψυχήν
1494 4333 1570 4399 dccc
1593 4332 1636 4399 δν

561 4439 723 4522 βούληται
746 4450 813 4504 τῶν
836 4437 1027 4522 ἀνθρώπων
1050 4443 1117 4503 κτλ.

401 4540 455 4608 An
482 4543 616 4610 dubium
644 4549 693 4611 est
718 4547 760 4609 σὺ
784 4547 929 4631 potuisse
952 4546 1076 4628 abesse,
1103 4568 1170 4609 non
1193 4547 1336 4630 potuisse
1361 4547 1378 4612 ὁ
1403 4546 1559 4635 ῥαψῳδὸς
1581 4550 1636 4613 καὶ

401 4649 603 4735 ὑποκριτήςλ
640 4649 728 4728 Quae
759 4654 912 4737 quoniam
940 4652 1111 4719 coniuncta
1138 4653 1257 4717 dentur
1283 4654 1373 4717 nulla
1400 4676 1473 4718 cum
1501 4656 1636 4719 necessi·

401 4759 482 4840 tete,
513 4778 597 4823 novo
630 4760 694 4826 hoc
723 4760 909 4826 testimonio
937 4760 1080 4843 patefieri
1108 4764 1273 4844 putemus,
1306 4762 1420 4826 ceteris
1448 4761 1528 4826 locis
1558 4762 1636 4846 quid

404 4861 554 4947 scriptori
576 4865 718 4933 libuerit.
756 4866 820 4933 Sed
842 4866 893 4932 his
914 4887 995 4952 quae
1014 4866 1119 4931 adhuc
1138 4866 1286 4951 exposita
1303 4856 1387 4952 sunt,
1406 4868 1468 4933 etsi
1485 4868 1635 4934 nonnihil
