3967 5725
742 573 792 621 DE
809 572 992 623 EURIPIDIS
1010 571 1191 623 HERCULE.

492 738 561 797 ΗΡ.
591 734 704 817 πάτερ,
728 734 762 798 τί
782 734 907 810 κλαίεις
929 731 984 799 καὶ
1009 736 1227 817 συναμπίσχει
1251 735 1362 816 κόρας,

591 849 652 905 τοῦ
675 840 838 924 φιλτάτου
860 856 915 906 σοι
937 842 1082 923 τηλόθεν
1104 840 1223 916 παιδὸς
1244 840 1364 924 βεβάς;

480 951 559 1013 ΑΜ.
591 944 616 1012 ὦ
640 946 769 1012 τέκνον·
794 938 825 1010 εἶ
847 948 909 1032 γάρ
932 944 987 1011 καὶ
1011 958 1118 1022 κακῶς
1140 948 1301 1029 πράσσων
1324 945 1409 1031 ἐμάς.

492 1058 562 1119 ΗΡ.
592 1054 729 1139 πράσσω
753 1052 785 1118 d‘
811 1053 875 1136 ἐγώ
899 1078 931 1119 τι
954 1055 1093 1138 λυπρόν,
1116 1049 1157 1119 οὗ
1180 1054 1411 1139 θακρυρροεῖς;

348 1162 435 1226 1115
482 1166 562 1227 ΑΜ.
593 1159 614 1225 ἃ
637 1160 700 1225 κάν
722 1167 814 1225 θεῶν
836 1184 897 1243 τις,
920 1162 952 1225 εἰ
972 1161 1089 1242 πάθοι,
1112 1160 1314 1226 καταστένοι.

494 1272 563 1333 ΗΡ.
593 1267 695 1353 μέγας
717 1266 747 1350 y'
775 1266 794 1333 d
816 1270 951 1351 κόμπος,
974 1269 1035 1351 τὴν
1058 1268 1162 1351 τύχην
1185 1265 1216 1331 d'
1243 1268 1336 1333 οὔπω
1360 1267 1474 1352 λέγεις.

346 1376 468 1441 Vernus
485 1374 570 1440 1115
590 1376 625 1439 in
644 1374 751 1441 codice
768 1373 853 1439 hanc
870 1373 1113 1439 memorabilem
1130 1373 1268 1439 formam
1286 1373 1385 1439 habet
1402 1375 1583 1441 ιἰκανθεὼν

345 1508 397 1560 τις
426 1480 536 1548 εἴπαθ’
565 1483 600 1547 οἱ
626 1480 836 1564 καταστένοι,
866 1504 906 1546 ex
935 1503 1000 1565 qua
1029 1486 1137 1546 tumen
1165 1481 1298 1565 syllabis
1326 1484 1414 1547 recte
1441 1482 1581 1547 diductis

346 1590 473 1675 pridem
496 1590 531 1653 id
555 1589 641 1672 quod
664 1610 775 1653 verum
800 1592 848 1653 est
872 1588 959 1653 docti
981 1588 1129 1653 homines
1157 1594 1386 1672 recuperarunt
1414 1587 1467 1675 (cf.
1486 1588 1579 1655 Anat

345 1697 492 1781 Euripid.
512 1720 542 1781 p.
558 1694 646 1783 228).
691 1693 765 1760 Nisi
790 1696 878 1779 quod
901 1697 1018 1779 πάθοι,
1042 1695 1128 1779 quod
1154 1699 1204 1759 est
1226 1717 1303 1761 sane
1325 1697 1361 1760 in
1382 1698 1446 1761 ista
1469 1697 1579 1781 depra-
1594 1723 1629 1763 ιο

345 1808 421 1867 vata
445 1804 565 1869 codicis
589 1804 761 1887 scripture,
788 1799 975 1867 dubitamus
1005 1824 1101 1887 quam
1124 1807 1209 1866 recte
1232 1803 1273 1867 ab
1296 1802 1452 1887 Euripide
1474 1803 1580 1890 profe·

346 1915 436 1975 ctum
456 1914 626 1975 statuatur.
664 1908 827 1975 Sermonis
852 1910 936 1975 enim
955 1910 1018 1974 iter
1036 1910 1064 1973 si
1082 1909 1183 1993 probe
1202 1909 1423 1996 intelligimus,
1445 1909 1581 1976 Herculi

347 2018 425 2101 quia
457 2021 582 2101 patrem
617 2019 799 2102 plorantem
832 2018 948 2101 aspicit
980 2016 1193 2103 interroganti
1225 2013 1361 2081 ‘Sumne
1393 2039 1454 2103 ego
1482 2017 1516 2080 in
1543 2040 1581 2083 ea

344 2123 474 2189 miseria
502 2146 599 2208 quam
626 2128 663 2188 tu
686 2124 842 2189 defleasl'
875 2123 1072 2208 Amphitryo
1095 2122 1267 2208 respondet
1290 2122 1391 2188 ‘Sane
1415 2125 1508 2189 inea
1532 2123 1580 2211 (es

345 2229 491 2317 miseria)
511 2252 606 2315 quam
625 2253 692 2296 non
711 2231 814 2295 dicam
833 2252 894 2315 ego
914 2231 1039 2296 sedvel
1058 2231 1190 2296 deorum
1210 2231 1328 2314 aliquis
1347 2232 1375 2294 si
1394 2232 1582 2315 cognoverit

347 2338 572 2421 deploraturus
597 2338 664 2401 sit'.
709 2338 754 2401 llt
776 2338 863 2402 huno
885 2336 988 2423 igitur
1015 2358 1083 2400 esse
1107 2338 1198 2402 illum
1223 2337 1328 2422 μέγαν
1351 2341 1480 2419 κόμπον
1503 2337 1581 2402 dicit

346 2442 513 2527 Hercules²
537 2444 623 2526 quod
647 2446 681 2509 in
703 2466 763 2510 sco
785 2446 915 2509 miseria
943 2442 1023 2530 (non
1046 2466 1083 2508 ea
1107 2466 1203 2527 quam
1227 2445 1295 2529 ipse
1318 2443 1474 2530 patiatur)
1502 2445 1581 2510 deus

347 2550 464 2634 aliquis
499 2552 603 2635 possit
635 2552 852 2638 ingemiscere.
907 2549 1021 2635 Itaque
1052 2572 1119 2616 non
1152 2554 1180 2615 εἰ
1212 2552 1333 2634 πάθοι,
1371 2552 1426 2617 sed
1457 2556 1582 2616 mutata

345 2658 457 2722 littera
481 2659 510 2722 sl
532 2657 638 2742 μάθοι
663 2658 865 2723 scribendum
891 2662 967 2743 erat,
991 2680 1071 2741 quas
1093 2659 1213 2723 formai
1236 2664 1349 2723 notum
1368 2664 1417 2723 est
1435 2658 1580 2723 inlibris

348 2750 477 2847 scriptis
502 2786 596 2850 saepe
619 2766 704 2830 inter
727 2788 761 2830 se
783 2764 1008 2851 permutari*).
1594 2792 1628 2831 ιο

289 2869 331 2932 25
509 2872 529 2938 ἃ
552 2871 615 2937 κάν
638 2880 730 2939 θεῶν
753 2898 813 2955 τις,
836 2877 868 2938 ει’
889 2874 1004 2958 μάθοι,
1026 2874 1230 2939 καταστένοι.

347 2977 533 3044 Sententiae
556 2979 769 3045 conformatio
794 3002 890 3064 quam
914 2981 1064 3045 volumus
1086 2980 1185 3045 habet
1212 2982 1336 3063 aliquid
1360 2981 1581 3045 similitudinis

348 3107 422 3150 cum
446 3108 483 3149 ea
507 3109 588 3170 quae
612 3091 661 3152 est
683 3088 718 3151 in
740 3085 907 3153 Phoeniss.
925 3087 1012 3152 1344

514 3197 580 3258 ΚΡ.
614 3189 638 3258 dr
663 3193 782 3276 δώματ’
811 3193 1018 3278 εἰσηκούσατ’
1047 3197 1191 3259 Οἰδίπου
1214 3196 1308 3270 τάδε;

510 3305 579 3366 XO.
613 3298 689 3366 ὥστ’
717 3299 760 3366 ἂν
783 3302 949 3386 δακρῦσαί
970 3301 1015 3386 γ’,
1039 3303 1069 3366 εἰ
1091 3300 1272 3385 φρονοῦντ’
1300 3301 1488 3386 ἐτύγχανεν.

349 3406 498 3472 (laterum
532 3407 572 3471 de
599 3407 660 3471 diis
688 3408 855 3473 hominum
885 3430 976 3473 casus
1005 3409 1319 3490 commiserantibus,
1350 3412 1387 3472 ut
1414 3409 1580 3472 mittamus

348 3535 387 3578 ea
424 3535 506 3597 quae
540 3514 574 3578 in
608 3514 748 3580 Hercule
785 3516 868 3578 1127
905 3515 1099 3599 Amphitryo
1136 3537 1207 3579 cum
1245 3515 1465 3601 indignatione
1503 3515 1581 3579 dicit

349 3621 427 3705 quia
459 3621 549 3686 nulla
576 3620 722 3706 Iuppiter
752 3622 811 3686 has
839 3621 984 3686 miserias
1012 3623 1186 3705 respiciens
1214 3622 1433 3687 misericordia
1460 3622 1581 3685 moveri

345 3727 506 3812 videatur,

511 3831 536 3898 ὦ
563 3840 639 3917 Ζεῦ,
663 3833 741 3919 παρ’
759 3835 865 3920 Ἥρας
888 3830 940 3920 ἆρ’
969 3835 1049 3922 ὁρᾷς
1071 3839 1209 3921 θρόνων
1232 3838 1320 3917 τάδε,
1594 3861 1650 3900 ια’

350 3963 447 4026 saepe
477 3941 522 4006 dii
552 3943 615 4026 ipsi
642 3941 810 4025 Euripidei
839 3941 936 4006 verba
966 3942 1104 4026 faciunt,
1137 3944 1225 4006 velut
1251 3945 1283 4006 in
1313 3942 1494 4028 Hippolyto
1522 3942 1582 4006 Ar-

346 4049 443 4112 temis
467 4046 582 4136 (1339)

508 4157 651 4237 μάλιστα
674 4155 734 4238 μέν
761 4181 823 4220 νυν
846 4154 900 4221 ool
924 4155 994 4220 τάδ’
1022 4153 1170 4242 ἔρρωγεν
1193 4158 1286 4232 κακά,

418 4316 421 4322 .
509 4264 596 4346 λύπη
621 4259 657 4327 dl
680 4262 790 4345 κάμοί·
815 4265 893 4340 τοὺς
916 4266 980 4347 γὰρ
1005 4263 1152 4347 εὐσεβεῖς
1175 4262 1251 4328 θεοὶ
1415 4254 1418 4260 ’

378 4369 464 4432 1340
508 4367 718 4456 θνῄσκοντας
742 4371 782 4434 οὐ
805 4375 971 4454 χαίρουσι·
996 4371 1075 4446 τούς
1098 4393 1135 4452 γε
1158 4370 1224 4453 μὴν
1247 4373 1369 4447 κακοὺς

510 4475 622 4552 αὐτοῖς
645 4476 789 4541 τέκνοισι
812 4476 866 4541 καὶ
891 4478 1005 4558 δόμοις
1028 4465 1206 4560 ἐξόλλυμεν

438 4651 501 4718 *20)
521 4651 683 4722 [Dionysius
709 4651 799 4704 Halic.
820 4671 848 4704 iv
867 4657 899 4704 81
920 4668 946 4719 p.
964 4657 1029 4718 106,
1044 4652 1103 4705 4Κ.
1129 4651 1275 4720 συμφορὰς
1294 4652 1328 4716 ἃς
1351 4654 1399 4708 καὶ
1421 4662 1477 4707 τῶν
1499 4655 1581 4706 πολε-

348 4738 421 4808 μίων
440 4738 477 4794 ἄν
495 4760 536 4802 τις
554 4742 674 4810 μαθὼν
694 4740 866 4806 δακρύσειεν.
897 4739 1093 4794 coniecturam
1113 4740 1203 4809 μάθοι
1217 4741 1382 4796 Wecklinus
1402 4743 1440 4811 (in
1455 4741 1585 4794 aditione⁴

347 4829 477 4884 Herculis
494 4845 518 4883 a.
535 4833 614 4899 1899)
633 4829 730 4884 Paleis
748 4831 895 4885 adscribit:
915 4829 946 4882 id
959 4847 1005 4884 me
1019 4830 1095 4901 fugit
1109 4846 1200 4897 neque
1215 4831 1290 4900 apud
1305 4830 1432 4885 Paleium
1446 4828 1585 4899 repperi]
