3967 5725
368 658 389 720 6
534 660 657 711 XXXIV.
677 661 792 711 INDEX
810 660 1024 712 LEOTIONUM
1041 660 1283 711 HIBERNARUM
1302 659 1389 729 1891]
1397 662 1440 711 92.

366 821 570 905 arbitramur,
593 820 648 885 sed
672 842 735 905 quo
760 821 839 886 ordo
862 821 1036 886 verborum
1059 821 1149 887 ducit
1171 826 1352 905 sequentes,
1377 842 1450 887 cum
1474 824 1604 906 φαῦλος

367 929 607 1014 coniungimuS,
633 928 823 1000 adverbium
845 950 916 993 oum
940 928 1113 1013 adiectivo,
1136 928 1282 994 velutin
1305 927 1405 994 Iliade
1429 926 1508 1015 (xm
1523 926 1602 1014 111)

365 1034 486 1121 legitur
509 1037 541 1101 α’
560 1036 601 1119 δή
620 1036 675 1100 καὶ
697 1036 835 1119 πάμπαν
859 1034 1021 1119 ἐτήτυμον
1040 1038 1146 1112 αἴτιός
1164 1034 1257 1101 ἐστιν
1275 1057 1313 1101 66
1331 1057 1427 1120 saepe
1445 1034 1603 1100 similiter.

366 1139 416 1206 Ita
440 1144 524 1207 enim
548 1143 642 1207 unice
664 1142 814 1207 vocabuli
837 1143 886 1207 vis
906 1147 938 1207 et
956 1144 1081 1207 utilitas
1101 1146 1236 1209 constat.
1273 1142 1358 1208 Nam
1378 1146 1406 1207 si
1425 1164 1537 1207 verum
1556 1146 1607 1206 est

366 1248 454 1332 quod
482 1248 636 1334 diximus,
665 1272 704 1315 ex
726 1249 908 1334 suspicione
930 1249 1053 1315 fraudis
1077 1249 1171 1315 istam
1194 1252 1483 1335 interrogationem
1505 1250 1606 1335 nasci,

366 1354 445 1438 quid
468 1357 577 1440 aptius
600 1357 663 1422 dici
686 1357 802 1441 potuit,
827 1378 923 1440 quam
942 1358 1142 1443 argentarios
1160 1357 1257 1441 Lydii
1274 1357 1392 1441 lapidis
1411 1377 1472 1441 ope
1491 1375 1603 1421 aurum

367 1484 518 1546 quaerere
547 1467 670 1529 essetne
698 1484 806 1529 reuera
835 1464 921 1547 quod
944 1465 1155 1548 opinarentur
1176 1464 1375 1549 improbum,
1402 1462 1605 1548 1.6.αὲτρη

365 1572 492 1654 χρυσὸν
519 1570 617 1655 ὁποίη
645 1571 844 1655 πεύθονται,
876 1571 920 1655 μή
949 1576 1078 1655 φαῦλος
1107 1570 1284 1655 ἐτήτυμον,
1313 1568 1604 1656 ἀργυραμοιβοί*).

314 1680 317 1686 ’
366 1675 429 1741 Sed
452 1678 552 1742 161161
575 1700 641 1743 161
663 1698 733 1741 esse
757 1676 844 1761 quod
867 1678 1043 1763 argentarii
1065 1677 1127 1743 hac
1149 1679 1203 1741 via
1225 1679 1439 1762 explorarent,
1461 1677 1497 1741 id
1517 1676 1605 1760 quod

325 1783 540 1849 161611111166
564 1785 598 1848 in
622 1783 729 1848 addita
753 1783 916 1869 ἐτήτυμον
940 1806 1018 1850 1666
1041 1785 1145 1849 inesse
1168 1783 1251 1849 velle
1274 1785 1424 1868 diximus,
1446 1805 1513 1849 161
1536 1787 1604 1847 erat

367 1890 453 1974 quod
476 1889 594 1955 111166
617 1890 776 1955 sententia
800 1890 1024 1975 affirmaretur,
1052 1912 1116 1974 qua
1138 1890 1200 1956 1166
1223 1895 1350 1956 tantum
1374 1890 1539 1977 agebatur,
1566 1894 1604 1954 ut

365 1996 461 2081 Lydii
493 1996 609 2081 lapidis
642 2019 719 2062 usus
753 1997 809 2081 qui
842 2001 927 2062 66661
959 1996 1209 2085 significaretur3
1242 2019 1346 2082 neque
1378 2019 1470 2063 secus
1498 1997 1603 2084 Plato,

366 2124 461 2187 quem
493 2125 590 2187 supra
618 2104 801 2187 citavimus,
834 2104 924 2169 nulla
952 2126 1025 2169 cum
1054 2105 1291 2170 asseveratione
1318 2105 1386 2170 veri
1413 2104 1475 2187 τήν
1503 2106 1604 2170 leton

364 2210 444 2275 dicit
471 2202 492 2297 ή
520 2212 734 2293 βασανίζουσι
764 2214 823 2277 τὸν
852 2214 993 2296 χρυσόν,
1022 2212 1198 2296 eodemque
1225 2212 1322 2276 modo
1346 2212 1410 2276 alii.
1456 2212 1603 2295 Denique

364 2316 582 2382 Buechelerus
606 2323 642 2383 ut
666 2322 794 2403 φαῦλος
818 2342 836 2383 6
859 2317 1025 2383 Theocriti
1048 2340 1143 2383 versu
1165 2320 1281 2403 procul
1303 2319 1446 2401 haberet,
1468 2318 1502 2381 id
1526 2339 1604 2401 quo-

296 2488 305 2513 ,
364 2445 427 2507 que
450 2426 562 2508 posuit
586 2426 726 2510 ‘peotes
749 2425 777 2489 si
800 2427 922 2510 malum
946 2427 1144 2512 significaret
1166 2426 1263 2490 vilem
1283 2446 1395 2492 vocem
1414 2446 1482 2489 esse
1502 2428 1535 2489 61
1553 2424 1604 2488 de·
1640 2477 1643 2481 .

364 2531 516 2597 decorare
545 2534 723 2597 orationem
752 2531 940 2597 elatiorem?
984 2532 1135 2597 Fortasse
1163 2532 1306 2597 fallimur
1333 2552 1393 2597 nec
1416 2533 1495 2597 satis
1518 2535 1604 2596 recte

363 2638 426 2702 viri
451 2637 537 2703 docti
561 2639 753 2703 seutentiam
777 2639 961 2722 accipimus.
1005 2637 1068 2703 Sed
1090 2639 1236 2723 profecto
1257 2638 1401 2704 ‘malum'
1421 2638 1604 2723 significare

364 2748 497 2826 φαῦλον
521 2744 586 2809 161
610 2744 777 2828 credimus,
800 2766 911 2810 verum
935 2746 1000 2810 ista
1022 2744 1150 2831 vulgari
1173 2766 1211 2810 66
1233 2767 1336 2830 paene
1353 2746 1486 2830 propria
1505 2746 1604 2830 signi-

324 2888 350 2926 20
364 2850 515 2917 ficatione
542 2852 631 2917 vocis
654 2851 798 2936 positum
822 2874 903 2936 6666,
933 2875 997 2937 qua
1020 2852 1071 2918 161
1094 2854 1164 2917 1616
1186 2851 1274 2937 quod
1297 2856 1347 2918 est
1370 2853 1438 2917 sine
1461 2851 1603 2936 pondere

363 2961 415 3023 161
448 2959 534 3042 quod
566 2961 630 3024 vile
663 2981 699 3024 ac
730 2957 851 3024 nullius
884 2961 982 3044 pretii
1013 2960 1181 3044 designare
1208 2959 1303 3042 solet,
1338 2964 1374 3023 ut
1402 2981 1536 3042 αοηαανι
1564 2958 1603 3022 de

366 3065 506 3130 nummis
530 3066 615 3150 apud
639 3065 814 3150 Apuleium
837 3068 909 3131 loco
934 3088 1032 3150 supra
1055 3066 1153 3131 allato
1177 3070 1211 3132 et
1233 3068 1269 3131 in
1290 3068 1428 3154 prologo
1454 3065 1602 3147 Casinam

363 3172 419 3236 sed
447 3176 479 3236 et
506 3171 567 3238 hae
596 3177 628 3237 et
655 3172 712 3237 illa
738 3174 772 3237 vi
800 3178 929 3257 φαῦλος
956 3195 975 3236 6
1002 3178 1172 3258 poetarum
1200 3174 1345 3238 oratione
1373 3174 1513 3238 alienum
1536 3194 1603 3236 161

363 3301 441 3362 6666,
461 3279 488 3344 61
507 3300 572 3343 161
592 3279 771 3363 Aeschylus
790 3283 847 3343 aut
866 3277 1052 3364 Sophocles,
1070 3279 1244 3364 Euripides
1264 3282 1394 3365 quidem
1408 3279 1601 3344 documento

363 3390 421 3468 661,
446 3386 536 3451 ouius
560 3409 663 3471 pauca
686 3385 834 3451 attulisse
857 3387 1006 3471 exempla
1028 3387 1166 3475 fortasse
1189 3388 1305 3452 inutile
1328 3409 1395 3452 161
1418 3389 1474 3450 est.

362 3491 517 3557 Androm.
533 3493 599 3557 324

444 3595 450 3620 ⁸
498 3602 540 3664 σὺ
565 3601 606 3685 δή
630 3611 824 3685 στρατηγῶν
847 3600 987 3684 λογάσιν
1007 3598 1176 3686 Ἑλλήνων
1198 3600 1278 3666 ποτὲ

503 3709 626 3793 Τροίαν
649 3707 791 3793 ἀφείλου
814 3710 985 3792 Πρίαμον,
1009 3700 1075 3774 ὧδε
1097 3713 1227 3790 φαῦλος
1250 3707 1311 3784 dira

363 3812 442 3877 ibid.
463 3812 530 3877 870

322 3943 349 3982 η,
498 3903 629 3986 φαύλης
652 3901 824 3990 (φαύλοις)
848 3905 1008 3988 γυναικὸς
1030 3903 1202 3988 βαρβάρου
1225 3902 1377 3979 πεισθεὶς
1400 3903 1521 3986 λύγοις.

362 4008 525 4073 11111378

982 4119 1015 4182 εἰ
1035 4117 1079 4200 μή
1102 4118 1251 4200 θήσομαι

496 4220 569 4307 τᾶμ’
598 4221 643 4299 ὡς
665 4224 792 4308 ἄριστα,
816 4226 944 4308 φαῦλός
967 4224 1034 4304 εἰμι
1056 4222 1119 4287 κού
1143 4225 1256 4306 σοφός.
1303 4222 1440 4289 01482.

362 4327 483 4393 Phoen.
503 4328 569 4394 495
1617 4376 1636 4430 8

452 4557 618 4630 *8)[1161111
641 4558 717 4612 vocis
737 4556 876 4627 ἐτήτυμον
899 4574 984 4626 quam
1007 4556 1069 4612 volo
1094 4555 1285 4627 compluribus
1308 4557 1378 4612 locis
1402 4555 1491 4610 habet
1512 4555 1599 4625 Apol-

363 4646 455 4701 lonius
475 4645 688 4718 Argonautieis,
712 4649 745 4700 ut
767 4665 795 4700 rv
810 4651 862 4700 834
884 4647 909 4701 61
927 4643 978 4715 aba
998 4646 1034 4716 δὴ
1053 4649 1183 4717 μαλεροῖο
1203 4646 1293 4713 πυρὸς
1311 4643 1394 4716 μένος
1412 4645 1463 4714 ridi
1482 4644 1600 4700 θύελλαι

362 4739 491 4806 ζαχρηεῖς
510 4734 640 4803 λήξουσιν
659 4733 836 4806 ἐνήτνμονε
855 4734 941 4790 refert
959 4753 1032 4805 quaa
1045 4734 1193 4805 praedicta
1206 4738 1273 4790 61111
1285 4753 1310 4790 v.
1325 4739 1481 4802 ere-8203
1500 4738 1598 4787 111402

363 4825 389 4880 εἰ
407 4823 461 4895 γὰρ
481 4822 648 4894 ἐτήτυμον
669 4823 727 4880 ἔστε
745 4828 823 4880 θεῶν
841 4823 933 4895 ydrae:
956 4824 987 4878 id
1006 4824 1082 4893 quod
1101 4825 1167 4879 ante
1184 4822 1328 4894 professus
1348 4823 1490 4879 eratineo
1510 4827 1598 4887 3616,

361 4913 434 4968 alibi
454 4912 605 4986 similiter]
1222 4951 1225 4956 ·
