3967 5725
379 636 445 701 298
545 638 668 688 ΧΙΝΠΙ.
688 638 804 688 INDEX
822 636 1037 687 LEOTIONUM
1055 635 1297 687 HIBERNARUM
1317 634 1449 704 1898s99.

701 798 864 883 σαυτοῦ]
887 797 1033 862 παλαιὰν
1055 806 1143 862 ναῦν
1166 793 1271 881 ἔχοντ’

588 905 654 970 915
700 908 748 982 είς
769 905 813 989 ἣν
836 903 991 969 ἀναλῶν
1015 904 1076 969 ούκ
1099 901 1174 987 ἐφέ-

699 1010 765 1090 ξεις
788 1011 868 1077 οὐδὲ
891 1010 1178 1095 ναυπηγούμενος·

700 1120 990 1203 διαμηχανήσομαί
1008 1115 1042 1181 θ’
1073 1117 1161 1194 ὅπως

699 1225 742 1291 ἂν
766 1226 873 1291 ίστίον
896 1225 1027 1309 σαπρὸν
1051 1225 1170 1309 λάβῃς,

377 1335 412 1398 in
434 1334 475 1398 iis
498 1356 580 1418 quae
604 1335 695 1398 uncis
719 1331 879 1399 cinximus
902 1330 1043 1396 numeris
1066 1331 1194 1414 quidem
1214 1330 1333 1396 illaesis
1353 1333 1409 1396 sed
1427 1352 1524 1417 prave
1543 1352 1612 1396 esse

377 1442 498 1506 inserta
515 1438 630 1505 Cobeti
653 1440 719 1506 fuit
737 1439 858 1524 opinio,
881 1439 937 1522 qui
956 1461 983 1504 a.
1005 1437 1090 1503 1852
1110 1438 1144 1502 in
1162 1436 1374 1522 Mnemosyne
1392 1440 1455 1504 vol.
1473 1456 1530 1522 1p.
1545 1438 1609 1502 417

377 1549 436 1614 hos
460 1569 571 1613 versus
601 1546 635 1611 in
659 1546 757 1612 istum
780 1544 911 1611 modum
933 1549 1064 1610 notatos
1087 1544 1243 1628 exhibuit,
1266 1545 1356 1612 nullo
1379 1547 1478 1612 verbo
1502 1545 1612 1610 addito

377 1657 411 1718 in
437 1676 533 1720 causa
560 1658 672 1739 aperta
695 1676 791 1739 quam
814 1652 954 1718 babebat
975 1652 1123 1736 nullique
1147 1651 1341 1717 dubitationi
1365 1653 1514 1718 obnoxia.
1553 1651 1612 1718 Oo-

337 1788 363 1828 ιο
378 1761 509 1846 betique
532 1783 651 1847 magna
672 1760 846 1830 auctoritas
869 1758 966 1823 tidem
988 1758 1067 1824 fecit
1089 1759 1333 1844 posterioribus,
1357 1781 1494 1844 quorum
1516 1781 1610 1824 nemo

377 1867 540 1932 dubitavit
556 1869 591 1932 in
610 1868 720 1932 eximii
734 1867 796 1932 viri
810 1867 1003 1932 sententiam
1016 1865 1153 1950 pedibus
1168 1867 1222 1931 ire.
1259 1865 1457 1931 Meinekium
1472 1866 1610 1950 quidem,

376 1975 548 2059 Kockium,
561 1973 614 2040 W.
624 1973 1074 2058 Ribbeckium,Blaydesium,
1084 1972 1260 2038 Valsenum
1275 1972 1413 2057 denique
1421 1973 1612 2038 Zacherum-

377 2105 448 2167 que,
472 2103 582 2148 omnes
605 2081 749 2146 videmus
773 2103 811 2146 ea
833 2080 951 2146 fiducia
972 2081 1042 2146 veri
1065 2079 1147 2158 duci,
1171 2084 1207 2145 ut
1228 2102 1269 2144 ne
1287 2081 1350 2164 ipsi
1368 2079 1496 2164 quidem
1516 2104 1612 2165 quam

376 2191 516 2275 probant
540 2189 761 2274 opinationem
790 2188 926 2252 rationis
953 2209 1016 2271 ope
1045 2187 1271 2252 stabiliendam
1299 2187 1494 2253 censuerint:
1528 2210 1612 2252 unus

376 2297 522 2364 Koclrius
545 2296 626 2362 haec
648 2294 790 2360 breviter
812 2295 981 2360 adnotavit
1003 2294 1136 2358 tertium
1160 2293 1244 2359 banc
1261 2293 1404 2359 fabulam
1423 2295 1612 2380 interpreta-

376 2408 429 2468 tus
462 2402 504 2490 (a.
530 2401 645 2489 1882),
675 2403 750 2486 quia
779 2405 941 2468 constaret
969 2423 1080 2466 omnes
1108 2410 1391 2488 τριηραρχοῦντας
1420 2401 1612 2468 ἀναλίσκειν

377 2511 417 2584 τὰ
441 2508 584 2589 ἑαυτῶν,
612 2508 684 2574 ideo
708 2514 741 2573 et
772 2513 905 2593 propter
937 2531 966 2573 v.
985 2507 1051 2572 915
1083 2509 1140 2574 illa
1173 2510 1270 2573 verba
1302 2509 1372 2573 iure
1404 2506 1561 2574 Cobstum
1594 2533 1612 2572 a

376 2621 472 2700 poeta
496 2615 702 2682 abiudicasse.
740 2614 828 2692 Quae
853 2615 908 2680 vix
931 2614 1038 2679 valere
1061 2619 1187 2682 tantum
1211 2614 1379 2699 credimus,
1402 2619 1439 2680 ut
1462 2616 1612 2702 redargui

376 2746 441 2790 non
469 2723 603 2808 possint.
641 2720 703 2787 Sed
733 2726 819 2787 certe
847 2721 1039 2787 defensitare
1066 2744 1137 2787 cum
1167 2722 1291 2788 nescias
1320 2727 1481 2806 quaeant
1505 2723 1613 2807 qualia

336 2857 362 2898 ιι
376 2833 575 2912 accusentur,
598 2829 661 2895 hoc
684 2834 733 2895 est
755 2833 916 2915 ψηλαφᾶν
937 2829 1047 2915 ὥσπερ
1066 2825 1104 2895 ἐν
1123 2831 1241 2895 σκότει.
1278 2827 1391 2915 Itaque
1410 2833 1537 2895 tantum
1556 2853 1612 2916 po-

376 2938 483 3003 nimus
505 2937 603 3002 brevi.
641 2937 755 3003 Dicere
774 2938 862 3022 quod
881 2937 987 3021 quivis
1005 2938 1142 3020 noverit,
1161 2937 1280 3002 idcirco
1299 2960 1365 3003 non
1384 2938 1448 3003 iam
1466 2938 1610 3026 ineptum

376 3049 433 3129 est,
457 3044 512 3109 sed
536 3049 708 3129 quaeratur
731 3048 868 3129 oportet,
892 3066 956 3129 quo
979 3043 1014 3109 id
1036 3044 1172 3109 consilio
1196 3045 1254 3109 fiat
1276 3044 1437 3110 factumve
1460 3044 1511 3109 sit.
1548 3044 1611 3111 Na·

376 3153 495 3217 minem
518 3174 613 3237 posse
636 3164 859 3237 τριηραρχεῖν,
882 3152 960 3236 quin
985 3152 1105 3216 bonam
1129 3156 1252 3236 partem
1276 3174 1353 3217 suae
1375 3153 1422 3216 rei
1442 3152 1610 3217 familiaris

376 3260 559 3344 impendere
587 3264 770 3345 cogeretur,
798 3281 865 3324 non
892 3261 961 3323 erat
988 3258 1135 3342 profecto
1165 3258 1251 3343 quod
1278 3263 1375 3343 poeta
1396 3255 1611 3325 Athenienses

375 3388 451 3432 suos
475 3367 631 3451 edoceret,
654 3366 710 3431 sed
729 3366 896 3453 Paphlago
917 3364 1003 3450 Cleo,
1028 3367 1083 3450 qui
1106 3365 1170 3431 boc
1192 3366 1317 3453 agebat,
1340 3370 1377 3431 ut
1401 3366 1509 3431 omnia
1527 3367 1612 3431 mala

376 3474 555 3538 minitando
578 3472 839 3556 perterrefaceret
862 3473 1101 3557 allantopolam,
1125 3494 1182 3538 cur
1200 3472 1245 3537 ita
1264 3473 1355 3557 loqui
1372 3494 1439 3537 non
1457 3473 1608 3557 potuerit,
1628 3488 1646 3543 9

377 3579 542 3645 difficilius
566 3580 744 3665 dispicitur,
768 3580 823 3665 qui
847 3601 920 3645 cum
944 3579 1073 3664 diceret,
1097 3579 1161 3663 ἐγώ
1185 3595 1222 3645 σε
1240 3583 1369 3664 ποιήσω
1388 3590 1610 3665 τριηραρχεῖν,

375 3708 416 3751 ne
439 3687 513 3770 quis
537 3687 575 3752 de
598 3689 721 3753 honore
744 3687 885 3753 muneris
909 3686 1076 3772 cogitaret,
1099 3686 1185 3770 quod
1208 3687 1273 3751 uisi
1295 3688 1452 3753 arioaldum
1470 3690 1610 3773 recipere

376 3816 441 3858 non
465 3798 616 3879 poterant
635 3792 730 3872 (Ran.
752 3792 862 3882 1065),
885 3794 1009 3859 addidit
1032 3794 1102 3878 ipse
1125 3793 1212 3878 quod
1235 3796 1374 3859 maxime
1395 3797 1561 3879 spectabat
1579 3800 1611 3861 et

335 3926 363 3967 ιο
377 3922 441 3987 qua
459 3905 551 3985 parte
564 3902 714 3986 inprimis
728 3902 832 3985 premi
847 3905 979 3985 cuperet
992 3901 1139 3985 alterum,
1158 3900 1380 3968 ἀναλίσκοντα
1394 3914 1461 3968 τῶν
1475 3912 1610 3987 σαυτοῦ,

375 4009 439 4075 boc
461 4031 499 4074 ea
521 4012 628 4074 mente
651 4031 716 4094 qua
738 4008 824 4073 infra
846 4009 881 4071 in
904 4008 1034 4095 gemina
1057 4010 1234 4075 minatione
1257 4008 1334 4074 dicit

698 4116 816 4193 δώσεις
839 4113 911 4199 ἐμοὶ
934 4117 1040 4201 καλὴν
1063 4118 1174 4201 δίκην,

699 4224 879 4306 ἰπούμενος
900 4225 972 4300 ταῖς
996 4226 1176 4309 εἰσφοραῖς.

586 4329 652 4395 925
698 4329 762 4415 ἐγὼ
785 4331 848 4413 γὰρ
872 4333 920 4406 είς
942 4332 1021 4408 τοὺς
1043 4334 1227 4409 πλουσίους

697 4438 829 4503 σπεύσω
853 4436 882 4502 σ
910 4437 1000 4514 ὅπως
1022 4436 1065 4503 clu
1087 4436 1265 4524 ἐγγραφῇς.

375 4543 422 4607 Et
449 4566 643 4629 quamquam
673 4545 733 4610 hae
761 4549 794 4609 et
821 4543 896 4609 illae
919 4545 1025 4609 minae
1048 4542 1201 4610 ridiculae
1224 4550 1300 4611 sunt
1322 4546 1357 4611 in
1379 4546 1610 4632 allantopolam

377 4650 479 4716 iactae
508 4654 541 4715 et
564 4652 604 4716 ab
627 4651 689 4717 hoe
712 4654 781 4717 iure
803 4651 950 4716 ridentur
972 4656 1005 4716 et
1028 4652 1258 4737 exploduntur,
1285 4656 1393 4718 tamen
1415 4653 1494 4719 haec
1517 4653 1610 4718 mini-

378 4760 478 4823 tantis
497 4757 606 4825 animo
625 4763 657 4823 et
676 4758 806 4846 ingenio
826 4758 1061 4823 conveniebant
1078 4760 1214 4845 egregie.
1247 4758 1362 4845 Itaque
1382 4782 1421 4825 ex
1439 4761 1501 4826 hac
1519 4764 1610 4845 parte

376 4864 574 4953 ambigimus
602 4888 698 4950 quam
726 4866 811 4931 iuste
837 4864 997 4933 tollantur
1018 4865 1116 4931 verba
1139 4861 1360 4933 ductionem
1384 4877 1452 4933 τῶν
1475 4878 1611 4933 σαυτοῦ.
