3967 5725
412 645 478 710 354
606 647 637 697 n.
656 645 772 696 mnnx
789 643 1004 696 memorum
1022 641 1264 693 emorraeum
1283 641 1451 711 rompono.

544 808 632 889 poris
658 813 687 873 et
712 812 851 884 artemo,
878 810 1001 870 tommo
1018 804 1212 886 propendere
1234 802 1325 866 idom
1348 801 1458 886 [torri
1480 803 1648 889 torrem]

541 920 629 998 putet
649 919 686 980 rt
706 919 823 979 terrem
846 918 875 977 et
895 915 1002 977 morio
1026 912 1190 992 deprimet.

412 1019 464 1088 Ad
487 1043 569 1106 quae
591 1021 691 1086 verba
711 1020 792 1085 hoec
815 1021 864 1082 est
885 1017 1025 1083 Bentleii
1048 1017 1134 1101 apud
1152 1015 1320 1082 Davisium
1340 1015 1520 1081 adnotatio:
1544 1017 1648 1101 “quid

412 1128 493 1196 illud
525 1132 575 1193 est
603 1128 689 1212 quod
717 1126 790 1192 borri
816 1126 936 1191 laricem
963 1124 1064 1190 dicit?
1091 1145 1164 1188 curn
1193 1123 1228 1186 in
1255 1127 1391 1207 utraque
1411 1123 1504 1187 lance
1527 1124 1650 1189 firerint

413 1236 505 1302 bono:
529 1235 563 1299 in
586 1234 643 1300 illc
665 1235 745 1300 torro
768 1233 879 1312 omimi,
902 1233 936 1296 in
960 1232 1021 1297 hsc
1044 1231 1124 1296 boreo
1146 1231 1284 1312 corporis
1305 1235 1334 1294 et
1355 1235 1492 1295 exterma.
1513 1229 1649 1296 hoccine

412 1366 432 1408 a
454 1346 504 1408 tot
527 1341 705 1407 editoribus
729 1339 924 1405 doctissimis
948 1342 1015 1403 tam
1038 1337 1200 1423 patienter
1217 1336 1316 1401 ferri?
1338 1336 1506 1421 legerere
1525 1343 1648 1402 tortum

406 1451 598 1532 propendere
624 1448 715 1513 ritum
742 1465 843 1511 cmm
871 1446 990 1511 taremm
1010 1449 1106 1527 potet.
1139 1442 1190 1508 vel
1214 1445 1283 1509 dele
1307 1443 1380 1509 torri
1397 1448 1430 1509 et
1453 1445 1555 1509 scribe
1578 1450 1648 1508 torr-

412 1563 479 1622 trm
500 1556 694 1639 propendere
720 1554 811 1619 diem
834 1554 953 1618 torrem
971 1558 1076 1634 putet:
1104 1551 1207 1635 illem,
1229 1550 1292 1615 hoc
1316 1555 1365 1615 est
1387 1573 1485 1636 quum
1506 1554 1649 1636 priorem

412 1661 601 1728 nominavit.
628 1665 740 1727 noster
763 1661 801 1724 de
824 1661 879 1724 fin.
899 1679 921 1724 v
941 1659 998 1743 30,
1018 1657 1090 1746 (91)
1118 1657 1235 1723 audebo
1262 1659 1360 1741 ipitur
1383 1664 1481 1723 cetero
1503 1679 1582 1739 quoe
1603 1679 1650 1724 ce-

373 1794 399 1836 m
413 1769 550 1835 mmdum
571 1773 722 1833 mbram
744 1773 817 1834 sort
839 1767 920 1832 torm
942 1765 1116 1849 oppetiere:
1139 1767 1265 1830 obtrtic
1286 1770 1389 1830 ortem
1408 1764 1650 1846 amptitudinem

413 1877 506 1959 prosi
527 1877 564 1940 m
586 1875 685 1941 attero
708 1875 806 1941 librae
828 1875 916 1939 iomce
932 1893 1064 1956 ponere:
1088 1878 1213 1951 terrem,
1237 1871 1316 1937 mibi
1334 1873 1429 1951 crede,
1452 1893 1493 1936 eo
1512 1872 1602 1938 torre
1620 1879 1650 1937 et

414 1984 520 2048 morio
542 1983 692 2066 deprimet
715 1981 768 2067 [cf.
788 1981 886 2046 Acad.
905 1998 930 2043 11
952 1981 1002 2062 12,
1022 1979 1088 2064 38].
1121 1983 1199 2044 nota
1222 1983 1329 2043 autem
1352 1978 1526 2044 locutionis
1545 2001 1649 2066 genus

415 2091 592 2156 ἰδιωτικόν.
621 2112 695 2154 nom
722 2091 757 2154 in
784 2087 909 2153 bilance
933 2109 1015 2172 quoe
1038 2088 1114 2151 lanx
1138 2085 1384 2172 praeponderat,
1412 2107 1477 2150 non
1501 2088 1651 2170 deprimit

414 2197 609 2282 oppositam,
632 2218 744 2261 verum
767 2195 879 2260 elevat.
908 2194 961 2259 sed
985 2193 1128 2280 vulgaris
1153 2194 1307 2258 sermonis
1331 2215 1438 2258 errore
1459 2193 1527 2258 labi
1551 2194 1648 2258 etiam

413 2303 552 2388 sapienti
571 2307 603 2368 et
622 2302 742 2368 diserto
762 2323 948 2366 concessum
968 2302 1050 2364 est.''
1074 2300 1126 2364 Ex
1143 2300 1282 2365 Bentleii
1298 2301 1490 2366 coniecturis
1505 2301 1650 2384 alteram,

413 2433 477 2495 qua
505 2411 610 2476 mimi
636 2432 696 2495 pro
724 2410 797 2475 bomi
824 2408 938 2492 reponi
964 2407 1081 2492 voluit,
1113 2411 1241 2492 praeter
1267 2407 1434 2473 Davisium
1461 2429 1555 2473 nemo
1584 2407 1647 2472 edi-

412 2521 535 2600 torum,
569 2538 663 2600 quem
697 2516 825 2600 quidem
853 2507 1016 2598 novimus,
1048 2515 1263 2599 recipiendam
1293 2514 1396 2599 duxit,
1428 2537 1495 2580 non
1522 2515 1648 2598 iniuria,

414 2625 566 2708 quoniam
589 2622 668 2688 hoec
691 2623 850 2707 scriptura
872 2620 949 2688 licet
973 2621 1128 2706 explicari
1147 2622 1284 2705 quodem
1304 2621 1399 2686 modo
1419 2623 1531 2706 possit,
1556 2623 1646 2687 satir·

413 2731 518 2796 fecere
549 2750 614 2794 non
641 2734 758 2813 potest.
806 2727 868 2793 Sed
896 2730 1044 2813 alteram,
1077 2750 1140 2812 qua
1168 2729 1240 2794 boni
1266 2729 1395 2793 nomine
1423 2728 1527 2794 deleto
1556 2728 1648 2794 idom

373 2864 399 2905 so
413 2837 532 2903 lancem
560 2837 729 2923 retinetur,
755 2837 864 2922 plures
893 2835 1031 2902 editores
1055 2858 1126 2901 cum
1150 2834 1270 2902 Orellio
1294 2838 1456 2922 inprime
1480 2835 1646 2902 Turicensi

414 2947 653 3031 expresserunt3
673 2948 764 3009 etex
784 2965 849 3028 quo
868 2943 1017 3008 Baiterus
1037 2944 1071 3007 in
1090 2945 1191 3009 altere
1207 2944 1375 3009 'turicensi
1392 2944 1473 3009 haec
1492 2943 1555 3008 duo
1575 2944 1647 3009 torri

413 3052 533 3119 torreem
560 3051 732 3117 reiiciendo
760 3051 946 3136 proposuit,
972 3051 1175 3116 retinendum
1204 3074 1303 3115 unum
1327 3050 1431 3129 diem,
1459 3051 1647 3116 recentioris

413 3160 528 3225 aetatis
551 3158 690 3224 editores
713 3157 860 3242 plerique
880 3178 989 3221 omnes
1009 3158 1043 3221 in
1061 3155 1145 3223 hanc
1163 3157 1355 3222 sententiam
1374 3156 1511 3241 pedibus
1531 3159 1647 3221 ierunt.

502 3264 685 3350 Utrumque
709 3269 795 3330 recte
819 3263 916 3329 scribi
936 3265 1082 3348 potuisse
1101 3264 1173 3348 quis
1192 3265 1332 3351 negabit,
1356 3269 1421 3329 tam
1441 3265 1542 3343 iiiam,
1560 3265 1647 3349 quod

413 3394 477 3457 quo
506 3372 680 3437 referretur
701 3394 760 3457 per
783 3394 817 3436 se
841 3371 919 3435 sutis
943 3372 1150 3436 manifestum
1174 3374 1255 3456 erat,
1284 3394 1380 3455 quom
1404 3372 1496 3437 illem
1519 3372 1648 3449 laricem,

413 3479 500 3563 quod
528 3483 613 3543 certe
635 3478 693 3545 illo
718 3479 858 3545 deterius
880 3501 946 3545 non
971 3482 1052 3563 eret,
1081 3478 1341 3563 quandoquidem
1364 3476 1549 3544 Ciceronem
1575 3500 1648 3543 con-

413 3589 478 3651 stat
509 3606 603 3671 saepe
634 3587 819 3671 pronomini
850 3607 968 3651 nomen
1001 3586 1098 3650 etiam
1127 3588 1255 3670 praeter
1282 3586 1505 3651 necessitatem
1533 3585 1648 3650 addere

413 3693 524 3778 solere,
547 3692 637 3757 velut
661 3692 699 3757 de
723 3691 839 3757 officiis
862 3691 1031 3777 144,158
1056 3713 1125 3775 erpo
1148 3712 1237 3757 omme
1259 3694 1399 3777 officium
1417 3695 1500 3776 prod
1517 3694 1562 3758 od
1578 3713 1649 3757 corr·

413 3800 600 3865 irretiooem
622 3799 784 3866 homimum
807 3805 835 3864 et
857 3800 902 3865 od
922 3801 1094 3865 societatem
1118 3801 1265 3865 terendam
1288 3800 1377 3880 colet
1399 3800 1646 3882 anteponendum

373 3912 456 3973 coest
483 3906 547 3971 iili
573 3907 706 3988 officio
733 3908 815 3988 quod
841 3907 1012 3989 copo-itione
1039 3912 1068 3971 et
1094 3908 1224 3972 amentio
1251 3909 1435 3986 comtirrctm,
1464 3912 1496 3971 et
1519 3907 1646 3971 Tuscul.

413 4012 492 4097 disp.
512 4030 536 4076 v
555 4012 611 4097 34,
631 4011 672 4077 97
698 4033 752 4077 nec
773 4014 911 4079 esuriere
934 4013 1133 4079 Ptolomaeus
1156 4014 1276 4091 cderot;
1300 4017 1351 4079 mi
1373 4035 1443 4079 cum
1459 4014 1648 4097 peroprorrti

412 4120 588 4205 Aepyptrm
619 4119 781 4185 comitibus
811 4141 874 4186 ror
906 4122 1073 4186 moereatis
1105 4121 1242 4187 cibarius
1271 4123 1305 4186 iri
1332 4142 1407 4187 cuso
1427 4123 1529 4203 porris
1555 4123 1648 4185 datm

413 4233 500 4312 esser,
522 4226 605 4293 esitii
627 4228 728 4292 orbum
751 4227 885 4293 ostilio
905 4229 1210 4311 percommodum
1233 4228 1267 4293 id
1291 4228 1377 4313 quod
1400 4231 1538 4294 maxime
1562 4228 1648 4293 cudit
1662 4242 1700 4297 21

413 4336 447 4399 in
469 4336 589 4401 formes
612 4334 814 4419 pronominis
837 4336 878 4414 ic,
907 4335 1012 4417 quode
1035 4335 1108 4399 vide
1132 4336 1229 4401 verbe
1253 4336 1291 4400 de
1314 4336 1434 4401 finibus
1457 4357 1477 4399 a
1499 4334 1647 4400 Bentleio

414 4440 511 4506 allata
533 4445 567 4505 et
589 4464 608 4506 a
630 4441 725 4507 nobis
748 4440 901 4506 adnotata
924 4440 964 4506 ad
986 4442 1066 4507 haec
1085 4442 1124 4507 de
1142 4441 1270 4529 legibus
1288 4460 1315 4507 11
1334 4442 1364 4527 6,
1385 4443 1427 4507 14
1439 4445 1535 4524 prius
1552 4463 1648 4524 quom

414 4549 516 4629 r'pcom
535 4547 629 4630 lepem
646 4550 777 4628 recitem,
801 4549 839 4613 de
856 4549 936 4613 circs
954 4548 1048 4632 lepis
1066 4549 1160 4615 leode
1178 4551 1291 4614 dicem.
1325 4547 1389 4616 Sed
1406 4552 1515 4613 utrum
1534 4571 1647 4614 eorum

412 4653 610 4738 probaveris,
628 4655 666 4720 de
685 4655 901 4720 additamento
921 4656 1138 4739 quaerendum
1157 4660 1219 4721 est:
1243 4657 1309 4721 sive
1328 4656 1415 4720 enim
1434 4654 1545 4721 Cicero
1564 4656 1648 4720 nihil

413 4759 544 4844 scripsit
566 4762 629 4825 nisi
651 4761 749 4840 idom
774 4762 860 4845 quod
878 4762 1041 4847 plerisque
1059 4762 1226 4848 probatur,
1249 4784 1314 4846 quo
1333 4764 1468 4827 consilio
1489 4762 1648 4827 credimus

412 4864 453 4930 ad
480 4886 656 4952 pronomen
686 4888 705 4931 a
731 4869 840 4933 nescio
868 4890 933 4952 quo
960 4868 1086 4935 adiecto
1114 4891 1182 4935 esse
1208 4868 1305 4935 verba
1328 4868 1400 4933 tori
1423 4869 1555 4948 lancem,
1579 4868 1647 4933 sive
