3967 5725
489 661 540 711 DE
558 660 768 711 PRAECEPTO
789 661 944 723 QUODAM
963 659 1130 711 ANONYMI
1149 660 1237 710 ΠΕΡΙ
1255 658 1469 712 mmmmm.
1530 656 1594 721 bssl

362 823 505 906 duplicia
523 821 661 886 duorum
679 820 847 885 hominum
868 821 1013 905 vestigia.
1051 820 1120 897 Qua
1139 821 1177 885 de
1196 843 1230 884 re
1245 842 1336 885 secus
1350 822 1488 885 sensisse
1504 819 1598 886 Caro-

361 928 430 994 lum
458 929 637 993 Robertum
666 927 810 993 videmus
839 949 903 1012 quo
931 931 1063 993 auctore
1091 926 1227 991 illustris
1257 926 1407 1012 Aeschyli
1439 928 1598 1013 interpres

362 1057 403 1100 ex
427 1035 552 1099 duobus
576 1035 721 1100 versibus
748 1034 819 1099 199.
840 1034 906 1098 200
925 1032 1021 1122 (208)
1040 1034 1178 1099 alterum
1199 1036 1340 1117 seclusit,
1363 1040 1400 1100 ut
1423 1034 1479 1119 qui
1504 1034 1598 1100 relin-

359 1144 475 1226 quitur
497 1164 580 1207 unus
603 1164 669 1207 non
697 1143 802 1227 possit
824 1141 887 1205 nisi
916 1142 953 1207 de
977 1141 1134 1208 ambobus
1162 1142 1298 1225 pedibus
1326 1143 1422 1208 nnius
1448 1142 1599 1229 intelligi,

361 1250 416 1314 καὶ
436 1252 499 1333 γὰρ
519 1248 571 1314 δύ’
591 1248 688 1315 ἐστὸν
706 1250 790 1314 τώδε
808 1250 1001 1333 περιγραφὰ
1019 1234 1154 1326 modeim
1177 1248 1266 1332 quod
1279 1250 1341 1313 etsi
1355 1248 1598 1316 Wilamowitzii

282 1367 286 1377 ‘
363 1356 586 1440 interpretatio
609 1355 695 1421 haud
719 1356 832 1420 inscite
856 1356 1004 1439 reddidit,
1026 1359 1134 1420 tamen
1158 1356 1326 1420 haeremus
1345 1356 1499 1441 ambigui,
1524 1357 1600 1442 quia

360 1464 530 1528 nonsatis
554 1467 702 1548 apparet,
725 1464 801 1547 quid
825 1461 888 1527 hoc
911 1463 1007 1527 fidem
1031 1484 1148 1550 augere
1172 1463 1289 1547 possit,
1318 1464 1405 1548 quod
1427 1463 1599 1530 amborum

361 1570 490 1654 pedum,
512 1593 578 1636 non
596 1570 702 1653 unius,
725 1570 862 1655 vestigia
882 1570 1137 1653 conspiciuntur:
1161 1572 1308 1653 alterum,
1326 1571 1408 1637 duos
1427 1570 1527 1637 fuisse
1546 1571 1599 1636 ad-

360 1698 470 1759 venas,
493 1678 571 1761 quid
595 1678 707 1741 afferat
731 1676 771 1740 ad
789 1698 878 1761 spem
900 1677 1153 1742 confirmandam
1173 1682 1320 1761 apertum
1335 1650 1396 1743 ’esu
1443 1676 1487 1743 Et
1507 1679 1599 1763 quid-

360 1784 441 1867 quid
465 1784 580 1850 incerti
599 1789 655 1848 est
668 1784 701 1848 in
721 1785 783 1849 ista
802 1784 947 1849 oratione
966 1781 1062 1871 (199)
1082 1784 1207 1851 adiecto
1226 1785 1328 1850 altero
1348 1784 1597 1850 versutollitur.
1613 1812 1640 1855 ιο

361 1889 395 1955 N
397 1914 431 1955 ec
456 1890 631 1975 Sophocles
657 1913 730 1955 cum
752 1890 883 1955 Electra
906 1895 1001 1956 canat
1025 1891 1106 1978 (205
1121 1889 1205 1977 sqq.)
1224 1893 1303 1968 τούς
1322 1890 1399 1975 ἐμὸς
1418 1892 1469 1957 λύε
1491 1894 1598 1978 πατὴρ

359 1999 533 2075 θανάτους
556 2000 660 2075 αἰκεῖς
684 1999 874 2080 διδύμαιν
893 2008 1062 2082 χειροῖν,
1086 2001 1123 2062 αλ
1139 1998 1199 2062 τὸν
1217 1996 1298 2081 ἐμὸν
1317 1988 1410 2063 εἷλον
1428 2002 1511 2082 βίον
1519 2001 1598 2082 πρό-

359 2106 477 2186 dcccv,
506 2106 585 2170 duas
613 2128 727 2169 manus
756 2104 871 2169 maluit
899 2126 997 2187 quam
1025 2104 1162 2169 duorum
1193 2126 1306 2169 manus
1334 2104 1483 2190 intelligi.
1536 2104 1600 2175 sed

360 2212 509 2296 quisquis
528 2212 615 2277 hunc
635 2233 762 2276 versum
788 2212 926 2296 scripsit,
950 2212 1018 2277 sive
1041 2211 1068 2275 is
1092 2214 1189 2295 poeta
1211 2210 1276 2276 fuit
1299 2215 1336 2275 ut
1358 2216 1511 2296 putamus
1531 2213 1598 2282 sive

360 2320 468 2383 nescio
498 2320 570 2403 quis
600 2319 696 2402 alius,
724 2319 752 2382 is
779 2317 874 2403 plane
903 2319 1059 2383 de‘more
1091 2318 1163 2382 istis
1195 2317 1443 2402 pronominibus
1477 2317 1597 2406 (αὐτοῦ

359 2423 389 2489 τ’
414 2424 558 2513 ἐκείνου)
582 2448 660 2491 usus
685 2430 742 2491 est.

450 2532 527 2598 Non
549 2533 645 2599 aliter
667 2532 783 2598 Lichas
806 2532 840 2597 in
864 2532 1048 2598 Trachiniis
1072 2530 1154 2619 (283
1168 2532 1254 2619 sqq.)

896 2641 997 2706 τύσύε
1020 2638 1048 2705 d'
1077 2641 1182 2723 ἅσπερ
1207 2641 1341 2727 εἰσορᾷς

566 2746 598 2826 ἐξ
623 2749 747 2832 ὀλβίων
770 2748 891 2831 ἄζηλον
914 2748 1074 2831 εὑροῦσαι
1097 2750 1175 2831 βίον

454 2855 519 2922 285
566 2865 712 2942 χωροῦσι
735 2856 818 2941 πρὸς
842 2855 890 2922 σε’·
914 2865 1019 2922 ταῦτα
1041 2855 1104 2941 γὰρ
1128 2857 1224 2933 πόσις
1248 2881 1282 2922 τε
1307 2856 1364 2933 σὸς
1611 2883 1638 2924 ro

566 2961 683 3048 ἐφεῖτ’,
706 2963 771 3046 ἐγὼ
796 2965 832 3029 δὲ
856 2964 972 3040 πιστὸς
996 2963 1044 3028 ὢν
1066 2966 1166 3050 κείνῳ
1190 2967 1282 3028 τελῶ.

566 3072 689 3137 αὐτὸν
712 3069 741 3134 d’
765 3071 936 3152 desinon,
960 3065 1028 3136 εὖτ’
1055 3069 1098 3134 ἂν
1121 3069 1207 3151 ἁγνὰ
1231 3071 1366 3152 θύματα

320 3197 343 3250 o
567 3177 643 3262 ῥέξῃ
667 3174 805 3264 πατρῴῳ
832 3179 914 3259 Ζηνὶ
937 3187 996 3261 τῆς
1018 3176 1181 3255 ἁλώσεως,

567 3287 687 3368 φρόνει
711 3309 767 3348 νιν
790 3284 834 3359 ὡς
857 3282 987 3365 ἥξοντα,

450 3397 505 3456 aut
529 3389 764 3474 Aristophanes
788 3391 822 3453 in
846 3389 1078 3454 Ecclesianusis
1101 3388 1181 3476 (638
1197 3387 1282 3474 sqq.)

494 3503 567 3562 BA.
592 3497 728 3562 Οὐκοῦν
743 3495 877 3578 ἄγξουσ’
890 3491 928 3561 εὖ
942 3494 998 3561 καὶ
1013 3507 1161 3580 χρηστῶς
1175 3494 1248 3580 ἑξῆς
1261 3497 1322 3562 τὸν
1335 3497 1443 3564 πάντα
1454 3497 1596 3583 γέροντα

495 3606 550 3669 διὰ
572 3605 634 3688 τὴν
657 3604 808 3686 ἄγνοιαν,
831 3602 901 3669 ἐπεὶ
925 3604 979 3667 καλ
1002 3612 1068 3668 νῦν
1091 3603 1334 3686 γιγνώσκοντες
1357 3603 1470 3686 πατέρ’
1493 3607 1587 3676 ὄντα.

406 3711 471 3775 640
495 3712 644 3794 ἄγχουσι.

496 3822 567 3884 ΠΡ.
587 3816 672 3883 Ἀλλ’
701 3817 718 3883 ὁ
742 3816 913 3901 παρεστὼς
937 3817 999 3882 ούκ
1022 3815 1202 3902 ἐπιτρέψει·
1235 3820 1308 3883 τότε
1332 3816 1363 3882 d’
1391 3819 1505 3896 αὐτοῖς
1533 3819 1595 3885 ούιι

1271 3922 1359 4010 ἔμελ’
1382 3922 1483 3991 οὐδὲν
1608 3950 1636 3990 το

494 4045 561 4099 τῶν
584 4032 769 4113 ἀλλοτρίαν
793 4032 884 4108 ὅστις
902 4031 1032 4097 τύπτοι·
1056 4040 1122 4096 νῦν
1140 4029 1170 4096 d’
1193 4031 1236 4115 ἢν
1254 4031 1437 4115 πληγέντος
1456 4031 1595 4119 ἀκούσῃ,

493 4143 537 4224 μὴ
551 4141 673 4206 αὐτὸν
686 4137 842 4218 ἐκεῖνον
856 4138 959 4223 τύπτῃ
973 4139 1092 4215 δεδιὼς
1105 4149 1176 4215 τολς
1185 4139 1312 4224 δρῶσιν
1321 4147 1421 4204 τοῦτο
1431 4149 1594 4223 μαχεῖται,

360 4248 393 4313 in
418 4248 534 4332 quibus
554 4247 615 4312 etsi
633 4247 764 4311 fuerunt
783 4247 838 4330 qui
858 4245 1046 4328 titubarent,
1065 4245 1168 4312 αὐτὸν
1186 4244 1317 4312 ἐκεῖνον
1334 4245 1432 4310 habet
1450 4246 1485 4309 in
1503 4268 1594 4330 prac-

356 4355 547 4422 cedentibus
575 4376 640 4439 quo
667 4353 780 4418 referri
808 4355 920 4437 possit.
975 4351 1028 4416 hd
1056 4373 1150 4435 quem
1179 4375 1308 4418 versum
1336 4375 1401 4418 non
1433 4355 1594 4420 nescimus

359 4461 411 4527 Fr.
430 4462 636 4545 Blaydesium
661 4481 719 4524 suo
742 4481 832 4524 more
856 4461 1040 4545 congeriem
1063 4457 1217 4523 similium
1239 4457 1362 4523 fecisse.
1408 4459 1510 4536 Quem
1532 4481 1593 4524 nos

359 4589 425 4632 non
449 4569 622 4653 sequimur,
646 4568 701 4632 scd
719 4570 866 4631 nostrum
886 4567 1072 4631 institutum
1091 4569 1237 4630 tenentes
1255 4585 1295 4628 ex
1314 4566 1411 4630 variis
1428 4568 1593 4649 scriptori-

360 4675 420 4739 bus
443 4676 631 4759 posterioris
654 4674 792 4738 maxime
815 4674 930 4737 aetatis
953 4678 1099 4755 petemus
1124 4672 1270 4756 exempla
1298 4693 1397 4756 eaque
1422 4673 1592 4738 afferemus

358 4779 406 4844 ita
429 4787 466 4846 ut
488 4783 540 4846 cui
563 4782 636 4845 usui
658 4780 715 4844 illa
738 4780 930 4864 pronomina
954 4784 1106 4864 aptentur
1128 4779 1333 4864 perspicuum
1357 4779 1421 4844 fiat.

448 4888 594 4954 Platonis
617 4893 693 4953 sunt
716 4889 750 4951 in
774 4887 921 4952 convivio
945 4885 990 4974 (p.
1009 4887 1072 4951 192
1082 4885 1118 4973 b)

413 5003 707 5052 manarum-cunm
1343 4995 1377 5044 eo
