3967 5725
724 621 737 632 “
804 611 931 676 146
1184 614 1300 663 XL.
1339 612 1571 662 INDEX
1606 611 2037 662 LECTIONUM
2072 610 2566 661 HIBERNARUM
2606 607 2869 679 1894l95.

799 773 1036 839 Delent
1081 774 1250 839 enim
1297 772 1520 857 Lipsio
1567 775 1830 839 auctore
1876 773 2155 855 priorem
2203 774 2371 836 enim
2419 771 2819 856 particulam,
2874 775 2948 835 ut
2992 771 3151 835 haec
3195 772 3264 835 in
3339 762 3358 811 J

799 903 995 947 unam
1045 880 1432 965 colligantur
1477 879 1861 944 sententiam
1907 880 2329 944 immemorem
2375 900 2472 943 me
2502 880 2816 960 propositi
2859 880 2983 943 mei
3030 877 3267 944 Cloelia

794 989 970 1072 facit,
1004 1008 1214 1071 paene
1255 988 1469 1053 eadem
1513 991 1863 1069 tempestate
1899 1036 1913 1049 .
1952 1036 1966 1049 .
2012 986 2313 1068 inebytum
2359 1005 2521 1050 ausa
2561 987 2833 1067 facinus.
2906 983 3135 1070 Neque
3174 986 3266 1049 vi—

796 1096 1174 1180 tuperabilis
1221 1099 1320 1159 est
1363 1095 1490 1158 ista
1536 1093 1744 1158 oratio
1754 1146 1771 1178 ,
1816 1092 1928 1157 sed
1970 1092 2344 1177 respicienti
2389 1114 2633 1157 morem
2682 1092 3017 1177 scriptoris
3066 1094 3267 1157 altera

796 1201 1257 1287 praestabilior
1311 1200 1661 1265 videbitur:
1720 1199 1934 1264 Paene
1988 1200 2201 1264 eadem
2257 1201 2425 1265 enim
2481 1205 2829 1282 tempestate
2882 1221 3012 1284 eqS.
3092 1197 3265 1263 Nam

799 1309 975 1394 quod
1035 1311 1203 1373 enim
1262 1308 1451 1373 facile
1511 1330 1590 1372 ex
1648 1308 1862 1372 eadem
1921 1306 2101 1371 vocis
2162 1306 2411 1389 syllaba
2472 1310 2758 1371 extrema
2819 1306 2976 1371 oriri
3029 1306 3264 1391 potuit,

795 1415 966 1480 nihil
1019 1437 1140 1480 nos
1196 1419 1440 1493 movet,
1495 1435 1703 1498 neque
1747 1412 2047 1497 Kempfio
2096 1414 2483 1477 assentimur
2530 1414 2596 1476 in
2644 1434 2719 1477 eo
2768 1414 2943 1497 quod
2989 1410 3139 1497 215,
3177 1412 3263 1477 23

796 1523 981 1589 Illud
1023 1543 1256 1605 quoque
1290 1543 1418 1587 non
1450 1543 1728 1605 parvam
1763 1520 2184 1585 hamanitatis
2218 1526 2472 1585 senatus
2507 1521 2817 1585 indicium
2854 1526 2973 1585 est:
3019 1519 3265 1603 Sypha-

798 1650 924 1695 cem
983 1631 1150 1694 enim
1203 1630 1519 1710 quondam
1572 1628 2108 1709 opulentissimum
2162 1628 2516 1692 Numidiae
2568 1649 2769 1710 reqem
2825 1629 3137 1709 captivum
3191 1628 3264 1691 in

717 1763 771 1803 ιο
799 1736 1081 1801 custodia
1137 1736 1364 1800 Tibwri
1417 1741 1726 1800 mortuum
1769 1734 2021 1817 publico
2072 1735 2293 1816 funere
2346 1737 2583 1799 censuit
2634 1735 3014 1816 efferendum
3068 1734 3262 1818 parti·
3293 1753 3371 1811 13

753 1886 760 1891 -
796 1843 1006 1907 culam
1053 1864 1186 1907 non
1231 1841 1561 1907 difficilius
1609 1864 1686 1905 ex
1733 1863 2108 1927 praegressa
2161 1839 2409 1925 syllaba
2464 1842 2802 1906 oriundam
2854 1841 2964 1906 sed
3010 1844 3263 1925 praeter

800 1949 1329 2015 consuetudinem
1348 1950 1680 2033 scriptoris
1711 1948 2088 2013 eiiciendam
2116 1949 2388 2032 putavit.
2450 1948 2761 2013 Redimus
2791 1948 2963 2031 illuc,
2994 1951 3058 2011 et
3089 1946 3262 2031 quod

798 2056 890 2121 ibi
911 2058 1254 2122 continuae
1275 2056 1435 2121 duae
1457 2056 1810 2121 sententiae
1831 2056 1910 2120 ab
1933 2054 2152 2121 eadem
2175 2055 2493 2139 particula
2521 2055 2929 2141 inducuntur,
2952 2057 3025 2120 'id
3055 2074 3261 2122 exem·

795 2164 909 2249 pla
927 2164 1161 2229 docent
1186 2163 1433 2229 Valerii
1461 2186 1582 2227 usu
1607 2186 1738 2229 non
1770 2163 2013 2246 respui:
2047 2163 2194 2245 116,
2214 2162 2299 2227 22
2322 2168 2386 2227 et
2404 2162 2549 2247 117,
2568 2163 2639 2247 23
2669 2163 2819 2247 346,
2842 2162 2925 2227 25
2942 2168 3006 2228 et
3021 2165 3172 2251 347,
3192 2166 3262 2251 23

796 2293 877 2335 ne
925 2270 1081 2355 quid
1128 2271 1414 2336 dicamus
1463 2271 1539 2335 de
1584 2271 1903 2355 particula
1940 2271 2134 2335 tertio
2172 2271 2316 2334 loco
2353 2270 2586 2355 posita,
2632 2270 2700 2335 id
2738 2272 2909 2355 quod
2948 2276 3013 2335 et
3049 2272 3262 2356 ipsum

796 2377 1062 2443 Valerio
1092 2382 1468 2443 consuetum
1497 2382 1612 2442 est.
1672 2377 1950 2442 Nostrae
1978 2378 2217 2442 rationi
2254 2400 2458 2441 unum
2494 2377 2660 2442 illud
2696 2378 3017 2443 adversari
3054 2380 3263 2444 videa-

795 2490 921 2568 tur,
967 2486 1142 2569 quod
1186 2506 1347 2551 ausa
1394 2486 1704 2569 scriptum
1751 2487 1866 2567 est,
1910 2506 2044 2548 non
2083 2485 2256 2568 quod
2296 2485 2652 2569 exspectari
2688 2488 2963 2570 poterat,
3010 2487 3067 2550 si
3104 2487 3265 2552 haec

794 2614 965 2657 nova
1019 2596 1157 2656 erat
1211 2592 1556 2676 sententia,
1611 2612 1772 2656 ausa
1827 2598 1929 2656 est.
2006 2590 2131 2655 Sed
2188 2595 2454 2656 tantone
2512 2592 2840 2658 difficilius
2889 2599 2987 2658 est
3034 2594 3263 2658 addere

795 2705 883 2765 est
937 2721 1127 2783 quam
1184 2700 1349 2763 enim
1407 2697 1642 2781 delere,
1702 2698 1875 2782 quod
1929 2699 2307 2783 praesertim
2363 2699 2692 2764 videamus
2747 2723 2871 2765 usu
2926 2702 3261 2786 scriptoris

715 2833 768 2874 zo
798 2806 1096 2872 defendi?
1159 2806 1250 2872 Et
1303 2810 1517 2870 tamen
1572 2804 1733 2870 illud
1780 2804 1949 2870 idem
1996 2811 2086 2872 est
2129 2805 2266 2870 sine
2313 2807 2616 2891 scrupulo
2665 2806 3063 2891 addiderunt,
3115 2808 3266 2885 153,

801 2915 882 2979 19
929 2936 961 2979 e
1004 2915 1254 2997 vestiyio
1304 2912 1485 2979 Cales
1529 2919 1951 2996 transyressus
1998 2912 2180 2998 [est];
2232 2913 2379 2998 140,
2416 2913 2503 2978 23
2537 2915 2859 2997 pallioque
2902 2921 2960 2980 et
2993 2917 3265 2998 crepidis

795 3043 946 3088 usus
992 3019 1176 3106 [est];
1232 3019 1385 3104 240,
1425 3020 1509 3085 10
1541 3020 1772 3103 palam
1819 3021 2107 3086 dictitare
2151 3042 2345 3086 ausus
2393 3021 2572 3106 [est];
2627 3021 2781 3105 429,
2824 3022 2907 3086 14
2962 3025 3263 3088 contami—

794 3131 947 3195 nari
1000 3148 1250 3194 mensae
1301 3147 1487 3193 saera
1528 3148 1766 3210 passus
1819 3127 2003 3212 [est]:
2061 3129 2154 3192 sic
2210 3128 2382 3192 enim
2437 3129 2596 3194 haec
2652 3131 2870 3193 omnia
2925 3130 3261 3196 scribenda

794 3237 1112 3320 videntur,
1156 3257 1288 3300 non
1337 3236 1584 3299 variato
1630 3234 1868 3320 positu.
1943 3233 2047 3298 Ad
2096 3256 2372 3319 quorum
2429 3257 2722 3300 normam
2778 3237 2935 3320 quid
2990 3237 3261 3322 impedit

796 3343 1141 3427 quominus
1189 3343 1382 3406 etiam
1431 3341 1546 3406 illo
1593 3343 1736 3406 loco
1786 3341 2141 3406 scribamus
2187 3342 2402 3406 eadem
2448 3345 2615 3408 enim
2670 3349 3019 3425 tempestate
3065 3395 3078 3408 .
3127 3395 3141 3408 .
3186 3346 3261 3410 in

794 3451 1001 3516 eodem
1059 3449 1274 3514 Tiberi
1325 3449 1626 3532 inclytum
1681 3469 1842 3514 ausa
1896 3450 2155 3530 facinus
2200 3448 2353 3534 [est]
2367 3501 2385 3534 ,
2442 3471 2517 3515 eo
2566 3451 2789 3516 ordine
2835 3452 3083 3517 scilicet
3130 3447 3267 3536 qud

798 3555 894 3619 vel
938 3559 1086 3635 155,
1130 3559 1206 3619 15
1259 3555 1559 3619 scribitur
1607 3559 1847 3635 {sy-itate-
1895 3555 2180 3635 fientibus
2224 3563 2327 3623 est.
2403 3555 2527 3623 Sed
2573 3580 2654 3622 ne
2703 3558 2857 3642 quid
2905 3559 3273 3624 dissimula»

794 3687 954 3747 mue,
1002 3687 1118 3747 pro
1170 3667 1339 3727 certo
1387 3663 1783 3727 affirma-mua·
1823 3667 1983 3727 sitim
2027 3685 2158 3728 :non
2195 3685 2334 3728 esse
2372 3663 2865 3750 destituendum,
2914 3665 2990 3730 de
3027 3666 3260 3730 adden·

798 3771 878 3839 du
910 3775 998 3835 est
1026 3775 1275 3835 tantum
1307 3771 1595 3851 dicimus,
1635 3771 1823 3831 alia-m
1859 3770 2234 3834 emendandi
2271 3772 2445 3835 viam
2482 3772 2817 3837 meliorem
2852 3794 2984 3837 non
3022 3777 3262 3858 patere,

702 3899 766 3947 ,ιι
794 3875 910 3943 κά
954 3899 1026 3939 ea
1074 3875 1487 3963 ingredienda
1535 3879 1619 3939 sit
1667 3899 1863 3939 necne
1915 3879 2229 3943 dubitatio
2276 3878 2499 3943 haeret
2544 3878 2783 3944 idcirco
2831 3879 2983 3963 quia
3038 3880 3257 3945 eadem

790 3983 894 4059 „ut
938 3983 1006 4047 in
1050 3983 1223 4047 Livii
1271 3983 1451 4047 libris
1499 3987 1935 4047 controversia
1987 3985 2251 4052 necdum
2304 3985 2461 4050 satis
2507 3989 2652 4051 tuto
2701 3988 3075 4070 composita.

970 4103 1090 4155 m
1162 4087 1467 4155 Nondum
1527 4115 1643 4155 sua
1699 4091 1943 4155 ratium-2
2003 4091 2337 4157 emendata
2390 4092 2693 4157 videntur
2748 4115 2912 4178 quae
2957 4111 3059 4157 VII
3109 4094 3165 4176 7,
3216 4095 3251 4157 I

778 4179 982 4287 μὴ,
1014 4191 1130 4279 10]
1178 4195 1479 4283 leguntur

1058 4299 1419 4371 H‘flitafltis
1475 4307 1795 4367 fflt-fs.t3dfi·iis
1855 4315 2031 4387 fin-*ter
2092 4326 2229 4370 oum
2279 4307 2353 4371 de
2398 4313 2591 4372 morte
2632 4309 2761 4391 filii
2801 4309 3041 4390 falsum
3088 4330 3119 4373 e
3154 4329 3259 4373 ca-

698 4395 738 4407 :
838 4423 874 4447 ‘-
910 4460 958 4464 --
1006 4460 1014 4468 .
1058 4411 1214 4476 atris
1251 4415 1543 4476 ”matium
1591 4415 1927 4492 accepisset,
1979 4415 2085 4496 ssu&
2120 4418 2257 4477 erat
2285 4414 2510 4495 falsus,
2560 4415 2712 4481 aliis
2744 4415 3069 4482 heredibus
3102 4418 3259 4481 sori-

1142 4520 1202 4568 tn..
1231 4516 1511 4608 Μὴ
1587 4520 1867 4584 Peru-etis
1927 4521 2150 4584 deiude
2205 4521 2540 4601 stipendiis
2593 4522 2951 4588 adulescens
3003 4525 3255 4588 domum

1487 4644 1523 4688 s
1551 4628 1783 4708 prime,
1831 4628 2201 4708 inpatientia
2253 4629 2598 4692 amicorum
2636 4629 2889 4694 domum
2923 4629 3048 4694 sibi
3084 4629 3256 4694 elau-

1419 4728 1435 4740 *
1623 4732 1791 4816 Quid
1835 4736 1999 4796 eri-iiii
2047 4733 2180 4798 illis
2223 4735 2744 4802 inverecundius?
2792 4759 2920 4820 eqs.

1527 4852 1619 4908 ²¹&
1675 4840 1767 4904 ain
1827 4840 2063 4924 scripte.
2119 4846 2271 4905 sunt
2325 4842 2394 4906 in
2450 4841 2665 4907 codice
2709 4842 3139 4909 Laurentiano
3187 4848 3257 4908 et

594 5111 1167 5366 J
