3967 5725
409 660 476 726 324
612 663 708 716 xum.
730 661 843 714 [unns
862 661 1076 713 uncmonnn
1093 661 1327 714 snsrrvssuu
1347 663 1425 714 sees.

438 823 440 827 ’
461 822 463 828 ’
541 821 577 889 in
601 823 758 890 Plancio?
781 825 873 906 quasi
895 843 964 889 aero
987 823 1042 888 isti
1063 843 1138 905 qnos
1160 843 1380 888 commemoras
1391 829 1556 906 mopterca
1573 845 1646 888 ma-

412 954 415 962 ·
470 957 473 963 ’
539 926 690 1016 nistratus
721 933 856 1015 cepamt
886 930 969 1014 qnod
997 930 1232 1011 triumpharant
1263 936 1291 995 et
1321 913 1386 995 non
1415 929 1646 1012 triumpharint

434 1045 437 1052 '
541 1041 617 1121 qaia
644 1040 801 1105 mminissi
826 1045 901 1105 sunt
926 1039 969 1103 iis
991 1039 1195 1120 magistratus
1216 1038 1252 1102 in
1274 1037 1385 1119 quibrrs
1406 1058 1440 1102 re
1462 1037 1645 1119 tanaceta

475 1145 495 1211 5
541 1147 777 1228 triumpharent.
800 1166 893 1228 rogas
911 1165 990 1226 qaae
1008 1150 1111 1209 castra
1129 1144 1259 1209 aidan:
1276 1146 1333 1226 qai
1350 1150 1378 1209 et
1395 1144 1486 1208 mdes
1496 1142 1645 1208 morea

417 1279 419 1283 ·
541 1253 596 1319 boc
617 1253 803 1335 imperatore
826 1259 854 1318 et
875 1252 1020 1317 tribanus
1041 1252 1077 1315 iu
1096 1251 1288 1316 Macedonia
1310 1251 1476 1316 militnm
1496 1252 1595 1333 faerit
1614 1256 1645 1315 ct

542 1366 683 1443 quaestor
710 1366 832 1425 tantam
859 1379 896 1424 ea
919 1379 952 1423 re
974 1358 1110 1423 militari
1131 1360 1300 1423 detraxerit
1321 1360 1467 1439 temporis
1488 1363 1643 1440 qrmntarn

540 1469 576 1532 in
600 1489 648 1532 me
671 1467 904 1532 custodiendam
927 1467 1098 1547 transferre
1121 1465 1281 1530 malacrit.'

406 1571 499 1638 Nihil
523 1573 658 1638 dicimus
671 1574 721 1662 (10
743 1572 964 1658 superioribus
988 1573 1065 1660 istis*
1084 1570 1128 1657 (v.
1148 1569 1183 1665 3)
1208 1571 1295 1637 rnrie
1315 1572 1471 1655 tractetis,
1494 1593 1575 1657 quse
1592 1571 1643 1636 sie

407 1673 596 1765 scripsimus
619 1682 656 1744 ut
680 1676 847 1744 scribenda
869 1701 937 1744 esse
957 1678 1117 1762 duximus,
1139 1678 1249 1743 addita
1267 1701 1325 1743 suo
1343 1678 1415 1744 loco
1435 1699 1512 1743 voce
1530 1679 1644 1743 bium-

368 1781 556 1871 npborint.·
580 1785 619 1850 ln
647 1787 880 1871 posterioribus
909 1784 959 1875 (6)
988 1786 1125 1852 mititem
1148 1786 1321 1851 Muellerus
1348 1787 1475 1850 noterit
1501 1789 1539 1849 ut
1566 1785 1638 1849 sub

407 1886 567 1980 dilieium,
590 1889 720 1980 auctore
744 1892 880 1980 (lobet0‚
910 1895 966 1978 qui
989 1893 1145 1958 Mnemos.
1164 1917 1190 1957 a.
1213 1893 1299 1958 1862
1318 1917 1349 1978 p.
1369 1893 1434 1958 326
1459 1893 1639 1957 ‘emblema'

407 1996 513 2086 inquit
546 1999 637 2086 {sede
669 2003 775 2090 minus
807 2001 922 2066 idonee
956 2001 1116 2087 arguitur:
1148 2022 1189 2065 ne
1216 2002 1338 2065 tirones
1366 1982 1495 2083 quidem
1523 1999 1641 2082 quibus

406 2109 503 2175 'verbe
525 2107 641 2196 listina
669 2104 784 2193 quovis
813 2105 912 2173 modo'
938 2108 1067 2192 disponi
1094 2111 1127 2171 et
1154 2107 1258 2172 disiici
1285 2128 1382 2192 posse
1404 2106 1567 2189 videntur,
1588 2106 1641 2170 its

407 2211 602 2302 scripserint.
640 2215 756 2281 Latina
778 2213 971 2302 compositio
995 2219 1045 2280 est
1068 2215 1103 2278 in
1125 2216 1145 2295 ὅ
1164 2213 1207 2278 28
1230 2215 1267 2278 in
1285 2214 1477 2278 Macedonia
1497 2213 1642 2279 annun
1657 2225 1697 2282 14

407 2323 543 2406 militam
569 2325 658 2410 fait„
674 2324 710 2386 in
738 2324 845 2388 cadem
862 2323 1030 2404 prouincia
1046 2328 1156 2411 postca
1178 2323 1327 2403 quaestor.
1355 2321 1389 2384 in
1413 2339 1640 2385 commemora·

407 2431 495 2494 tione
524 2434 702 2518 castrorum
731 2433 763 2494 eb
791 2427 837 2492 rei
864 2428 1015 2493 militaris
1043 2429 1122 2493 sutis
1150 2432 1211 2520 est
1224 2427 1328 2492 dicere
1345 2425 1517 2491 Plancium
1541 2411 1640 2491 fuisse

407 2529 609 2598 tribunum.'³
632 2532 721 2599 Hsee
744 2535 813 2600 ille:
838 2535 893 2599 sed
916 2535 943 2599 si
966 2535 1029 2600 isto
1048 2535 1120 2599 1000
1140 2554 1259 2599 nomen
1276 2517 1640 2619 positum'intolerabile

407 2639 465 2725 est,
480 2661 544 2706 ‘eur
567 2662 630 2705 uon
655 2646 817 2706 mutemus
843 2642 989 2706 ordinem
1012 2646 1045 2706 et
1068 2642 1237 2706 scribimus
1256 2647 1294 2706 ut·
1311 2640 1412 2706 altero
1431 2642 1503 2707 loco
1521 2641 1641 2727 legitur

405 2755 434 2816 et
456 2749 545 2814 miles
567 2750 603 2814 in
624 2746 716 2814 Creta
738 2750 793 2814 lucc
815 2751 1001 2830 imperatore
1023 2754 1052 2813 et
1073 2750 1109 2813 in
1127 2748 1321 2814 Macedonia
1343 2747 1487 2813 tribanus
1504 2748 1640 2813 mdibcm

367 2857 481 2939 isfuit,
505 2856 572 2921 sive
596 2855 682 2941 quod
709 2879 748 2921 ex
770 2857 878 2922 neseio
903 2878 967 2941 quc
991 2855 1101 2921 codice
1124 2855 1271 2920 nonnulli
1294 2855 1432 2920 editores
1455 2854 1640 2940 praeferunt

406 2969 435 3051 et
461 2964 609 3029 tabanus
630 2964 768 3029 ‘rnilitum
795 2966 831 3028 in
854 2963 1055 3028 Macedonia.
1092 2961 1145 3027 An
1169 2984 1236 3027 non
1255 2964 1327 3027 >reri
1350 2962 1488 3028 similius
1510 2967 1561 3027 'est
1581 2984 1640 3047 per

406 3080 547 3155 errorem
578 3071 700 3136 scribae
728 3070 955 3157 contiguorum
983 3070 1213 3161 vocabulorum
1241 3070 1356 3135 seriem
1383 3091 1452 3134 esse
1479 3070 1638 3134 inversum

406 3173 502 3262 auem
518 3200 549 3241 *a
576 3177 684 3242 nescio
715 3200 779 3265 quo
808 3177 966 3242 adiectum
994 3198 1110 3241 nomen
1139 3176 1335 3241 a'Cioerone
1362 3176 1539 3241 omissum?
1567 3198 1639 3241 cum

405 3279 595 3368 praesertim
624 3306 697 3348 eum
725 3285 780 3368 qui
808 3284 906 3349 etism
929 3284 1190 3366 tribunusplebis
1212 3284 1311 3350 fueri-t
1333 3282 1405 3369 (25,
1424 3282 1481 3367 603
1507 3284 1562 3366 11,
1581 3280 1638 3370 28)

406 3385 498 3453 melis
522 3391 616 3475 plene
639 3390 799 3455 tribunam
815 3391 955 3479 ¹militurn
974 3391 1139 3475 appellari,
1162 3396 1199 3456 ut
1218 3390 1319 3455 altero
1338 3390 1421 3473 loco,
1444 3410 1638 3473 quamquam

406 3495 450 3561 ibi
477 3518 608 3581 quoque
632 3496 730 3561 verba
749 3499 814 3578 fait
837 3496 983 3588 milesia
1009 3496 1102 3563 Orata
1124 3499 1271 3583 proxime
1294 3483 1543 3582 praesenserunt.
1560 3482 1639 3562 sSed

406 3604 510 3668 omnis
542 3625 593 3668 res
624 3603 707 3670 redit
734 3626 771 3668 eo
801 3608 837 3668 ut
865 3605 1038 3688 quaeratur
1064 3605 1182 3669 ferrine
1208 3606 1351 3689 potuerit
1378 3606 1442 3669 ists
1469 3604 1639 3669 collocatio

407 3732 503 3793 quem
535 3709 612 3774 libri
639 3714 826 3776 1011011111.ξ
848 3710 886 3775 Id
914 3711 1001 3795 quod
1024 3696 1221 3791 Wunderus‚
1255 3714 1311 3796 qui
1337 3712 1478 3797 primum
1505 3714 1640 3797 neg-urst

407 3812 495 3904 (nem
524 3818 551 3881 is
579 3818 702 3902 primus
729 3818 792 3882 fuit
807 3840 809 3847 ⁸
822 3817 878 3901 qni
905 3819 1041 3883 militurn
1064 3839 1181 3906 nomen
1205 3820 1371 3884 secluserit
1393 3820 1457 3884 ium
1481 3803 1640 3904 111830)

366 3928 519 4009 inpostea
542 3922 587 4011 (p.
609 3922 686 4005 165)
711 3925 921 4008 comprobare
943 3923 1067 3989 studuit
1085 3926 1266 3990 rationibus
1285 3928 1364 4010 quas
1384 3946 1449 3990 non
1466 3931 1640 4009 possumus

406 4030 473 4119 11011
490 4030 601 4095 futiles
620 4031 745 4121 hebere.
781 4030 815 4096 N
816 4053 851 4095 os
872 4032 928 4115 qui
945 4031 1061 4097 in'hcc
1080 4033 1195 4118 genere
1210 4034 1365 4118 exemplis
1378 4034 1452 4117 plus
1466 4030 1640 4096 tribuimus
1694 4068 1698 4075 ·

407 4159 503 4223 quam
517 4138 709 4217 rationibus,
728 4160 800 4231 eum
815 4139 1071 4229 meminissemus
1085 4140 1183 4204 rerba
1196 4140 1398 4231 nobilissime
1412 4160 1494 4224 quae
1508 4123 1639 4202 ineunte

408 4239 542 4309 Somnio
575 4244 727 4331 leguntur
758 4244 812 4331 (de
839 4268 874 4310 re
901 4268 931 4331 p.
955 4263 992 4309 vl
1016 4245 1052 4331 9,
1075 4245 1111 4332 9)
1142 4267 1212 4313 eam
1242 4249 1280 4311 in
1310 4229 1459 4330 Africam
1489 4247 1640 4311 venissem

407 4349 628 4441 M’Manilic
665 4352 784 4417 consuli
815 4353 861 4417 ad
896 4358 1043 4435 quartam
1074 4353 1222 4437 legionem
1254 4355 1428 4420 tribanus
1458 4358 1499 4416 at
1531 4353 1640 4417 scitis

407 4457 583 4538 militam,
611 4458 693 4524 nibal
720 4459 812 4524 mibi·
824 4460 888 4540 fait
907 4462 1016 4542 potius
1037 4482 1133 4543 qaam
1154 4468 1190 4527 at
1211 4462 1425 4528 Masinissam
1448 4460 1640 4525 convenirem

406 4584 520 4647 renem,
548 4587 648 4649 esque
665 4566 851 4632 'rideremus
874 4590 893 4630 a
915 4569 1043 4632 nemine
1066 4569 1261 4654 addubitem,
1284 4591 1342 4634 nec
1364 4569 1431 4633 fere
1453 4587 1548 4653 posse
1571 4588 1640 4631 mu·

407 4670 469 4733 tari
492 4672 621 4757 egregie
644 4673 832 4758 composite,
856 4674 903 4738 sie
925 4674 1124 4760 collegimus,
1146 4697 1212 4739 non
1236 4675 1331 4740 licere
1352 4696 1394 4739 ne
1413 4676 1448 4739 in
1465 4672 1639 4737 Plancisns

408 4777 537 4866 quidem
565 4778 738 4863 quiequam
762 4780 796 4843 in
819 4781 882 4844 ista
906 4781 1118 4845 collocatione
1141 4781 1284 4847 tribamrs
1306 4781 1342 4845 iu
1364 4779 1557 4845 Macedonia
1580 4781 1639 4844 mi·

407 4884 497 4949 litam
522 4884 645 4949 moveri
668 4889 700 4950 et
724 4884 870 4951 cinerosi
893 4888 1143 4972 permittendum
1167 4910 1244 4965 esse,
1268 4892 1305 4950 ut
1323 4870 1569 4968 ‘nonnumquam
1587 4887 1637 4949 vel
