3967 5725
584 655 765 706 sonneiis
783 652 980 707 Pnnnomci
999 655 1295 708 oosnnvnmonns
1313 635 1349 708 ω’.
1518 653 1581 718 381

350 815 452 881 veluti
475 816 510 879 in
532 815 656 901 Hippia
679 819 790 881 nostro
813 839 844 900 p.
865 816 899 900 9,
918 817 961 881 33
989 816 1007 881 ὁ
1031 827 1130 882 τοῦτο
1155 817 1309 904 ἐρωτῶν
1333 820 1438 883 δεῖται
1461 815 1584 882 πυθέ-

350 930 447 988 σθαι
474 924 509 988 τί
535 921 604 987 ἐστι
632 924 748 1008 καλόν;
780 947 811 1007 p.
833 923 888 1007 18,
908 924 928 988 3
952 925 1053 1000 αὐτός
1075 949 1131 1008 μοι
1155 927 1336 1009 προβάλλει
1360 925 1527 1008 ἐρωτῶν,
1556 925 1585 989 εἰ

350 1031 483 1096 τοιόνδε
505 1054 562 1114 μοι
587 1033 679 1095 δοκεῖ
701 1023 786 1095 εἶναι
810 1032 847 1095 τὸ
870 1033 983 1112 καλόν,
1006 1031 1027 1114 ἢ
1051 1033 1105 1097 καλ
1125 1029 1199 1116 περὶ
1219 1033 1322 1097 ἀλλου
1342 1032 1422 1098 ὅτου
1440 1031 1482 1097 ἀν
1501 1033 1583 1118 τύχη

349 1140 672 1220 πυνθανόμενος,
701 1142 733 1201 et
760 1138 795 1203 in
822 1138 946 1202 minore
969 1137 1094 1223 Hippia
1117 1139 1151 1202 in
1174 1139 1286 1203 eodem
1310 1159 1404 1204 cursu
1429 1139 1583 1204 cretionis

351 1243 465 1328 p.35‚7
481 1242 586 1328 ἡδέως
600 1243 642 1308 ἀν
656 1245 1009 1329 πυθοίμηνἹππίου,
1027 1246 1067 1309 13
1082 1243 1185 1329 ἡδέως
1199 1245 1584 1330 ἀν..άναπυθολμηυ,

353 1351 394 1415 18
409 1349 468 1416 ἐάν
486 1375 518 1416 τι
532 1351 636 1416 αὐτὸν
650 1350 808 1438 ἐρωτᾷς,
826 1351 867 1415 19
883 1352 942 1417 ἐάν
955 1376 986 1417 τι
1003 1354 1125 1439 ἐρωτᾷ
1140 1372 1176 1418 σε
1192 1355 1381 1438 Σωκράτης,
1400 1353 1584 1436 ἀποκρινεῖ,

350 1481 381 1542 ρ.
395 1457 448 1543 36,
463 1459 484 1521 2
498 1457 764 1542 ἀποκρινόμενον
777 1468 822 1547 τῷ
833 1460 1026 1547 βουλομένῳ
1042 1459 1060 1524 ὅ
1075 1483 1106 1525 τι
1121 1462 1164 1524 άν
1178 1484 1228 1536 τις
1242 1459 1378 1547 ἐρωτᾷ,
1394 1470 1458 1527 νῦν
1473 1461 1585 1544 δὲτὴν

351 1565 553 1648 Σωκράτους
581 1566 774 1649 ἐρώτησιν
802 1568 944 1650 φύγοιμι
972 1572 1006 1632 ct
1027 1591 1057 1651 p.
1077 1567 1136 1651 43,
1155 1567 1197 1632 28
1222 1567 1397 1651 ἐπιθυμῶν
1419 1575 1543 1650 μαθεῖν
1566 1567 1584 1632 ὅ

350 1695 383 1736 τι
410 1670 499 1754 λέγει
527 1673 854 1758 διαπυνθάνομαι
882 1672 937 1739 καὶ
965 1672 1184 1740 έπαυασκοπῶ
1208 1726 1215 1739 .
1236 1725 1268 1739 ..
1297 1676 1338 1739 31
1369 1676 1445 1740 οὔτε
1473 1673 1585 1740 ἐπαυ-

351 1790 482 1861 ερωτῶ
510 1779 586 1844 ούτε
614 1804 670 1863 μοι
697 1779 788 1863 μέλει
816 1775 864 1845 ὧν
892 1781 1064 1863 λέγει
1092 1782 1136 1846 34
1163 1784 1474 1867 πυνθανόμενον
1500 1779 1580 1866 παρ’
1599 1799 1626 1839 1⁰

352 1885 465 1951 αὐτοῦ.
502 1885 623 1951 Verum
651 1891 760 1952 tamen
786 1886 867 1953 haec
894 1889 1004 1953 ecdem
1033 1890 1194 1975 geminate
1220 1889 1373 1975 leguntur
1401 1891 1434 1954 in
1463 1889 1585 1974 Hippin

351 1993 476 2058 minore
494 2016 525 2078 p.
540 1993 592 2078 46,
607 1994 649 2058 27
670 1994 712 2058 οὐ
730 1996 795 2079 γάρ
814 1996 1013 2079 αἰσχύνομαι
1032 1995 1217 2080 μανθάνων
1231 1995 1314 2061 ἀλλὰ
1328 1996 1584 2080 πυνθάνομαι

352 2099 415 2164 καὶ
439 2100 570 2186 ἐρωτῶ
593 2100 648 2165 καὶ
672 2102 772 2185 χάριν
794 2104 922 2185 πολλὴν
945 2105 1008 2186 ἔχω
1031 2111 1077 2190 τῷ
1096 2102 1359 2190 ἀποκρινομένῳ,
1384 2125 1521 2186 quorum
1540 2103 1585 2166 el·

351 2210 456 2272 terum
478 2212 589 2272 utinm
612 2209 691 2273 sotis
715 2212 796 2292 erat,
824 2210 880 2274 sed
902 2213 940 2273 ut
963 2213 1038 2275 sunt
1062 2231 1137 2274 sane
1160 2210 1261 2294 probe
1285 2209 1435 2294 copulate
1457 2209 1503 2274 ita
1527 2209 1585 2274 cri·

352 2314 490 2379 ticorum
514 2316 700 2399 superbiam
722 2316 892 2381 evitarunt.
955 2402 960 2410 ι

440 2421 589 2486 Alterum
612 2444 671 2506 por
694 2427 904 2508 cognotorum
927 2423 1099 2488 verborum
1122 2426 1172 2488 est
1196 2423 1391 2510 ἐργάζεσθαι
1416 2428 1447 2488 et
1465 2433 1585 2506 ποιεῖν,

354 2549 443 2612 quae.
464 2529 593 2614 quidem
622 2530 701 2614 quid
726 2531 875 2596 differant
898 2529 1036 2616 Hippias
1059 2532 1166 2595 minor
1188 2530 1262 2595 inde
1285 2554 1304 2595 a
1327 2555 1357 2617 p.
1376 2532 1419 2596 48
1444 2531 1585 2615 exponit,

353 2636 409 2701 sed
429 2640 539 2701 tamen
561 2660 598 2701 ec
621 2638 718 2702 verba
742 2638 894 2722 quoniam
918 2639 1101 2720 συνώνυμα
1125 2641 1200 2702 sunt
1223 2641 1256 2702 et
1277 2640 1311 2702 in
1329 2638 1386 2703 illo
1406 2639 1535 2724 dialogo
1555 2641 1586 2702 et

353 2743 429 2808 alibi
457 2766 553 2828 saepe
580 2744 670 2809 nullo
698 2767 771 2810 cum
794 2745 978 2811 discrimine
1001 2745 1081 2830 poni
1104 2750 1136 2810 et
1159 2746 1242 2810 inter
1266 2767 1299 2810 se
1321 2741 1447 2810 misceri
1471 2746 1586 2829 solent,

352 2852 441 2916 velut
473 2854 511 2917 ut
541 2874 644 2937 peuce
677 2852 860 2936 afferamus,
892 2877 922 2937 p.
950 2853 994 2918 46
1000 2853 1053 2939 ,9
1085 2854 1117 2919 ol
1149 2851 1279 2929 ἑκόντες
1306 2852 1500 2930 ἀδικοῦντες
1531 2851 1586 2919 καὶ
1601 2868 1627 2908 2⁰

353 2957 483 3037 ἑκόντες
501 2959 797 3043 ἐπιβουλεύσαντες
815 2959 870 3026 καὶ
889 2962 986 3025 κακά
1006 2960 1268 3047 ἐργασάμενοι
1287 2960 1439 3044 βελτίους
1458 2960 1501 3025 ἀν
1520 2954 1587 3025 εἷεν

352 3076 421 3131 τῶν
448 3067 598 3132 ἀκόντων
626 3058 675 3144 οἷς
702 3069 809 3151 πολλὴ
838 3070 930 3134 δοκεῖ
952 3069 1133 3151 συγγνώμη
1157 3063 1243 3132 εἶναι
1268 3066 1326 3132 ἐὰν
1349 3069 1392 3152 μη
1417 3069 1514 3144 εἰδώς
1537 3092 1587 3145 τις

353 3173 493 3260 ἀδικηση
526 3174 546 3259 δη
574 3176 736 3258 γεύσηται
768 3174 788 3258 ἢ
817 3175 914 3240 ἀλλο
941 3199 977 3239 τι
1005 3176 1127 3240 κακὸν
1153 3176 1312 3259 ποιήσῃ,
1344 3172 1400 3238 καὶ
1429 3176 1460 3239 ol
1488 3176 1586 3258 νόμοι

353 3284 440 3348 πολὺ
458 3284 682 3367 χαλεπώτεροί
699 3283 762 3347 εἰσι
781 3292 852 3357 τοῖς
870 3280 983 3346 ἑκοῦσι
1003 3284 1099 3347 κακά
1118 3280 1397 3366 ἐργαζομένοις
1411 3283 1443 3344 et
1457 3304 1488 3365 p.
1502 3280 1586 3365 47,8

354 3388 437 3453 ὥστε
456 3391 637 3470 φαίνεσθαι
648 3436 655 3451 .
666 3438 672 3451 .
682 3390 762 3463 τοὺς
776 3389 917 3464 ἀκοντας
930 3389 1082 3453 τούτων
1096 3386 1239 3452 ἕκαστα
1253 3396 1471 3465 ποιοῦντας
1485 3409 1587 3471 πονη-

355 3493 525 3580 ροτέρους;
545 3494 584 3559 cf.
598 3493 674 3558 ibid.
693 3496 747 3579 113
764 3517 791 3578 p.
806 3495 860 3578 52,
878 3494 899 3558 5
914 3493 1086 3589 ἀμφότερα
1099 3499 1227 3579 μᾶλλον
1242 3496 1262 3559 δ
1268 3494 1443 3579 υναμένη
1456 3506 1588 3561 ποιεῖν

353 3600 408 3667 καὶ
427 3603 467 3667 τά
485 3603 569 3666 καλά
586 3600 641 3666 καὶ
659 3603 700 3666 τά
718 3603 838 3687 αἰσχρά
854 3599 929 3687 περὶ
943 3611 1054 3666 πᾶσαν
1068 3600 1228 3687 ἐργασίαν
1243 3652 1267 3666 ..
1283 3602 1302 3666 8
1318 3603 1400 3667 ὅταν
1413 3604 1453 3667 τά
1468 3604 1587 3687 αι’σχρά

354 3708 577 3792 ἐργάζηται,
598 3707 719 3773 ἑκοῦσα
738 3707 941 3793 ἐργάζεται
956 3758 985 3773 ..
1003 3708 1044 3772 12
1063 3710 1101 3773 τὸ
1120 3705 1182 3793 μὲν
1200 3708 1329 3774 ἀδικεῖν
1344 3710 1441 3773 κακὰ
1455 3722 1588 3774 ποιεῖν

355 3814 456 3899 ἐστιν,
475 3819 507 3879 et
526 3815 561 3879 in
579 3815 701 3900 Hippia
719 3816 840 3880 maiore
854 3839 885 3901 p.
900 3816 952 3900 22,
969 3816 1009 3879 13
1030 3814 1083 3881 ἐπὶ
1102 3818 1139 3881 τὸ
1158 3818 1278 3881 κακόν
1296 3840 1332 3880 τι
1351 3814 1588 3900 ἐργάζεσθαι

354 3925 555 4007 χρήσιμα..
582 3922 625 3986 23
653 3923 690 3987 τὸ
718 3926 881 4008 χρήσιμόν
908 3946 943 3988 τε
970 3922 1026 3988 καὶ
1054 3924 1090 3988 τὸ
1120 3924 1267 3987 δυνατὸν
1294 3921 1346 3987 ἐπὶ
1372 3923 1409 3987 τὸ
1433 3922 1628 4006 ἀγαθόν30

354 4050 390 4094 τι
413 4040 577 4113 ποιῆσαι
596 4080 625 4094 ..
649 4029 702 4094 35.
740 4029 803 4095 Sed
826 4031 936 4094 eadem
959 4052 1071 4095 inrsus
1091 4028 1240 4115 copulate
1258 4030 1394 4116 legimus
1413 4030 1448 4094 in
1466 4029 1588 4114 Hippia
1689 4118 1692 4123 Ι

354 4137 477 4202 maiore
499 4160 530 4221 p.
549 4138 602 4221 21,
622 4137 664 4201 33
691 4159 764 4203 cnm
786 4138 866 4202 haec
889 4138 975 4202 dicat
999 4136 1148 4203 Socrates
1172 4138 1207 4202 ol
1227 4133 1290 4203 οὖν
1313 4135 1588 4222 ἐξαμαρτάνοντες

354 4242 409 4309 καὶ
442 4245 526 4309 κακά
557 4242 818 4330 ἐργαζόμενοί
846 4268 886 4310 τε
917 4244 982 4309 καὶ
1015 4254 1226 4321 ποιοῦντες
1258 4246 1410 4326 ἀκοντες,
1443 4245 1523 4309 ἀλλο
1556 4268 1588 4308 τι

356 4346 465 4434 οὗτοι,
498 4354 527 4416 εἰ
558 4353 603 4436 μὴ
636 4351 798 4417 ἐδύναντο
830 4361 934 4417 ταῦτα
965 4362 1114 4436 ποιεῖν,
1147 4351 1208 4417 οὐκ
1236 4353 1278 4416 ἀν
1305 4373 1384 4416 ποτε
1412 4349 1588 4435 ἐποίουν;

356 4459 501 4523 cretione
527 4462 603 4542 post
629 4459 791 4545 geminato
819 4459 917 4523 verbo
944 4459 1045 4524 altero
1075 4459 1177 4524 exiis
1201 4458 1271 4523 solo
1295 4458 1496 4540 continuata,
1523 4478 1588 4520 non

356 4586 447 4630 secus
471 4569 568 4650 etque
590 4567 688 4631 verba
706 4588 788 4650 quoe
805 4588 865 4629 nos
884 4566 1101 4651 disceptemus
1121 4570 1269 4651 χρηματα
1287 4565 1393 4630 πολλὰ
1413 4566 1608 4649 εἰργάσατο,

355 4670 411 4736 καὶ
431 4675 548 4755 ἔλαβεν
566 4674 717 4757 deinceps
736 4674 776 4738 eb
796 4695 860 4737 uno
880 4696 920 4738 ex
933 4674 1065 4738 ¹dnobus
1080 4674 1286 4758 excipiuntur
1299 4674 1447 4757 χρήματα
1461 4668 1588 4754 ἔλαβεν.

356 4776 426 4855 Quo
449 4802 483 4843 re
506 4779 577 4863 hoc,
599 4783 759 4865 putemus,
783 4779 924 4864 docetur,
947 4780 1125 4845 cavendum
1148 4801 1217 4844 esse
1239 4801 1280 4844 ne
1298 4778 1432 4843 nimiam
1450 4779 1515 4843 vim
1526 4779 1590 4843 ‘isti

357 4886 574 4950 consimilium
593 4888 760 4953 iuncturae
777 4887 967 4973 tribuamus,
989 4886 1043 4951 sed
1062 4886 1146 4952 nihil
1163 4890 1272 4954 tamen
1289 4884 1392 4972 magis
1412 4907 1508 4969 quam
1526 4884 1590 4950 hoc
