3967 5725
593 641 773 692 anamotus
791 641 986 693 PLATONIGI
1005 641 1310 694 OBSERVATIONES.
1509 641 1574 707 369

342 825 415 869 cum
438 803 562 888 Hippia
585 801 820 886 colloquentem
844 804 913 868 eius
932 807 1035 867 artem
1054 802 1272 888 sophistarum
1290 808 1391 869 artem
1410 807 1576 870 nominare

341 933 407 975 non
420 912 573 995 potuisse,
587 911 731 994 potuisse
746 912 936 994 sapientum,
950 909 1220 993 quemadmodum
1234 911 1341 995 ipsum
1355 911 1449 976 initio
1464 914 1576 995 σοφὸν

341 1017 546 1102 appellasset.
584 1015 654 1093 Qua
675 1016 713 1080 de
733 1038 828 1081 eausa
847 1017 943 1081 verba
962 1041 982 1082 a
1001 1039 1034 1080 se
1052 1017 1170 1082 reiecta
1189 1038 1227 1082 eo
1247 1018 1365 1083 certius
1383 1041 1443 1103 pro
1463 1019 1575 1084 alienis

341 1124 489 1188 habenda
516 1145 598 1206 esse,
626 1124 702 1207 quia
730 1125 834 1188 otiosa
861 1129 969 1189 essent
994 1145 1031 1188 ac
1053 1145 1111 1208 per
1135 1145 1169 1188 se
1193 1123 1342 1210 ‘glossae’
1365 1128 1476 1190 notam
1498 1148 1575 1211 prae

341 1253 376 1296 se
398 1231 529 1295 ferrent.
566 1231 615 1294 De
644 1230 863 1314 sophistarum
886 1230 1031 1296 moribus
1054 1253 1092 1296 ac
1115 1229 1230 1296 studiis
1255 1227 1396 1296 severius
1418 1254 1576 1298 nonnum·

341 1361 437 1423 quam
466 1361 485 1402 a
513 1336 650 1402 Platone
680 1338 748 1402 sive
776 1361 796 1402 a
823 1336 954 1403 Socrate
982 1337 1118 1402 iudicari
1145 1360 1239 1403 nemo
1267 1339 1409 1425 ignoret,
1441 1339 1497 1424 qui
1525 1340 1576 1404 vel

340 1444 489 1510 Menonis
521 1467 644 1510 memor
676 1448 724 1510 est
757 1446 802 1529 (p.
823 1442 990 1530 mosch.)
1025 1449 1081 1509 aut
1110 1444 1307 1531 Protagorae
1340 1445 1383 1533 (p.
1407 1445 1478 1532 53).
1514 1445 1576 1512 Sed

339 1553 418 1618 licet
445 1574 571 1637 semper
601 1551 776 1617 cavendum
807 1553 850 1616 sit
873 1549 998 1617 Socrati
1030 1573 1070 1616 ne
1097 1554 1171 1637 plus
1199 1574 1301 1636 aequo
1330 1553 1576 1642 είριονευομένῳ

339 1661 436 1725 fidem
464 1659 654 1743 habeamus,
681 1662 802 1742 tamen,
829 1663 868 1722 ut
893 1658 956 1724 hoc
984 1659 1132 1744 exemplo
1159 1664 1302 1744 utamur,
1329 1683 1411 1744 quae
1439 1666 1516 1726 sunt
1543 1662 1577 1726 in

340 1766 459 1850 Lyside
482 1764 527 1853 (p.
547 1765 616 1854 62),
638 1787 710 1831 eum
729 1765 868 1831 Miccum
886 1766 1079 1831 familiarem
1099 1789 1192 1830 auum
1211 1767 1392 1851 perborum
1412 1770 1577 1853 σοφιστὴν
1592 1795 1618 1836 ιο

340 1873 496 1958 appellat,
524 1877 581 1938 aut
602 1874 659 1938 illa
687 1875 725 1938 de
754 1893 788 1937 se
816 1895 898 1955 quae
926 1879 1035 1939 namet
1063 1874 1097 1937 in
1121 1873 1260 1939 Lachete
1283 1871 1328 1961 (p.
1347 1873 1421 1961 41),
1448 1893 1515 1940 non
1538 1893 1575 1940 ea

341 1985 426 2045 certe
449 1982 551 2047 tincta
573 1986 650 2046 sunt
672 1981 854 2063 acerbitate,
876 1984 914 2045 ut
937 1980 1097 2046 dubitatio
1121 1982 1176 2065 sit,
1205 1983 1323 2047 satisne
1343 1982 1495 2065 decenter
1519 1981 1580 2047 So·-

341 2091 445 2152 crates
468 2086 624 2172 Hippiam
653 2107 760 2152 coram
785 2091 857 2172 ipso
882 2087 1098 2172 sophistarum
1121 2110 1255 2152 numero
1280 2088 1493 2173 adscripserit.
1531 2089 1576 2154 At

341 2194 376 2258 in
403 2193 526 2279 Hippia
558 2194 686 2280 dialogo
715 2194 793 2278 quid
821 2193 985 2260 Socratem
1014 2194 1156 2259 decuerit
1184 2217 1222 2260 ex
1251 2194 1373 2280 Hippia
1401 2196 1575 2262 diiudican-

342 2302 418 2366 dum
446 2306 503 2366 est.
540 2298 606 2367 Ubi
634 2323 707 2366 cum
734 2302 782 2366 ita
808 2306 923 2388 pergat
949 2303 1047 2387 paulo
1074 2305 1150 2387 post
1173 2299 1217 2388 (p.
1237 2303 1271 2388 2,
1291 2300 1349 2390 21)
1374 2307 1518 2387 Γοργίας
1541 2327 1576 2368 τε

342 2410 406 2492 γὰρ
431 2403 527 2485 οὗτος
550 2407 568 2473 ὁ
588 2412 770 2486 Λεοντῖνος
787 2411 982 2493 σοφιστὴς
1000 2409 1101 2494 δεῦρο
1121 2407 1257 2493 ἀφίκετο
1277 2411 1420 2498 δημοσίᾳ
1439 2417 1577 2476 οίκοδεν

341 2516 550 2601 πρεσβεύων,
573 2516 618 2592 ὡς
642 2516 840 2592 ἱκανώτατος
863 2517 911 2581 av
934 2517 1128 2581 Λεοντίνων
1150 2518 1191 2581 τὰ
1213 2518 1310 2582 κοινὰ
1331 2519 1499 2601 πράττειν,
1523 2520 1576 2583 καί

341 2619 381 2687 ἕν
401 2647 436 2688 τε
453 2623 608 2711 τῷδήμῳ
626 2619 742 2700 ἔδοξεν
760 2624 879 2708 ἄριστα
897 2625 1004 2688 εἰπεῖν
1022 2625 1076 2688 καὶ
1097 2625 1167 2710 ίδίᾳ
1186 2621 1358 2702 ἐπιδείξεις
1375 2626 1577 2709 ποιούμενος
1647 2651 1650 2657 ·

342 2729 397 2795 καὶ
417 2731 529 2796 συνὼν
543 2741 612 2807 τοῖς
630 2729 721 2806 νέοις
738 2732 887 2815 χρήματα
904 2732 1012 2796 πολλὰ
1031 2732 1206 2814 εἰργάσατο
1226 2729 1281 2796 ναὶ
1295 2728 1414 2814 ἔλαβεν
1429 2731 1464 2796 εἰι
1478 2733 1577 2816 τῆσδε

342 2847 400 2922 τῆς
422 2839 558 2921 πόλεως,
582 2837 620 2902 de
643 2836 798 2922 sophistis
822 2838 898 2922 quid
923 2838 1042 2903 sentiat
1065 2838 1205 2905 declarat
1227 2841 1264 2904 ut
1288 2839 1341 2902 vix
1364 2839 1508 2923 potuerit
1529 2840 1577 2904 lu·
1592 2866 1618 2905 ao

342 2944 510 3009 culentius.
547 2944 624 3010 Non
646 2944 732 3031 fugit
750 2944 917 3009 Naberum
941 2950 1062 3030 quanto
1087 2967 1183 3031 opere
1205 2946 1285 3011 haec
1308 2947 1374 3011 suis
1397 2946 1577 3013 rationibus

343 3052 497 3136 officiant,
516 3074 598 3136 quae
611 3074 651 3117 ne
665 3056 860 3137 corruerent,
873 3075 940 3117 non
953 3053 1114 3117 dubitavit
1128 3050 1266 3139 Gorgiae
1280 3053 1446 3137 appictum
1460 3074 1577 3119 nomen

343 3161 504 3245 σοφιστής
522 3159 563 3227 ad
580 3159 844 3244 interpolatorem
863 3160 1003 3242 reiicere,
1027 3160 1172 3243 eundem,
1196 3160 1312 3242 eredas,
1336 3159 1393 3243 qui
1412 3160 1578 3244 superiora

343 3267 406 3331 ista
428 3266 596 3350 adlevarit,
623 3288 728 3350 neque
751 3289 824 3332 eum
847 3266 995 3350 retinuit,
1019 3267 1109 3351 quod
1129 3270 1195 3330 tam
1218 3266 1308 3330 nullo
1333 3266 1503 3330 intervallo
1527 3268 1577 3331 bis

342 3375 443 3438 ascita
467 3373 707 3457 interpolatoris
731 3394 829 3458 opera
852 3373 1054 3438 coniecturae
1077 3371 1340 3457 probabilitatem
1363 3394 1429 3437 non
1448 3373 1578 3445 adiuvet

343 3480 398 3545 sad
422 3482 534 3546 elevet.
572 3478 634 3545 Sed
658 3480 697 3544 de
720 3480 841 3567 Gorgia
865 3480 952 3565 quod
975 3481 1022 3544 ita
1045 3479 1189 3563 disputat
1210 3500 1277 3544 non
1302 3478 1479 3563 sophistam
1504 3500 1578 3545 eum

343 3588 400 3653 sed
423 3586 584 3652 rhetorem
606 3587 708 3652 fuisse
732 3592 764 3652 et
786 3608 820 3651 se
843 3584 1005 3652 rhetorem
1026 3586 1176 3651 maluisse
1196 3585 1360 3670 appellari,
1383 3608 1577 3670 quamquam

343 3716 381 3758 ea
409 3716 484 3759 vera
512 3698 601 3778 sunt,
628 3698 736 3760 tamen
763 3694 902 3781 negligit
929 3693 963 3758 in
990 3693 1114 3779 Hippia
1141 3714 1207 3757 non
1233 3691 1296 3757 hoc
1324 3692 1391 3778 agi,
1419 3694 1474 3757 sed
1496 3693 1578 3757 illud

343 3803 467 3886 potius,
496 3800 651 3886 Gorgiam
676 3802 776 3865 fuisse
799 3824 839 3866 ex
862 3801 914 3883 iis,
943 3801 1000 3884 qui
1023 3804 1060 3865 ut
1083 3800 1222 3884 Hippias
1244 3801 1315 3884 ipse
1338 3821 1411 3865 eum
1435 3800 1578 3883 δημόσια

342 3908 526 3993 peragenda
554 3908 762 3993 sustinerent,
791 3909 889 3973 simul
917 3908 986 3993 ίδίᾳ
1014 3909 1195 3984 συνουσίας
1223 3928 1295 3971 cum
1320 3905 1577 3970 adulescentibus
1591 3933 1618 3973 οο

342 4015 498 4080 facientes
525 4015 645 4079 multas
673 4014 735 4079 sibi
762 4016 914 4099 pecunias
942 4036 1070 4098 parasse
1099 4014 1288 4079 dicerentur.
1331 4012 1418 4089 Quae
1446 4012 1578 4097 propria

343 4143 415 4185 esse
438 4121 657 4207 sophistarum
680 4122 838 4205 instituta,
860 4145 900 4186 ex
924 4121 1042 4205 quibus
1065 4122 1206 4185 maxime
1228 4122 1268 4185 iis
1291 4142 1409 4184 nomen
1432 4140 1469 4183 ac
1491 4120 1578 4183 fama

343 4229 526 4313 accesserit,
554 4250 627 4293 cum
654 4228 706 4293 vel
732 4228 789 4293 illa
816 4232 975 4294 testentur
1003 4251 1084 4312 quae
1108 4250 1148 4293 ex
1171 4223 1308 4292 Menona
1331 4226 1498 4291 attulimus
1522 4230 1579 4290 aut

345 4356 426 4418 quae
458 4336 496 4400 de
526 4335 679 4420 Lachete,
711 4335 790 4419 quid
821 4337 976 4400 miramur
1005 4333 1157 4419 Gorgiam
1190 4334 1369 4418 sophistam
1402 4332 1578 4417 appellari?

343 4440 458 4525 Neque
486 4442 581 4507 aliter
602 4442 741 4527 Hippias
769 4442 838 4528 ipse
863 4442 977 4527 sensit3
1007 4442 1063 4525 qui
1087 4441 1125 4505 de
1148 4442 1282 4506 summis
1307 4465 1325 4505 a
1348 4462 1381 4505 se
1404 4440 1577 4525 reportatis

344 4566 419 4613 cum
441 4550 522 4613 haec
544 4549 778 4635 gloriabundus
797 4549 894 4631 iactet
912 4547 956 4636 (p.
976 4549 1007 4631 3,
1028 4547 1083 4634 15)
1104 4550 1224 4632 σχεδόν
1241 4572 1273 4613 τι
1293 4539 1383 4632 οἶμαι
1403 4547 1459 4630 ἐμὲ
1476 4550 1577 4613 πλείω

345 4657 495 4741 χρήματα
523 4655 699 4740 εἰργάσθαι
726 4654 747 4739 ἢ
775 4657 898 4732 ἄλλους
926 4655 1054 4719 σύνδυο
1084 4654 1239 4731 οὕστινας
1266 4658 1381 4737 βούλει
1409 4666 1486 4720 τῶν
1514 4671 1578 4720 σο-

346 4773 514 4846 φιστῶν,
546 4762 625 4846 quid
652 4762 738 4827 aliud
766 4784 863 4845 quam
891 4784 924 4826 se
952 4761 1131 4846 sophistam
1160 4782 1228 4827 esse
1255 4762 1447 4846 profitetur?
1489 4758 1581 4837 Quae

345 4868 444 4934 verba
471 4868 618 4934 Naberus
645 4869 818 4953 praeteriit.
856 4867 945 4932 Haec
972 4872 1079 4933 autem
1111 4868 1167 4952 qui
1195 4869 1324 4952 scripsit
1352 4868 1484 4933 dubium
1512 4888 1578 4931 non

400 4983 529 5023 Vahleni
542 4984 653 5032 opuscula
666 4984 697 5023 11„
1330 4978 1364 5026 24
