3967 5725
399 630 467 694 490
582 634 680 686 LVIII.
698 633 814 684 INDEX
832 633 1046 686 LEC'I'IONUM
1063 635 1305 687 HIBERNARUM
1325 637 1457 704 leoesoa.

400 796 514 858 contm
524 793 629 859 dicere
638 793 748 859 Aiacis
758 816 874 878 corpus
888 794 1088 879 insepultum
1101 795 1217 880 proiioi
1231 796 1426 862 iubentibus.
1457 795 1580 874 Quibus
1594 802 1632 862 ut

399 899 513 966 Ulixes
536 900 623 985 apud
642 899 836 985 Sophoclem
858 898 978 988 (1344)
996 903 1163 986 respondit
1186 903 1294 988 ἄνδρα
1317 901 1347 968 d’
1374 903 1415 969 οὐ
1439 903 1579 988 δίκαιον,
1603 906 1631 969 st
1657 951 1664 960 «-

399 1006 514 1090 divor,
536 1008 699 1088 βλάπτειν
720 1008 781 1073 τὸν
803 1006 938 1091 ἐσθλόν,
958 1005 1034 1072 οὐδ’
1062 1006 1246 1094 1313133313
1264 1019 1377 1096 nappe,
1401 1010 1504 1075 11313
1527 1032 1630 1076 armo-

397 1136 470 1178 rum
493 1112 613 1178 indicio
635 1113 702 1178 illis
728 1115 903 1199 regessisse
924 1114 1085 1198 rideatur,
1107 1138 1148 1181 ne
1171 1115 1292 1182 vellent
1313 1118 1349 1182 in
1372 1139 1488 1201 corpus
1512 1118 1632 1183 mortui

398 1221 520 1285 saevire
539 1241 662 1304 exque
686 1242 781 1304 quem
800 1221 874 1287 odio
893 1221 1083 1286 habuissent
1101 1224 1165 1287 iam
1184 1223 1351 1308 evolasset,
1375 1223 1475 1289 simili
1494 1224 1631 1290 adiecto:

398 1325 462 1391 hoo
485 1328 570 1392 enim
593 1349 663 1392 esse
684 1328 770 1392 idem
798 1349 892 1414 agere
916 1328 1004 1412 quod
1026 1350 1135 1414 canes,
1163 1351 1244 1414 qnae
1267 1330 1374 1416 lapide
1396 1352 1565 1416 percussae
1587 1332 1632 1396 la·

397 1434 505 1519 pidem
523 1437 648 1518 petunt,
666 1455 740 1498 eum
758 1435 814 1518 qui
834 1434 974 1519 lapidem
988 1435 1100 1501 iecerit
1117 1457 1184 1501 non
1197 1438 1372 1524 attingunt.
1397 1437 1509 1503 Fuisse
1524 1442 1632 1502 autem

396 1541 433 1604 in
457 1539 590 1605 Pacuvii
613 1561 741 1624 quoque
764 1541 931 1628 tragoedia
954 1542 1093 1607 similem
1112 1541 1310 1627 Sophoclcae
1333 1546 1574 1611 contentionem
1592 1544 1632 1610 de

398 1648 582 1731 sepeliendo
600 1646 700 1712 Aiace
723 1669 763 1712 ex
786 1648 825 1712 fr.
838 1666 901 1712 xvr
916 1670 978 1730 pro
996 1650 1127 1731 imperio
1146 1652 1302 1733 apemdam
1320 1657 1372 1718 est.
1386 1689 1429 1699 —-
1448 1652 1527 1734 Quis
1544 1657 1632 1731 uetat,

357 1756 531 1836 superisne
544 1754 673 1838 attollat,
686 1753 774 1820 haud
791 1755 910 1820 iniuria
928 1755 1040 1842 colligi
1054 1757 1188 1821 videtur.
1217 1755 1295 1823 Illos
1309 1780 1420 1824 versus
1434 1757 1632 1823 Ribbeckius

398 1882 457 1926 nco
471 1859 691 1926 Platonisnec
705 1861 824 1947 Tonpii
841 1883 965 1926 memor
983 1885 1081 1947 prave
1100 1864 1255 1948 explicuit
1270 1886 1331 1931 neo
1344 1886 1403 1930 suo
1422 1864 1494 1930 loco
1513 1865 1632 1952 posuit,

397 1989 465 2033 non
483 1969 588 2053 magis
606 1969 635 2032 is
655 1969 711 2052 qui
729 1968 768 2033 de
782 1967 917 2034 Pacuvii
933 1969 1055 2034 fabulis
1073 1971 1246 2055 separatim
1265 1971 1332 2058 egIt
1350 1969 1509 2059 (Berolini
1530 1970 1632 2059 1889)

398 2073 433 2139 L.
456 2074 641 2140 Muellerus.
810 2080 812 2085 ’
1307 2150 1310 2156 ,

487 2199 520 2246 v.
545 2180 729 2248 Praeclaros
743 2183 898 2267 quosdam
913 2205 1024 2250 versus
1039 2183 1171 2250 Pacuvii
1186 2185 1225 2249 de
1239 2183 1344 2249 Iliona
1359 2183 1470 2250 Cicero
1490 2185 1632 2250 serravit

398 2310 436 2355 eo
462 2289 559 2353 modo
580 2311 643 2374 quo
663 2289 788 2356 solebat
807 2311 919 2355 versus
938 2291 1138 2377 tragicorum
1156 2295 1335 2377 poctarum,
1357 2291 1456 2357 Ennii
1475 2292 1633 2376 inprimis,

398 2417 474 2460 suae
497 2397 637 2462 orationi
655 2396 827 2479 includere,
850 2420 916 2463 non
934 2403 972 2462 ut
988 2401 1078 2464 totos
1097 2421 1207 2464 versus
1227 2399 1354 2464 afferret
1373 2398 1428 2462 sed
1446 2402 1483 2463 31
1505 2403 1633 2464 tantum
1800 2453 1801 2468 r

399 2502 487 2586 quod
510 2504 587 2567 satis
616 2507 700 2568 esset
726 2503 767 2567 ad
795 2505 1126 2570 commonefaciendos
1154 2504 1291 2572 lectores
1319 2527 1429 2570 eorum
1459 2526 1541 2588 quae
1568 2505 1632 2590 ipsi
1650 2508 1689 2564 12

399 2608 527 2692 scirent,
550 2613 583 2673 et
606 2613 644 2674 ut
665 2615 832 2695 poetarum
857 2610 964 2675 verbis
988 2611 1081 2694 quasi
1105 2612 1338 2698 interpretandi
1366 2633 1462 2677 causa
1489 2635 1547 2677 sua
1574 2613 1633 2676 mi·
1800 2599 1801 2638 ¹

400 2720 512 2780 soeret
542 2715 657 2801 Itaque
680 2715 793 2780 scribit
816 2716 849 2780 in
868 2716 1059 2782 Tusculanis
1078 2718 1351 2802 disputationibus
1370 2718 1543 2804 1447106:

534 2823 627 2889 ‘Ecce
644 2823 730 2889 atius
747 2825 885 2889 moram
902 2830 1020 2890 eterra
1037 2826 1093 2909 qai
1110 2832 1241 2893 matrem
1260 2827 1397 2893 13131113
1413 2847 1477 2893 mom
1494 2829 1588 2892 31331.

581 2931 751 3011 1..Μ313ν,
764 2937 794 2996 te
806 2932 936 3016 appello,
954 2938 989 2998 ta
1002 2954 1082 3016 qaae
1099 2954 1208 2999 curam
1226 2936 1332 2999 sommo
1345 2954 1528 3018 suspmsam
1542 2935 1635 3018 13333,

581 3038 611 3102 2.
634 3038 743 3121 Nepae
759 3044 788 3103 te
805 3040 867 3104 mei
884 3041 1015 3124 miseret,
1038 3060 1129 3125 sarpe
1146 3047 1176 3106 et
1191 3041 1287 3123 sepeli
1304 3040 1423 3107 331133.

535 3145 611 3210 haee
632 3165 702 3210 cam
718 3148 840 3229 pressis
866 3153 896 3212 et
915 3148 1070 3229 1131111133
1092 3150 1205 3227 modis,
1229 3150 1284 3229 qai
1306 3150 1378 3213 totis
1400 3148 1529 3213 theatris
1552 3168 1634 3212 mae-

403 3292 407 3298 ·
534 3253 654 3318 31111313
668 3254 818 3334 inferamt,
832 3256 1045 3333 muaiauatm,
1060 3255 1190 3338 difficile
1203 3260 1248 3321 est
1259 3275 1322 3320 mom
1336 3275 1386 3321 eos
1402 3256 1458 3337 put
1475 3254 1635 3319 imbamati

534 3360 599 3424 siat
621 3362 751 3426 miseros
772 3362 922 3426 iudicare.

580 3467 609 3531 3.
738 3470 835 3549 prius
856 3490 952 3551 paam
972 3470 1060 3551 ferae
1081 3470 1273 3551 columesque

534 3576 643 3638 metuit
663 3595 704 3639 ae
725 3575 871 3642 laceratis
888 3577 1034 3642 membris
1051 3578 1159 3642 miuus
1176 3577 1249 3642 1333
1265 3582 1382 3660 atatim,
1404 3597 1444 3641 me
1461 3577 1633 3656 ambustis,

403 3718 407 3723 ‚
535 3700 599 3745 mom
621 3682 796 3748 extimescit.

579 3787 609 3852 4,
633 3789 705 3853 Nea
726 3790 878 3871 reliquias
891 3790 1056 3873 semiassi
1077 3790 1151 3873 reis
1166 3791 1333 3857 1333113113
1355 3790 1474 3857 ossibus

634 3895 700 3960 Per
721 3902 838 3961 taram
860 3898 950 3962 sanie
972 3897 1125 3963 delibatas
1144 3898 1233 3979 foede
1255 3898 1440 3963 1133133131.

536 4023 600 4068 moa
622 4002 760 4085 intettipo
782 4004 862 4085 qaid
877 4009 1001 4088 metuat,
1024 4023 1094 4068 oum
1117 4010 1183 4069 tam
1202 4004 1294 4070 13333
1311 4004 1501 4087 septenarios
1516 4003 1637 4085 faedat

536 4110 583 4173 ad
603 4109 734 4175 tibiam?
933 4107 936 4110 ’

401 4213 526 4281 Notum
550 4221 600 4281 331
626 4216 706 4281 haec
727 4215 881 4300 Polydori
904 4216 1002 4281 rerba
1030 4238 1113 4300 3313,
1135 4217 1191 4300 qni
1215 4241 1234 4283 3
1254 4217 1480 4303 ‘Polymestore
1504 4221 1636 4284 enectus

402 4326 538 4387 matrem
555 4322 693 4388 Ilionam
712 4322 860 4407 precibus
879 4323 946 4388 adit
964 4328 1002 4387 ut
1020 4345 1136 4407 corpus
1154 4325 1274 4389 mortui
1289 4323 1423 4409 sepeliat
1440 4346 1521 4389 nere
1540 4346 1573 4389 13
1588 4324 1636 4389 in-

402 4429 571 4495 humatum
595 4430 630 4494 in
652 4451 731 4516 agro
754 4431 857 4495 iacere
880 4430 1031 4516 patiatur.
1069 4429 1212 4508 Quorum
1236 4429 1293 4496 illa
1315 4432 1424 4515 priora
1447 4433 1503 4516 qui
1526 4430 1636 4497 addita

403 4558 481 4602 voce
496 4538 649 4603 continua
666 4558 735 4603 esse
749 4536 928 4621 voluerunt,
948 4535 1112 4603 Ciceronis
1130 4559 1252 4603 morem
1265 4558 1379 4623 parum
1393 4540 1637 4623 perspexerunt,

403 4644 622 4729 miramurque
633 4644 718 4729 quod
727 4642 926 4710 Ribbeckius
940 4648 1114 4729 praeeunte
1130 4645 1258 4729 quidem
1268 4643 1416 4711 Bentleio
1431 4646 1528 4711 etiam
1540 4645 1637 4711 tertia

403 4749 625 4836 recognitione
647 4751 728 4817 haec
749 4750 797 4817 ita
819 4750 1002 4817 adornanda
1026 4752 1163 4816 curarit:

538 4858 656 4941 Mater,
674 4863 702 4922 te
719 4857 848 4939 appello,
866 4863 909 4936 tu,
926 4878 1007 4939 qaae
1024 4878 1133 4923 amam
1150 4878 1258 4924 sommo
1274 4879 1458 4942 suspersam
1477 4859 1569 4939 13333,
