3967 5725
396 601 461 666 194
586 605 673 657 xnn.
692 605 808 656 mnnx
826 606 1041 658 nncrroucu
1059 607 1301 658 nucerianum
1324 605 1446 676 ιοοιμο.

392 769 489 830 natur
511 769 545 831 et
567 766 614 831 sic
635 767 685 830 uti
702 789 762 852 par
780 771 829 832 est
847 767 1043 832 aestimetur.
1079 765 1118 832 ln
1136 767 1306 833 Phaedone
1325 765 1471 834 Platonis
1491 769 1535 854 (p.
1552 769 1629 854 143,

393 872 437 938 20
451 871 539 959 Solu)
562 874 642 938 haec
665 873 744 938 dicit
767 872 915 939 Socrates

526 979 585 1045 ἐὰν
610 979 672 1064 μέν
695 1005 726 1045 τι
748 980 830 1065 ὑμίν
853 982 941 1046 δοκῶ
966 980 1090 1065 ἀληθές
1113 981 1237 1066 λέγειν,
1266 983 1569 1067 συνομολογήσατε,
1596 983 1625 1047 εί

571 1083 609 1152 δέ
631 1092 690 1173 μή,
717 1086 817 1153 παντί
841 1091 929 1176 λόγῳ
953 1088 1167 1172 ἀντιτείνετε,
1191 1089 1279 1166 ὅπως
1302 1091 1346 1173 μὴ
1369 1089 1433 1172 ἐγὼ
1456 1089 1522 1155 ὑπὸ
1545 1110 1626 1173 προ-

569 1198 696 1279 θυμίας
727 1196 794 1280 ἅμα
827 1193 970 1279 ἐμαυτόν
1001 1219 1036 1260 τε
1065 1194 1120 1261 καὶ
1151 1196 1237 1281 ὑμᾶς
1264 1195 1467 1280 ἐξαπατήσας
1497 1196 1626 1280 ὥσπερ

569 1301 728 1386 μέλιττα
751 1303 792 1367 τὸ
815 1301 981 1386 κέντρον
1004 1300 1274 1385 ἐγκαταλιπὼν
1298 1305 1516 1388 οἰχήσομαι.

390 1407 516 1494 Nempe
542 1408 682 1494 κέντρον
709 1408 954 1493 ἐγκαταλιπεῖν,
983 1410 1070 1495 quod
1098 1433 1196 1495 apum
1224 1415 1286 1494 est,
1311 1432 1399 1476 nunc
1425 1412 1496 1495 ipse
1523 1409 1562 1474 de
1590 1433 1625 1475 se
1702 1484 1711 1502 ⁸

390 1517 484 1600 ponit
507 1513 664 1599 Socrates,
687 1516 742 1580 scd
765 1517 874 1581 addita
889 1516 1107 1582 similitudine
1131 1540 1171 1583 ex
1190 1540 1254 1601 qua
1272 1516 1354 1582 illud
1372 1517 1547 1602 repetitum
1566 1521 1624 1583 est.

389 1619 496 1708 Magis
525 1625 606 1688 mira
633 1623 735 1688 videri
762 1627 900 1707 possunt
925 1622 1006 1690 haec
1033 1623 1174 1689 eiusdem
1202 1622 1348 1689 Platonis
1376 1645 1458 1708 quae
1486 1627 1563 1689 sunt
1589 1645 1625 1696 111.

350 1753 376 1795 rc
390 1733 568 1807 Πολιτείας
591 1734 706 1814 quarto
725 1754 756 1816 p.
777 1731 841 1794 189
855 1729 915 1796 Bk.

525 1836 651 1902 οὐκοῦν
680 1846 745 1902 νῦν
773 1839 813 1921 δὴ
844 1837 949 1923 ἡμᾶς
978 1839 1043 1903 δεῖ
1073 1840 1209 1923 ὥσπερ
1239 1837 1475 1921 κυνηγέτας
1504 1839 1625 1914 τινὰς

566 1945 723 2027 θάμνον
745 1946 874 2033 κύκλῳ
896 1949 1182 2029 περιίστασθαι
1205 1944 1428 2030 προσέχοντας
1456 1945 1516 2010 τὸν
1538 1954 1623 2011 νοῦν

566 2053 611 2134 μή
639 2072 684 2137 πῃ
712 2052 862 2137 διαφύγῃ
890 2051 910 2134 ἡ
939 2052 1135 2135 δικαιοσύνη
1163 2050 1219 2116 καὶ
1247 2051 1473 2136 ἀφανισθεῖσα
1500 2053 1623 2136 ύδηλος

566 2157 709 2242 γένηται.

386 2263 502 2348 Neque
520 2267 605 2330 enim
623 2265 669 2329 ita
686 2265 832 2348 loquitur
849 2269 887 2329 ut
905 2265 1000 2349 dicat,
1020 2265 1301 2349 ‘quemadmodum
1321 2270 1489 2330 venatores
1503 2265 1622 2331 saltum
1709 2258 1712 2263 ¹

387 2372 511 2456 saepire
542 2372 648 2436 solent
675 2393 716 2435 ne
745 2372 880 2456 effugiat
908 2373 991 2456 fera,
1022 2371 1068 2438 sic
1095 2394 1155 2437 nos
1184 2377 1311 2455 oportet
1339 2394 1433 2458 agere
1460 2376 1498 2437 ut
1525 2395 1622 2456 quam

387 2478 570 2562 quaerimus
593 2479 750 2544 iustitiam
775 2479 1071 2564 deprehendamus,
1094 2479 1152 2544 sed
1175 2483 1277 2544 semet
1300 2501 1439 2562 suosque
1462 2471 1552 2544 iubet
1574 2502 1623 2544 ar-

386 2586 517 2651 bustum
545 2587 781 2652 circumsistere
808 2587 927 2671 plagis,
953 2608 996 2650 ne
1024 2587 1170 2673 aufugiat
1193 2587 1329 2669 iustitia,
1358 2586 1467 2651 addito
1491 2584 1621 2671 quidem

386 2696 574 2758 venatorum
593 2694 746 2777 exemplo.
779 2691 828 2757 Αο
845 2692 941 2758 facile
958 2694 1203 2776 persentiscitur
1221 2693 1419 2758 admirabilis
1438 2693 1534 2758 huius
1554 2715 1623 2758 ora·

345 2824 372 2865 εο
385 2800 485 2866 tionis
511 2804 671 2865 venustas.
707 2797 867 2865 Addimus
895 2800 971 2884 alia,
999 2798 1165 2885 Euripidis
1193 2800 1412 2886 potissimum,
1440 2801 1497 2885 qui
1520 2800 1622 2866 multa

385 2907 483 2974 habet
509 2906 573 2973 hoc
594 2908 690 2972 modo
713 2908 859 2973 formata.
892 2906 991 2973 Velut
1015 2908 1049 2971 in
1071 2906 1299 2974 Andromacha
1321 2906 1436 2973 Peleus
1460 2930 1532 2973 cum
1555 2906 1622 2973 An-

386 3013 589 3079 dromacham
621 3014 761 3079 vinctam
794 3015 910 3097 aspicit
936 3019 973 3079 ut
1000 3016 1175 3100 perituram
1203 3036 1276 3081 cum
1304 3015 1372 3080 fflio
1401 3015 1447 3080 ita
1475 3015 1621 3100 loquitur

385 3119 480 3209 ον)

544 3229 761 3313 πρῶτονμὲν
784 3224 848 3296 οὖν
870 3227 950 3293 κατ’
979 3225 1104 3313 οὖρον
1128 3229 1255 3314 ὥσπερ
1281 3230 1427 3306 ἱστίοις

545 3335 812 3420 έμπνεύσομαι
836 3335 936 3421 τῇδ’·
959 3333 1029 3401 εἰπέ
1052 3340 1118 3401 τίνι
1143 3336 1219 3422 δίκῃ
1243 3336 1340 3421 χέρας

543 3445 718 3528 βρόχοισιν
741 3442 938 3527 ἐκδήσαντες
961 3442 1024 3508 οἵδ’
1053 3445 1177 3526 ίίνουσί
1198 3461 1234 3508 σε

544 3548 600 3615 καί
622 3551 738 3630 παίδα;

383 3656 422 3721 ln
444 3656 579 3724 Hecuba
600 3656 805 3741 Polymestor
828 3655 930 3724 oculis
954 3658 1079 3723 effossis
1101 3657 1147 3725 ita
1163 3656 1365 3722 lamentatur
1388 3654 1505 3744 (1080)
1634 3674 1673 3730 15

544 3772 591 3851 πᾷ
614 3776 680 3831 στῶ
703 3772 750 3852 πᾷ
771 3765 889 3849 κάμψει
912 3773 959 3852 πᾷ
981 3767 1044 3848 pto,

342 3895 370 3934 ιο
545 3881 642 3949 ναῦς
665 3872 767 3949 ὅπως
789 3875 971 3949 ποντίοις
993 3875 1185 3953 πείσμασι
1209 3874 1453 3956 λινόκροκον

544 3988 669 4063 φᾶρος
692 3977 881 4061 στέλλων,
905 3976 957 4042 ἐπὶ
981 3978 1081 4042 τάνδε
1105 3980 1223 4054 συθείς

543 4084 669 4150 τέκνων
691 4084 780 4169 έμῶν
803 4083 911 4169 φύλαξ
1296 4071 1298 4075 ’

543 4190 702 4275 ὀλέθριον
724 4196 853 4276 κοίταν;

381 4297 416 4361 in
449 4299 567 4382 quibus
599 4320 807 4384 quamquam-
821 4299 944 4383 aliquid
970 4299 1114 4385 ambigui
1142 4303 1191 4364 est
1218 4303 1251 4364 et
1277 4298 1414 4364 fortasse
1442 4300 1619 4385 depravati,

381 4403 445 4470 hoe
467 4405 672 4471 manifestum
696 4405 835 4490 videtur,
857 4406 937 4471 haec
959 4415 1043 4483 ναῦς
1066 4406 1154 4482 ὅπως
1177 4410 1327 4483 ποντίοις
1349 4409 1506 4490 πείσμασι
1530 4408 1616 4472 λινό·

381 4534 505 4596 κροκον
532 4522 640 4598 φᾶρος
668 4511 813 4578 στέλλων
841 4518 873 4578 et
899 4534 998 4578 unam
1021 4513 1148 4578 efficere
1172 4512 1364 4579 sententiam
1388 4518 1420 4578 et
1442 4513 1506 4579 hoo
1529 4513 1615 4598 quod

380 4618 473 4684 navis
497 4622 546 4684 est
564 4618 821 4703 Polymestorem
844 4620 883 4686 de
907 4642 940 4686 se
963 4620 1020 4686 sed
1039 4619 1148 4685 addita
1166 4619 1377 4685 similitudine
1396 4622 1617 4705 pronuntiare,

380 4746 448 4792 non
471 4745 561 4791 secus
584 4748 622 4792 ac
641 4725 755 4792 Peleus
775 4728 808 4791 in
827 4727 1061 4793 Andromacha.
1099 4726 1224 4793 Helena
1242 4727 1277 4791 in
1295 4727 1486 4813 cognomine
1505 4726 1616 4793 fabula

380 4852 453 4901 oum
479 4832 558 4898 dicit
581 4830 676 4920 (260)
