<?xml version="1.0" encoding="UTF-8"?>
<!DOCTYPE html PUBLIC "-//W3C//DTD XHTML 1.0 Transitional//EN"
    "http://www.w3.org/TR/xhtml1/DTD/xhtml1-transitional.dtd">
<html xmlns="http://www.w3.org/1999/xhtml" xml:lang="en" lang="en">
 <head>
  <title>
</title>
<meta http-equiv="Content-Type" content="text/html;charset=utf-8" />
  <meta name='ocr-system' content='tesseract 3.04.00' />
  <meta name='ocr-capabilities' content='ocr_page ocr_carea ocr_par ocr_line ocrx_word'/>
</head>
<body>
  <div class='ocr_page' id='page_1' title='image "./iohannisvahleni00vahlgoog/iohannisvahleni00vahlgoog_0169.png"; bbox 0 0 3967 5725; ppageno 0'>
   <div class='ocr_carea' id='block_1_1' title="bbox 488 590 1592 663">
    <p class='ocr_par' dir='ltr' id='par_1_1' title="bbox 488 590 1592 663">
     <span class='ocr_line' id='line_1_1' title="bbox 488 590 1592 663; baseline -0.003 -16"><span class='ocrx_word' id='word_1_1' title='bbox 488 595 784 653; x_wconf 79' lang='lat' dir='ltr'>OBSERVATIONES</span> <span class='ocrx_word' id='word_1_2' title='bbox 804 594 970 644; x_wconf 80' lang='lat' dir='ltr'>CRITICAE</span> <span class='ocrx_word' id='word_1_3' title='bbox 989 595 1028 644; x_wconf 84' lang='lat' dir='ltr'><strong>IN</strong></span> <span class='ocrx_word' id='word_1_4' title='bbox 1048 593 1247 644; x_wconf 82' lang='lat' dir='ltr'>SOPHOCLIS</span> <span class='ocrx_word' id='word_1_5' title='bbox 1265 593 1468 645; x_wconf 80' lang='lat' dir='ltr'><strong>ELEOTRAM.</strong></span> <span class='ocrx_word' id='word_1_6' title='bbox 1530 590 1592 663; x_wconf 66' lang='lat'><strong>1631</strong></span> 
     </span>
    </p>
   </div>
   <div class='ocr_carea' id='block_1_2' title="bbox 328 753 1642 3733">
    <p class='ocr_par' dir='ltr' id='par_1_2' title="bbox 360 753 1598 949">
     <span class='ocr_line' id='line_1_2' title="bbox 374 753 1598 838; baseline -0.002 -17"><span class='ocrx_word' id='word_1_7' title='bbox 374 834 376 838; x_wconf 67' lang='lat'><strong>,</strong></span> <span class='ocrx_word' id='word_1_8' title='bbox 453 758 482 822; x_wconf 85' lang='lat'><strong>3.</strong></span> <span class='ocrx_word' id='word_1_9' title='bbox 515 756 625 821; x_wconf 85' lang='lat' dir='ltr'><strong>Tertio</strong></span> <span class='ocrx_word' id='word_1_10' title='bbox 653 758 725 821; x_wconf 93' lang='lat' dir='ltr'><strong>loco</strong></span> <span class='ocrx_word' id='word_1_11' title='bbox 754 778 793 820; x_wconf 91' lang='lat' dir='ltr'><strong>ex</strong></span> <span class='ocrx_word' id='word_1_12' title='bbox 821 755 930 819; x_wconf 91' lang='lat' dir='ltr'><strong>eadem</strong></span> <span class='ocrx_word' id='word_1_13' title='bbox 954 754 1085 819; x_wconf 75' lang='lat' dir='ltr'>Electra</span> <span class='ocrx_word' id='word_1_14' title='bbox 1109 755 1319 838; x_wconf 88' lang='lat' dir='ltr'>proponimus</span> <span class='ocrx_word' id='word_1_15' title='bbox 1341 754 1420 819; x_wconf 89' lang='lat' dir='ltr'><strong>haec</strong></span> <span class='ocrx_word' id='word_1_16' title='bbox 1443 754 1483 818; x_wconf 91' lang='lat' dir='ltr'><strong>de</strong></span> <span class='ocrx_word' id='word_1_17' title='bbox 1506 753 1598 819; x_wconf 87' lang='lat' dir='ltr'><strong>chori</strong></span> 
     </span>
     <span class='ocr_line' id='line_1_3' title="bbox 360 862 1025 949; baseline -0.006 -20"><span class='ocrx_word' id='word_1_18' title='bbox 360 869 460 929; x_wconf 90' lang='lat' dir='ltr'><strong>cantu</strong></span> <span class='ocrx_word' id='word_1_19' title='bbox 484 886 565 948; x_wconf 90' lang='lat' dir='ltr'><strong>quae</strong></span> <span class='ocrx_word' id='word_1_20' title='bbox 589 865 663 928; x_wconf 89' lang='lat' dir='ltr'><strong>inde</strong></span> <span class='ocrx_word' id='word_1_21' title='bbox 686 887 705 927; x_wconf 93' lang='lat' dir='ltr'><strong>a</strong></span> <span class='ocrx_word' id='word_1_22' title='bbox 727 886 756 927; x_wconf 89' lang='lat' dir='ltr'><strong>v.</strong></span> <span class='ocrx_word' id='word_1_23' title='bbox 775 862 841 927; x_wconf 78' lang='lat'><strong>495</strong></span> <span class='ocrx_word' id='word_1_24' title='bbox 864 862 1025 949; x_wconf 89' lang='lat' dir='ltr'><strong>leguntur.</strong></span> 
     </span>
    </p>

    <p class='ocr_par' dir='ltr' id='par_1_3' title="bbox 739 965 1156 1056">
     <span class='ocr_line' id='line_1_4' title="bbox 739 965 1156 1056; baseline -0.005 -22"><span class='ocrx_word' id='word_1_25' title='bbox 739 972 801 1056; x_wconf 87' lang='grc' dir='ltr'><strong><em>πρὸ</em></strong></span> <span class='ocrx_word' id='word_1_26' title='bbox 826 969 935 1035; x_wconf 78' lang='grc' dir='ltr'><strong><em>τῶνδέ</em></strong></span> <span class='ocrx_word' id='word_1_27' title='bbox 955 971 1009 1034; x_wconf 80' lang='grc' dir='ltr'><strong><em>τοί</em></strong></span> <span class='ocrx_word' id='word_1_28' title='bbox 1029 967 1063 1051; x_wconf 89' lang='grc' dir='ltr'><strong>μ’</strong></span> <span class='ocrx_word' id='word_1_29' title='bbox 1090 965 1156 1053; x_wconf 81' lang='grc' dir='ltr'><em>ἔχει</em></span> 
     </span>
    </p>

    <p class='ocr_par' dir='ltr' id='par_1_4' title="bbox 739 1074 1120 1161">
     <span class='ocr_line' id='line_1_5' title="bbox 739 1074 1120 1161; baseline -0.008 -19"><span class='ocrx_word' id='word_1_30' title='bbox 739 1078 862 1161; x_wconf 80' lang='grc' dir='ltr'><strong><em>μήποτε</em></strong></span> <span class='ocrx_word' id='word_1_31' title='bbox 885 1074 1013 1161; x_wconf 79' lang='grc' dir='ltr'><strong><em>μήποθ’</em></strong></span> <span class='ocrx_word' id='word_1_32' title='bbox 1039 1076 1120 1159; x_wconf 82' lang='grc' dir='ltr'><strong><em>ἡμῖν</em></strong></span> 
     </span>
    </p>

    <p class='ocr_par' dir='ltr' id='par_1_5' title="bbox 738 1180 1081 1269">
     <span class='ocr_line' id='line_1_6' title="bbox 738 1180 1081 1269; baseline 0 -22"><span class='ocrx_word' id='word_1_33' title='bbox 738 1180 857 1267; x_wconf 70' lang='grc' dir='ltr'><em>ἀψεγὲς</em></span> <span class='ocrx_word' id='word_1_34' title='bbox 880 1189 963 1269; x_wconf 69' lang='lat' dir='ltr'><strong>uetat</strong></span> <span class='ocrx_word' id='word_1_35' title='bbox 985 1183 1081 1268; x_wconf 80' lang='grc' dir='ltr'><strong><em>τέρας</em></strong></span> 
     </span>
    </p>

    <p class='ocr_par' dir='ltr' id='par_1_6' title="bbox 361 1288 1642 3304">
     <span class='ocr_line' id='line_1_7' title="bbox 738 1288 1565 1383; baseline -0.004 -28"><span class='ocrx_word' id='word_1_36' title='bbox 738 1300 806 1367; x_wconf 81' lang='grc' dir='ltr'><strong><em>τοῖς</em></strong></span> <span class='ocrx_word' id='word_1_37' title='bbox 831 1292 935 1374; x_wconf 81' lang='grc' dir='ltr'><strong><em>δρῶσι</em></strong></span> <span class='ocrx_word' id='word_1_38' title='bbox 958 1288 1013 1355; x_wconf 80' lang='grc' dir='ltr'><strong>καὶ</strong></span> <span class='ocrx_word' id='word_1_39' title='bbox 1037 1291 1238 1373; x_wconf 83' lang='grc' dir='ltr'><strong><em>συνδρῶσιν.</em></strong></span> <span class='ocrx_word' id='word_1_40' title='bbox 1562 1377 1565 1383; x_wconf 24' lang='grc' dir='ltr'>Ι</span> 
     </span>
     <span class='ocr_line' id='line_1_8' title="bbox 363 1397 1600 1482; baseline 0 -20"><span class='ocrx_word' id='word_1_41' title='bbox 363 1399 411 1463; x_wconf 92' lang='lat' dir='ltr'><strong>De</strong></span> <span class='ocrx_word' id='word_1_42' title='bbox 436 1400 553 1482; x_wconf 88' lang='lat' dir='ltr'><strong>quibus</strong></span> <span class='ocrx_word' id='word_1_43' title='bbox 576 1418 662 1463; x_wconf 90' lang='lat' dir='ltr'><strong>nunc</strong></span> <span class='ocrx_word' id='word_1_44' title='bbox 683 1419 750 1462; x_wconf 93' lang='lat' dir='ltr'><strong>non</strong></span> <span class='ocrx_word' id='word_1_45' title='bbox 772 1399 866 1462; x_wconf 90' lang='lat' dir='ltr'><strong>aliter</strong></span> <span class='ocrx_word' id='word_1_46' title='bbox 889 1399 1045 1461; x_wconf 90' lang='lat' dir='ltr'><strong>sentimus</strong></span> <span class='ocrx_word' id='word_1_47' title='bbox 1069 1401 1164 1480; x_wconf 89' lang='lat' dir='ltr'><strong>atque</strong></span> <span class='ocrx_word' id='word_1_48' title='bbox 1188 1398 1266 1461; x_wconf 90' lang='lat' dir='ltr'><strong>olim</strong></span> <span class='ocrx_word' id='word_1_49' title='bbox 1290 1418 1363 1461; x_wconf 93' lang='lat' dir='ltr'><strong>cum</strong></span> <span class='ocrx_word' id='word_1_50' title='bbox 1386 1418 1423 1460; x_wconf 88' lang='lat' dir='ltr'><strong>ea</strong></span> <span class='ocrx_word' id='word_1_51' title='bbox 1443 1397 1490 1461; x_wconf 91' lang='lat' dir='ltr'><strong>sic</strong></span> <span class='ocrx_word' id='word_1_52' title='bbox 1512 1402 1600 1463; x_wconf 89' lang='lat' dir='ltr'><strong>recte</strong></span> 
     </span>
     <span class='ocr_line' id='line_1_9' title="bbox 361 1503 1601 1589; baseline -0.002 -20"><span class='ocrx_word' id='word_1_53' title='bbox 361 1506 461 1570; x_wconf 77' lang='lat' dir='ltr'><strong>scribi</strong></span> <span class='ocrx_word' id='word_1_54' title='bbox 489 1505 728 1570; x_wconf 88' lang='lat' dir='ltr'><strong>affirmabamus</strong></span> <span class='ocrx_word' id='word_1_55' title='bbox 755 1509 792 1569; x_wconf 91' lang='lat' dir='ltr'><strong>ut</strong></span> <span class='ocrx_word' id='word_1_56' title='bbox 820 1526 917 1589; x_wconf 89' lang='lat' dir='ltr'><strong>supra</strong></span> <span class='ocrx_word' id='word_1_57' title='bbox 944 1504 1053 1588; x_wconf 88' lang='lat' dir='ltr'><strong>posita</strong></span> <span class='ocrx_word' id='word_1_58' title='bbox 1080 1508 1163 1569; x_wconf 89' lang='lat' dir='ltr'><strong>sunt.</strong></span> <span class='ocrx_word' id='word_1_59' title='bbox 1214 1503 1292 1580; x_wconf 88' lang='lat' dir='ltr'><strong>Quis</strong></span> <span class='ocrx_word' id='word_1_60' title='bbox 1318 1504 1414 1568; x_wconf 89' lang='lat' dir='ltr'><strong>nobis</strong></span> <span class='ocrx_word' id='word_1_61' title='bbox 1443 1504 1601 1576; x_wconf 70' lang='lat' dir='ltr'><strong>credidit?</strong></span> 
     </span>
     <span class='ocr_line' id='line_1_10' title="bbox 361 1611 1600 1696; baseline 0 -19"><span class='ocrx_word' id='word_1_62' title='bbox 361 1612 408 1677; x_wconf 80' lang='lat' dir='ltr'><strong>Et</strong></span> <span class='ocrx_word' id='word_1_63' title='bbox 434 1612 517 1678; x_wconf 84' lang='lat' dir='ltr'>nihil</span> <span class='ocrx_word' id='word_1_64' title='bbox 544 1612 620 1677; x_wconf 83' lang='lat' dir='ltr'><strong>novi</strong></span> <span class='ocrx_word' id='word_1_65' title='bbox 645 1612 854 1677; x_wconf 89' lang='lat' dir='ltr'><strong>afferebamus</strong></span> <span class='ocrx_word' id='word_1_66' title='bbox 879 1611 935 1675; x_wconf 92' lang='lat' dir='ltr'><strong>sed</strong></span> <span class='ocrx_word' id='word_1_67' title='bbox 957 1611 1168 1676; x_wconf 78' lang='lat' dir='ltr'><strong>laudabamus</strong></span> <span class='ocrx_word' id='word_1_68' title='bbox 1192 1634 1261 1675; x_wconf 90' lang='lat' dir='ltr'><strong>eam</strong></span> <span class='ocrx_word' id='word_1_69' title='bbox 1285 1612 1478 1696; x_wconf 87' lang='lat' dir='ltr'><strong>scripturam</strong></span> <span class='ocrx_word' id='word_1_70' title='bbox 1502 1627 1600 1695; x_wconf 88' lang='lat' dir='ltr'><strong>quam</strong></span> 
     </span>
     <span class='ocr_line' id='line_1_11' title="bbox 362 1718 1641 1803; baseline -0.001 -18"><span class='ocrx_word' id='word_1_71' title='bbox 362 1720 404 1785; x_wconf 85' lang='lat' dir='ltr'><strong>ab</strong></span> <span class='ocrx_word' id='word_1_72' title='bbox 437 1719 509 1783; x_wconf 91' lang='lat' dir='ltr'><strong>aliis</strong></span> <span class='ocrx_word' id='word_1_73' title='bbox 543 1720 750 1784; x_wconf 76' lang='lat' dir='ltr'><strong>constitutam</strong></span> <span class='ocrx_word' id='word_1_74' title='bbox 781 1720 853 1803; x_wconf 91' lang='lat' dir='ltr'><strong>ipsa</strong></span> <span class='ocrx_word' id='word_1_75' title='bbox 880 1718 1095 1783; x_wconf 89' lang='lat' dir='ltr'><strong>Probabilitas</strong></span> <span class='ocrx_word' id='word_1_76' title='bbox 1127 1721 1165 1782; x_wconf 92' lang='lat' dir='ltr'><strong>ut</strong></span> <span class='ocrx_word' id='word_1_77' title='bbox 1197 1719 1408 1803; x_wconf 84' lang='lat' dir='ltr'><strong>opinabamur</strong></span> <span class='ocrx_word' id='word_1_78' title='bbox 1435 1719 1599 1794; x_wconf 76' lang='lat' dir='ltr'><strong>suadebat</strong></span> <span class='ocrx_word' id='word_1_79' title='bbox 1613 1744 1641 1786; x_wconf 91' lang='grc' dir='ltr'><strong><em>ιο</em></strong></span> 
     </span>
     <span class='ocr_line' id='line_1_12' title="bbox 363 1814 1600 1910; baseline -0.001 -20"><span class='ocrx_word' id='word_1_80' title='bbox 363 1825 448 1890; x_wconf 90' lang='lat' dir='ltr'><strong>Nam</strong></span> <span class='ocrx_word' id='word_1_81' title='bbox 471 1827 616 1909; x_wconf 84' lang='lat' dir='ltr'><strong>profecto</strong></span> <span class='ocrx_word' id='word_1_82' title='bbox 642 1826 697 1909; x_wconf 91' lang='lat' dir='ltr'><strong>qui</strong></span> <span class='ocrx_word' id='word_1_83' title='bbox 720 1825 816 1890; x_wconf 88' lang='lat' dir='ltr'><strong>huius</strong></span> <span class='ocrx_word' id='word_1_84' title='bbox 839 1830 953 1895; x_wconf 89' lang='lat' dir='ltr'><strong>cantus</strong></span> <span class='ocrx_word' id='word_1_85' title='bbox 973 1827 1033 1889; x_wconf 90' lang='lat' dir='ltr'><strong>iter</strong></span> <span class='ocrx_word' id='word_1_86' title='bbox 1052 1848 1071 1889; x_wconf 89' lang='lat' dir='ltr'><strong>a</strong></span> <span class='ocrx_word' id='word_1_87' title='bbox 1089 1826 1249 1910; x_wconf 90' lang='lat' dir='ltr'><strong>principio</strong></span> <span class='ocrx_word' id='word_1_88' title='bbox 1268 1814 1456 1910; x_wconf 87' lang='lat' dir='ltr'><strong>persecutus</strong></span> <span class='ocrx_word' id='word_1_89' title='bbox 1474 1826 1600 1909; x_wconf 80' lang='lat' dir='ltr'><strong>fuisset,</strong></span> 
     </span>
     <span class='ocr_line' id='line_1_13' title="bbox 362 1932 1598 2017; baseline 0 -20"><span class='ocrx_word' id='word_1_90' title='bbox 362 1932 478 1997; x_wconf 87' lang='lat' dir='ltr'><strong>deinde</strong></span> <span class='ocrx_word' id='word_1_91' title='bbox 507 1954 588 2017; x_wconf 94' lang='lat' dir='ltr'><strong>quae</strong></span> <span class='ocrx_word' id='word_1_92' title='bbox 611 1932 817 1997; x_wconf 86' lang='lat' dir='ltr'><strong>Laurentiani</strong></span> <span class='ocrx_word' id='word_1_93' title='bbox 846 1932 963 1997; x_wconf 86' lang='lat' dir='ltr'><strong>codicis</strong></span> <span class='ocrx_word' id='word_1_94' title='bbox 993 1932 1072 1996; x_wconf 88' lang='lat' dir='ltr'><strong>fides</strong></span> <span class='ocrx_word' id='word_1_95' title='bbox 1101 1932 1231 1997; x_wconf 84' lang='lat' dir='ltr'><strong>exhibet</strong></span> <span class='ocrx_word' id='word_1_96' title='bbox 1259 1934 1323 2015; x_wconf 88' lang='grc' dir='ltr'><strong><em>πρὸ</em></strong></span> <span class='ocrx_word' id='word_1_97' title='bbox 1352 1932 1460 1998; x_wconf 78' lang='grc' dir='ltr'><strong><em>τῶνδέ</em></strong></span> <span class='ocrx_word' id='word_1_98' title='bbox 1485 1956 1535 1998; x_wconf 83' lang='grc' dir='ltr'><strong><em>τοι</em></strong></span> <span class='ocrx_word' id='word_1_99' title='bbox 1562 1932 1598 2015; x_wconf 77' lang='grc' dir='ltr'><strong>μ’ι</strong></span> 
     </span>
     <span class='ocr_line' id='line_1_14' title="bbox 361 2036 1601 2124; baseline 0.001 -20"><span class='ocrx_word' id='word_1_100' title='bbox 361 2036 431 2124; x_wconf 71' lang='grc' dir='ltr'><em>ἔχει</em></span> <span class='ocrx_word' id='word_1_101' title='bbox 457 2038 584 2123; x_wconf 82' lang='grc' dir='ltr'><strong><em>μήποθ’</em></strong></span> <span class='ocrx_word' id='word_1_102' title='bbox 614 2041 694 2123; x_wconf 81' lang='grc' dir='ltr'><strong><em>ἡμῖν</em></strong></span> <span class='ocrx_word' id='word_1_103' title='bbox 720 2040 839 2123; x_wconf 79' lang='grc' dir='ltr'><em>ἀψεγὲς</em></span> <span class='ocrx_word' id='word_1_104' title='bbox 862 2044 967 2104; x_wconf 77' lang='grc' dir='ltr'><strong><em>πελᾶν</em></strong></span> <span class='ocrx_word' id='word_1_105' title='bbox 990 2038 1086 2123; x_wconf 81' lang='grc' dir='ltr'><strong><em>τέρας</em></strong></span> <span class='ocrx_word' id='word_1_106' title='bbox 1108 2051 1178 2117; x_wconf 83' lang='grc' dir='ltr'><strong><em>τοῖς</em></strong></span> <span class='ocrx_word' id='word_1_107' title='bbox 1201 2041 1305 2123; x_wconf 74' lang='grc' dir='ltr'><strong><em>δρῶσι</em></strong></span> <span class='ocrx_word' id='word_1_108' title='bbox 1329 2037 1383 2104; x_wconf 83' lang='grc' dir='ltr'><strong>καὶ</strong></span> <span class='ocrx_word' id='word_1_109' title='bbox 1408 2040 1601 2124; x_wconf 69' lang='grc' dir='ltr'><strong><em>συνδρῶσιν</em></strong></span> 
     </span>
     <span class='ocr_line' id='line_1_15' title="bbox 364 2146 1599 2232; baseline 0.002 -23"><span class='ocrx_word' id='word_1_110' title='bbox 364 2169 430 2211; x_wconf 90' lang='lat' dir='ltr'><strong>non</strong></span> <span class='ocrx_word' id='word_1_111' title='bbox 462 2151 618 2232; x_wconf 87' lang='lat' dir='ltr'><strong>occupata</strong></span> <span class='ocrx_word' id='word_1_112' title='bbox 649 2151 755 2211; x_wconf 89' lang='lat' dir='ltr'><strong>mente</strong></span> <span class='ocrx_word' id='word_1_113' title='bbox 784 2146 1001 2231; x_wconf 80' lang='lat' dir='ltr'><strong>perspexisset</strong></span> <span class='ocrx_word' id='word_1_114' title='bbox 1028 2146 1263 2232; x_wconf 84' lang='lat' dir='ltr'><strong>diligenterque</strong></span> <span class='ocrx_word' id='word_1_115' title='bbox 1290 2150 1493 2230; x_wconf 81' lang='lat' dir='ltr'><strong>temptasset,</strong></span> <span class='ocrx_word' id='word_1_116' title='bbox 1525 2167 1599 2211; x_wconf 90' lang='lat' dir='ltr'><strong>eum</strong></span> 
     </span>
     <span class='ocr_line' id='line_1_16' title="bbox 365 2253 1598 2339; baseline 0.002 -22"><span class='ocrx_word' id='word_1_117' title='bbox 365 2254 512 2319; x_wconf 90' lang='lat' dir='ltr'><strong>dubitare</strong></span> <span class='ocrx_word' id='word_1_118' title='bbox 530 2276 598 2319; x_wconf 90' lang='lat' dir='ltr'><strong>non</strong></span> <span class='ocrx_word' id='word_1_119' title='bbox 616 2276 711 2339; x_wconf 92' lang='lat' dir='ltr'><strong>posse</strong></span> <span class='ocrx_word' id='word_1_120' title='bbox 729 2253 930 2337; x_wconf 88' lang='lat' dir='ltr'><strong>putabamus,</strong></span> <span class='ocrx_word' id='word_1_121' title='bbox 948 2253 1119 2318; x_wconf 90' lang='lat' dir='ltr'><strong>mulierum</strong></span> <span class='ocrx_word' id='word_1_122' title='bbox 1133 2253 1374 2337; x_wconf 85' lang='lat' dir='ltr'><strong>Mycenensium</strong></span> <span class='ocrx_word' id='word_1_123' title='bbox 1392 2256 1533 2319; x_wconf 90' lang='lat' dir='ltr'><strong>mentem</strong></span> <span class='ocrx_word' id='word_1_124' title='bbox 1546 2254 1598 2319; x_wconf 91' lang='lat' dir='ltr'><strong>his</strong></span> 
     </span>
     <span class='ocr_line' id='line_1_17' title="bbox 363 2358 1602 2448; baseline 0.001 -23"><span class='ocrx_word' id='word_1_125' title='bbox 363 2361 430 2435; x_wconf 77' lang='lat' dir='ltr'><strong>fere</strong></span> <span class='ocrx_word' id='word_1_126' title='bbox 453 2360 560 2426; x_wconf 79' lang='lat' dir='ltr'><strong>verbis</strong></span> <span class='ocrx_word' id='word_1_127' title='bbox 580 2382 762 2444; x_wconf 86' lang='lat' dir='ltr'><strong>expressam</strong></span> <span class='ocrx_word' id='word_1_128' title='bbox 780 2362 891 2445; x_wconf 90' lang='lat' dir='ltr'><strong>teneri,</strong></span> <span class='ocrx_word' id='word_1_129' title='bbox 914 2359 1083 2445; x_wconf 80' lang='grc' dir='ltr'><em>τοιγάρτοι</em></span> <span class='ocrx_word' id='word_1_130' title='bbox 1103 2384 1142 2445; x_wconf 86' lang='grc' dir='ltr'><strong>με</strong></span> <span class='ocrx_word' id='word_1_131' title='bbox 1160 2358 1238 2445; x_wconf 79' lang='grc' dir='ltr'><em>ἔχει,</em></span> <span class='ocrx_word' id='word_1_132' title='bbox 1260 2362 1384 2444; x_wconf 77' lang='grc' dir='ltr'><strong><em>μήποτε</em></strong></span> <span class='ocrx_word' id='word_1_133' title='bbox 1402 2359 1499 2446; x_wconf 77' lang='grc' dir='ltr'><strong><em>τέρας</em></strong></span> <span class='ocrx_word' id='word_1_134' title='bbox 1517 2367 1602 2448; x_wconf 70' lang='grc' dir='ltr'><strong><em>πελά</em></strong></span> 
     </span>
     <span class='ocr_line' id='line_1_18' title="bbox 364 2464 1600 2554; baseline 0 -21"><span class='ocrx_word' id='word_1_135' title='bbox 364 2479 433 2545; x_wconf 78' lang='grc' dir='ltr'><strong><em>τοῖς</em></strong></span> <span class='ocrx_word' id='word_1_136' title='bbox 456 2470 558 2554; x_wconf 77' lang='grc' dir='ltr'><strong><em>δρῶσι</em></strong></span> <span class='ocrx_word' id='word_1_137' title='bbox 577 2466 631 2532; x_wconf 77' lang='grc' dir='ltr'><strong>καὶ</strong></span> <span class='ocrx_word' id='word_1_138' title='bbox 650 2469 851 2552; x_wconf 75' lang='grc' dir='ltr'><strong><em>συνδρῶσιν,</em></strong></span> <span class='ocrx_word' id='word_1_139' title='bbox 870 2490 974 2552; x_wconf 90' lang='lat' dir='ltr'><strong>neque</strong></span> <span class='ocrx_word' id='word_1_140' title='bbox 993 2467 1165 2532; x_wconf 91' lang='lat' dir='ltr'><strong>desiderari</strong></span> <span class='ocrx_word' id='word_1_141' title='bbox 1184 2468 1224 2531; x_wconf 91' lang='lat' dir='ltr'><strong>ad</strong></span> <span class='ocrx_word' id='word_1_142' title='bbox 1244 2464 1309 2551; x_wconf 82' lang='grc' dir='ltr'><em>ἔχει</em></span> <span class='ocrx_word' id='word_1_143' title='bbox 1328 2468 1462 2532; x_wconf 82' lang='lat' dir='ltr'><strong>verbum</strong></span> <span class='ocrx_word' id='word_1_144' title='bbox 1481 2489 1600 2533; x_wconf 89' lang='lat' dir='ltr'><strong>nomen</strong></span> 
     </span>
     <span class='ocr_line' id='line_1_19' title="bbox 363 2573 1601 2661; baseline 0.002 -23"><span class='ocrx_word' id='word_1_145' title='bbox 363 2573 574 2661; x_wconf 85' lang='lat' dir='ltr'><strong>adiectum*),</strong></span> <span class='ocrx_word' id='word_1_146' title='bbox 597 2576 687 2640; x_wconf 91' lang='lat' dir='ltr'><strong>cuius</strong></span> <span class='ocrx_word' id='word_1_147' title='bbox 710 2576 760 2639; x_wconf 82' lang='lat' dir='ltr'><strong>vis</strong></span> <span class='ocrx_word' id='word_1_148' title='bbox 783 2576 874 2639; x_wconf 84' lang='lat' dir='ltr'><strong>verbi</strong></span> <span class='ocrx_word' id='word_1_149' title='bbox 897 2598 936 2642; x_wconf 84' lang='lat' dir='ltr'><strong>ex</strong></span> <span class='ocrx_word' id='word_1_150' title='bbox 954 2597 988 2637; x_wconf 92' lang='lat' dir='ltr'><strong>re</strong></span> <span class='ocrx_word' id='word_1_151' title='bbox 1008 2576 1078 2659; x_wconf 90' lang='lat' dir='ltr'><strong>ipsa</strong></span> <span class='ocrx_word' id='word_1_152' title='bbox 1096 2577 1340 2660; x_wconf 82' lang='lat' dir='ltr'><strong>perspiceretur,</strong></span> <span class='ocrx_word' id='word_1_153' title='bbox 1366 2597 1438 2640; x_wconf 94' lang='lat' dir='ltr'><strong>cum</strong></span> <span class='ocrx_word' id='word_1_154' title='bbox 1458 2598 1601 2660; x_wconf 90' lang='lat' dir='ltr'><strong>praeser-</strong></span> 
     </span>
     <span class='ocr_line' id='line_1_20' title="bbox 362 2681 1602 2767; baseline 0 -20"><span class='ocrx_word' id='word_1_155' title='bbox 362 2683 423 2747; x_wconf 91' lang='lat' dir='ltr'><strong>tim</strong></span> <span class='ocrx_word' id='word_1_156' title='bbox 448 2703 530 2765; x_wconf 92' lang='lat' dir='ltr'><strong>quae</strong></span> <span class='ocrx_word' id='word_1_157' title='bbox 552 2682 626 2747; x_wconf 91' lang='lat' dir='ltr'><strong>inde</strong></span> <span class='ocrx_word' id='word_1_158' title='bbox 649 2704 803 2765; x_wconf 88' lang='lat' dir='ltr'><strong>suspensa</strong></span> <span class='ocrx_word' id='word_1_159' title='bbox 826 2685 875 2745; x_wconf 91' lang='lat' dir='ltr'><strong>est</strong></span> <span class='ocrx_word' id='word_1_160' title='bbox 894 2681 1090 2747; x_wconf 88' lang='lat' dir='ltr'><strong>sententiaa</strong></span> <span class='ocrx_word' id='word_1_161' title='bbox 1108 2684 1232 2765; x_wconf 77' lang='grc' dir='ltr'><strong><em>μήποτε</em></strong></span> <span class='ocrx_word' id='word_1_162' title='bbox 1250 2683 1409 2767; x_wconf 87' lang='lat' dir='ltr'><strong>particula</strong></span> <span class='ocrx_word' id='word_1_163' title='bbox 1427 2686 1516 2751; x_wconf 89' lang='lat' dir='ltr'><strong>recta</strong></span> <span class='ocrx_word' id='word_1_164' title='bbox 1535 2706 1602 2749; x_wconf 82' lang='lat' dir='ltr'><strong>cer-</strong></span> 
     </span>
     <span class='ocr_line' id='line_1_21' title="bbox 362 2789 1642 2877; baseline 0.002 -26"><span class='ocrx_word' id='word_1_165' title='bbox 362 2789 488 2859; x_wconf 88' lang='lat' dir='ltr'><strong>tissime</strong></span> <span class='ocrx_word' id='word_1_166' title='bbox 507 2790 646 2875; x_wconf 88' lang='lat' dir='ltr'><strong>duceret,</strong></span> <span class='ocrx_word' id='word_1_167' title='bbox 664 2811 757 2853; x_wconf 91' lang='lat' dir='ltr'><strong>nemo</strong></span> <span class='ocrx_word' id='word_1_168' title='bbox 777 2793 814 2853; x_wconf 92' lang='lat' dir='ltr'><strong>ut</strong></span> <span class='ocrx_word' id='word_1_169' title='bbox 833 2789 996 2875; x_wconf 82' lang='lat' dir='ltr'><strong>ambigere</strong></span> <span class='ocrx_word' id='word_1_170' title='bbox 1015 2793 1125 2874; x_wconf 92' lang='lat' dir='ltr'><strong>posset</strong></span> <span class='ocrx_word' id='word_1_171' title='bbox 1144 2790 1236 2874; x_wconf 91' lang='lat' dir='ltr'><strong>quale</strong></span> <span class='ocrx_word' id='word_1_172' title='bbox 1255 2811 1374 2854; x_wconf 89' lang='lat' dir='ltr'><strong>nomen</strong></span> <span class='ocrx_word' id='word_1_173' title='bbox 1393 2791 1600 2877; x_wconf 78' lang='lat' dir='ltr'><strong>cogitaretur.</strong></span> <span class='ocrx_word' id='word_1_174' title='bbox 1616 2815 1642 2855; x_wconf 80' lang='lat' dir='ltr'><strong>ao</strong></span> 
     </span>
     <span class='ocr_line' id='line_1_22' title="bbox 362 2894 1601 2982; baseline 0.001 -22"><span class='ocrx_word' id='word_1_175' title='bbox 362 2894 477 2981; x_wconf 88' lang='lat' dir='ltr'><strong>ltaque</strong></span> <span class='ocrx_word' id='word_1_176' title='bbox 497 2898 543 2963; x_wconf 91' lang='lat' dir='ltr'><strong>sic</strong></span> <span class='ocrx_word' id='word_1_177' title='bbox 557 2897 714 2982; x_wconf 85' lang='lat' dir='ltr'><strong>rationem</strong></span> <span class='ocrx_word' id='word_1_178' title='bbox 730 2898 953 2980; x_wconf 83' lang='lat' dir='ltr'><strong>conclusimus,</strong></span> <span class='ocrx_word' id='word_1_179' title='bbox 967 2901 1006 2961; x_wconf 90' lang='lat' dir='ltr'><strong>ut</strong></span> <span class='ocrx_word' id='word_1_180' title='bbox 1020 2899 1122 2962; x_wconf 88' lang='lat' dir='ltr'><strong>oratio</strong></span> <span class='ocrx_word' id='word_1_181' title='bbox 1138 2900 1306 2981; x_wconf 89' lang='lat' dir='ltr'><strong>constaret,</strong></span> <span class='ocrx_word' id='word_1_182' title='bbox 1325 2919 1407 2980; x_wconf 90' lang='lat' dir='ltr'><strong>quae</strong></span> <span class='ocrx_word' id='word_1_183' title='bbox 1421 2899 1601 2964; x_wconf 86' lang='lat' dir='ltr'><strong>labeculam</strong></span> 
     </span>
     <span class='ocr_line' id='line_1_23' title="bbox 362 3003 1600 3089; baseline 0.001 -23"><span class='ocrx_word' id='word_1_184' title='bbox 362 3005 463 3068; x_wconf 85' lang='lat' dir='ltr'><strong>traxit</strong></span> <span class='ocrx_word' id='word_1_185' title='bbox 485 3005 520 3068; x_wconf 93' lang='lat' dir='ltr'><strong>in</strong></span> <span class='ocrx_word' id='word_1_186' title='bbox 543 3005 697 3068; x_wconf 90' lang='lat' dir='ltr'><strong>memoria</strong></span> <span class='ocrx_word' id='word_1_187' title='bbox 720 3003 848 3086; x_wconf 89' lang='lat' dir='ltr'><strong>codicis,</strong></span> <span class='ocrx_word' id='word_1_188' title='bbox 870 3004 954 3068; x_wconf 88' lang='lat' dir='ltr'><strong>nihil</strong></span> <span class='ocrx_word' id='word_1_189' title='bbox 976 3005 1096 3088; x_wconf 90' lang='lat' dir='ltr'><strong>requiri</strong></span> <span class='ocrx_word' id='word_1_190' title='bbox 1120 3005 1183 3068; x_wconf 87' lang='lat' dir='ltr'><strong>nisi</strong></span> <span class='ocrx_word' id='word_1_191' title='bbox 1205 3008 1242 3068; x_wconf 91' lang='lat' dir='ltr'><strong>ut</strong></span> <span class='ocrx_word' id='word_1_192' title='bbox 1265 3010 1371 3069; x_wconf 81' lang='grc' dir='ltr'><strong><em>πελᾶν</em></strong></span> <span class='ocrx_word' id='word_1_193' title='bbox 1394 3005 1482 3089; x_wconf 94' lang='lat' dir='ltr'><strong>quod</strong></span> <span class='ocrx_word' id='word_1_194' title='bbox 1505 3004 1600 3069; x_wconf 91' lang='lat' dir='ltr'><strong>nihili</strong></span> 
     </span>
     <span class='ocr_line' id='line_1_24' title="bbox 365 3111 1602 3196; baseline 0.002 -22"><span class='ocrx_word' id='word_1_195' title='bbox 365 3114 448 3174; x_wconf 87' lang='lat' dir='ltr'><strong>esset</strong></span> <span class='ocrx_word' id='word_1_196' title='bbox 472 3115 504 3174; x_wconf 90' lang='lat' dir='ltr'><strong>et</strong></span> <span class='ocrx_word' id='word_1_197' title='bbox 527 3133 605 3176; x_wconf 88' lang='lat' dir='ltr'><strong>sano</strong></span> <span class='ocrx_word' id='word_1_198' title='bbox 629 3113 736 3175; x_wconf 89' lang='lat' dir='ltr'><strong>sensui</strong></span> <span class='ocrx_word' id='word_1_199' title='bbox 758 3111 929 3176; x_wconf 83' lang='lat' dir='ltr'><strong>manifesto</strong></span> <span class='ocrx_word' id='word_1_200' title='bbox 952 3111 1169 3196; x_wconf 84' lang='lat' dir='ltr'><strong>refragaretur</strong></span> <span class='ocrx_word' id='word_1_201' title='bbox 1191 3112 1356 3176; x_wconf 88' lang='lat' dir='ltr'><strong>lenissimo</strong></span> <span class='ocrx_word' id='word_1_202' title='bbox 1381 3111 1475 3177; x_wconf 92' lang='lat' dir='ltr'><strong>modo</strong></span> <span class='ocrx_word' id='word_1_203' title='bbox 1497 3115 1602 3176; x_wconf 90' lang='lat' dir='ltr'><strong>muta-</strong></span> 
     </span>
     <span class='ocr_line' id='line_1_25' title="bbox 364 3218 1601 3304; baseline 0.002 -24"><span class='ocrx_word' id='word_1_204' title='bbox 364 3221 453 3282; x_wconf 89' lang='lat' dir='ltr'><strong>retur</strong></span> <span class='ocrx_word' id='word_1_205' title='bbox 474 3219 509 3282; x_wconf 90' lang='lat' dir='ltr'><strong>in</strong></span> <span class='ocrx_word' id='word_1_206' title='bbox 531 3223 622 3304; x_wconf 77' lang='grc' dir='ltr'><strong><em>πελᾷ,</em></strong></span> <span class='ocrx_word' id='word_1_207' title='bbox 645 3240 741 3302; x_wconf 91' lang='lat' dir='ltr'><strong>quam</strong></span> <span class='ocrx_word' id='word_1_208' title='bbox 765 3218 902 3283; x_wconf 90' lang='lat' dir='ltr'><strong>formam</strong></span> <span class='ocrx_word' id='word_1_209' title='bbox 924 3218 1014 3283; x_wconf 85' lang='lat' dir='ltr'><strong>verbi</strong></span> <span class='ocrx_word' id='word_1_210' title='bbox 1039 3220 1110 3302; x_wconf 91' lang='lat' dir='ltr'><strong>ipsa</strong></span> <span class='ocrx_word' id='word_1_211' title='bbox 1132 3219 1309 3283; x_wconf 88' lang='lat' dir='ltr'><strong>sententiae</strong></span> <span class='ocrx_word' id='word_1_212' title='bbox 1327 3222 1491 3283; x_wconf 90' lang='lat' dir='ltr'><strong>structura</strong></span> <span class='ocrx_word' id='word_1_213' title='bbox 1509 3219 1601 3304; x_wconf 86' lang='lat' dir='ltr'><strong>flagi-</strong></span> 
     </span>
    </p>

    <p class='ocr_par' dir='ltr' id='par_1_7' title="bbox 328 3319 1603 3518">
     <span class='ocr_line' id='line_1_26' title="bbox 328 3319 1603 3418; baseline 0.002 -29"><span class='ocrx_word' id='word_1_214' title='bbox 328 3319 461 3409; x_wconf 60' lang='lat' dir='ltr'><strong>staret,</strong></span> <span class='ocrx_word' id='word_1_215' title='bbox 489 3347 695 3390; x_wconf 89' lang='lat' dir='ltr'><strong>numerorum</strong></span> <span class='ocrx_word' id='word_1_216' title='bbox 724 3330 831 3390; x_wconf 89' lang='lat' dir='ltr'><strong>autem</strong></span> <span class='ocrx_word' id='word_1_217' title='bbox 857 3348 1020 3410; x_wconf 90' lang='lat' dir='ltr'><strong>mensura,</strong></span> <span class='ocrx_word' id='word_1_218' title='bbox 1049 3348 1144 3410; x_wconf 91' lang='lat' dir='ltr'><strong>quam</strong></span> <span class='ocrx_word' id='word_1_219' title='bbox 1167 3347 1313 3390; x_wconf 88' lang='lat' dir='ltr'><strong>mancam</strong></span> <span class='ocrx_word' id='word_1_220' title='bbox 1337 3326 1470 3390; x_wconf 88' lang='lat' dir='ltr'><strong>tradidit</strong></span> <span class='ocrx_word' id='word_1_221' title='bbox 1493 3327 1603 3418; x_wconf 79' lang='lat' dir='ltr'><strong>codex,</strong></span> 
     </span>
     <span class='ocr_line' id='line_1_27' title="bbox 333 3433 1603 3518; baseline -0.002 -20"><span class='ocrx_word' id='word_1_222' title='bbox 333 3489 336 3498; x_wconf 88' lang='lat'><strong>.</strong></span> <span class='ocrx_word' id='word_1_223' title='bbox 365 3435 402 3516; x_wconf 83' lang='lat' dir='ltr'><strong>ut</strong></span> <span class='ocrx_word' id='word_1_224' title='bbox 426 3433 637 3517; x_wconf 89' lang='lat' dir='ltr'><strong>suppleretur,</strong></span> <span class='ocrx_word' id='word_1_225' title='bbox 660 3433 866 3500; x_wconf 82' lang='lat' dir='ltr'><strong>verisimilius</strong></span> <span class='ocrx_word' id='word_1_226' title='bbox 889 3455 954 3498; x_wconf 92' lang='lat' dir='ltr'><strong>non</strong></span> <span class='ocrx_word' id='word_1_227' title='bbox 977 3454 1072 3517; x_wconf 90' lang='lat' dir='ltr'><strong>posse</strong></span> <span class='ocrx_word' id='word_1_228' title='bbox 1095 3433 1233 3497; x_wconf 85' lang='lat' dir='ltr'><strong>inveniri</strong></span> <span class='ocrx_word' id='word_1_229' title='bbox 1256 3456 1353 3518; x_wconf 90' lang='lat' dir='ltr'><strong>quam</strong></span> <span class='ocrx_word' id='word_1_230' title='bbox 1373 3433 1461 3516; x_wconf 90' lang='lat' dir='ltr'><strong>quod</strong></span> <span class='ocrx_word' id='word_1_231' title='bbox 1481 3433 1515 3497; x_wconf 92' lang='lat' dir='ltr'><strong>in</strong></span> <span class='ocrx_word' id='word_1_232' title='bbox 1533 3434 1603 3517; x_wconf 93' lang='lat' dir='ltr'><strong>qui·</strong></span> 
     </span>
    </p>

    <p class='ocr_par' dir='ltr' id='par_1_8' title="bbox 365 3538 1602 3733">
     <span class='ocr_line' id='line_1_28' title="bbox 365 3538 1600 3624; baseline 0.002 -22"><span class='ocrx_word' id='word_1_233' title='bbox 365 3538 500 3603; x_wconf 90' lang='lat' dir='ltr'><strong>busdam</strong></span> <span class='ocrx_word' id='word_1_234' title='bbox 520 3539 682 3604; x_wconf 90' lang='lat' dir='ltr'><strong>codicibus</strong></span> <span class='ocrx_word' id='word_1_235' title='bbox 702 3540 889 3605; x_wconf 91' lang='lat' dir='ltr'><strong>inchoatum</strong></span> <span class='ocrx_word' id='word_1_236' title='bbox 908 3544 965 3623; x_wconf 90' lang='lat' dir='ltr'><strong>est,</strong></span> <span class='ocrx_word' id='word_1_237' title='bbox 985 3543 1022 3605; x_wconf 90' lang='lat' dir='ltr'><strong>ut</strong></span> <span class='ocrx_word' id='word_1_238' title='bbox 1042 3541 1141 3604; x_wconf 91' lang='lat' dir='ltr'><strong>semel</strong></span> <span class='ocrx_word' id='word_1_239' title='bbox 1160 3541 1317 3624; x_wconf 91' lang='lat' dir='ltr'><strong>scriptum</strong></span> <span class='ocrx_word' id='word_1_240' title='bbox 1335 3541 1369 3603; x_wconf 91' lang='lat' dir='ltr'><strong>in</strong></span> <span class='ocrx_word' id='word_1_241' title='bbox 1384 3540 1600 3605; x_wconf 87' lang='lat' dir='ltr'><strong>Laurentiano</strong></span> 
     </span>
     <span class='ocr_line' id='line_1_29' title="bbox 365 3645 1602 3733; baseline -0.001 -23"><span class='ocrx_word' id='word_1_242' title='bbox 365 3646 490 3730; x_wconf 82' lang='grc' dir='ltr'><strong><em>μήποτε</em></strong></span> <span class='ocrx_word' id='word_1_243' title='bbox 518 3646 742 3732; x_wconf 80' lang='lat' dir='ltr'><strong>geminaretur.</strong></span> <span class='ocrx_word' id='word_1_244' title='bbox 784 3646 872 3724; x_wconf 88' lang='lat' dir='ltr'><strong>Quae</strong></span> <span class='ocrx_word' id='word_1_245' title='bbox 901 3647 1032 3731; x_wconf 90' lang='lat' dir='ltr'><strong>quidem</strong></span> <span class='ocrx_word' id='word_1_246' title='bbox 1060 3647 1234 3733; x_wconf 89' lang='lat' dir='ltr'><strong>geminatio</strong></span> <span class='ocrx_word' id='word_1_247' title='bbox 1261 3645 1359 3711; x_wconf 93' lang='lat' dir='ltr'><strong>huius</strong></span> <span class='ocrx_word' id='word_1_248' title='bbox 1388 3650 1420 3710; x_wconf 89' lang='lat' dir='ltr'><strong>et</strong></span> <span class='ocrx_word' id='word_1_249' title='bbox 1448 3645 1602 3710; x_wconf 92' lang='lat' dir='ltr'><strong>similium</strong></span> 
     </span>
    </p>
   </div>
   <div class='ocr_carea' id='block_1_3' title="bbox 363 3873 1605 5002">
    <p class='ocr_par' dir='ltr' id='par_1_9' title="bbox 363 3873 1605 4923">
     <span class='ocr_line' id='line_1_30' title="bbox 455 3873 1602 3946; baseline 0.002 -18"><span class='ocrx_word' id='word_1_250' title='bbox 455 3875 517 3945; x_wconf 85' lang='grc'>*18)</span> <span class='ocrx_word' id='word_1_251' title='bbox 538 3875 618 3940; x_wconf 80' lang='lat' dir='ltr'><strong>Quod</strong></span> <span class='ocrx_word' id='word_1_252' title='bbox 637 3876 667 3929; x_wconf 91' lang='lat' dir='ltr'><strong>iu</strong></span> <span class='ocrx_word' id='word_1_253' title='bbox 687 3876 801 3930; x_wconf 89' lang='lat' dir='ltr'><strong>scholiis</strong></span> <span class='ocrx_word' id='word_1_254' title='bbox 821 3876 857 3930; x_wconf 88' lang='lat' dir='ltr'><strong>ad</strong></span> <span class='ocrx_word' id='word_1_255' title='bbox 875 3895 899 3930; x_wconf 90' lang='lat' dir='ltr'><strong>v.</strong></span> <span class='ocrx_word' id='word_1_256' title='bbox 915 3883 967 3930; x_wconf 77' lang='lat'><strong>495</strong></span> <span class='ocrx_word' id='word_1_257' title='bbox 987 3878 1041 3946; x_wconf 83' lang='grc' dir='ltr'><strong><em>πρὸ</em></strong></span> <span class='ocrx_word' id='word_1_258' title='bbox 1056 3876 1144 3932; x_wconf 79' lang='grc' dir='ltr'><strong><em>τῶνδέ</em></strong></span> <span class='ocrx_word' id='word_1_259' title='bbox 1157 3873 1201 3930; x_wconf 82' lang='grc' dir='ltr'><strong><em>τοί</em></strong></span> <span class='ocrx_word' id='word_1_260' title='bbox 1214 3874 1242 3946; x_wconf 82' lang='grc' dir='ltr'><strong>μ’</strong></span> <span class='ocrx_word' id='word_1_261' title='bbox 1262 3875 1318 3946; x_wconf 78' lang='grc' dir='ltr'><strong>ἔχει</strong></span> <span class='ocrx_word' id='word_1_262' title='bbox 1331 3878 1446 3945; x_wconf 87' lang='lat' dir='ltr'><strong>praetor</strong></span> <span class='ocrx_word' id='word_1_263' title='bbox 1459 3876 1516 3930; x_wconf 89' lang='lat' dir='ltr'><strong>alia</strong></span> <span class='ocrx_word' id='word_1_264' title='bbox 1531 3877 1602 3930; x_wconf 90' lang='lat' dir='ltr'><strong>haec</strong></span> 
     </span>
     <span class='ocr_line' id='line_1_31' title="bbox 364 3962 1603 4036; baseline 0.002 -19"><span class='ocrx_word' id='word_1_265' title='bbox 364 3965 514 4018; x_wconf 89' lang='lat' dir='ltr'><strong>adnotatio</strong></span> <span class='ocrx_word' id='word_1_266' title='bbox 538 3963 628 4018; x_wconf 89' lang='lat' dir='ltr'><strong>fertur</strong></span> <span class='ocrx_word' id='word_1_267' title='bbox 650 3965 718 4035; x_wconf 78' lang='grc' dir='ltr'><strong>ἔχει</strong></span> <span class='ocrx_word' id='word_1_268' title='bbox 737 3965 879 4031; x_wconf 74' lang='grc' dir='ltr'><strong><em>θάρσοςε</em></strong></span> <span class='ocrx_word' id='word_1_269' title='bbox 902 3964 934 4021; x_wconf 81' lang='grc' dir='ltr'><strong>τό</strong></span> <span class='ocrx_word' id='word_1_270' title='bbox 953 3987 1007 4021; x_wconf 82' lang='grc' dir='ltr'><strong><em>τοι</em></strong></span> <span class='ocrx_word' id='word_1_271' title='bbox 1027 3967 1180 4036; x_wconf 75' lang='grc' dir='ltr'><strong><em>σύνδεσμος</em></strong></span> <span class='ocrx_word' id='word_1_272' title='bbox 1198 3962 1503 4034; x_wconf 74' lang='grc' dir='ltr'><strong><em>παραπληρωμοπικός,</em></strong></span> <span class='ocrx_word' id='word_1_273' title='bbox 1527 3966 1603 4020; x_wconf 87' lang='lat' dir='ltr'><strong>undo</strong></span> 
     </span>
     <span class='ocr_line' id='line_1_32' title="bbox 365 4052 1603 4126; baseline 0.001 -19"><span class='ocrx_word' id='word_1_274' title='bbox 365 4054 514 4108; x_wconf 87' lang='lat' dir='ltr'><strong>Michaelis</strong></span> <span class='ocrx_word' id='word_1_275' title='bbox 542 4052 573 4106; x_wconf 90' lang='lat' dir='ltr'><strong>in</strong></span> <span class='ocrx_word' id='word_1_276' title='bbox 596 4054 798 4123; x_wconf 88' lang='lat' dir='ltr'><strong>scripturarum</strong></span> <span class='ocrx_word' id='word_1_277' title='bbox 821 4070 938 4109; x_wconf 88' lang='lat' dir='ltr'><strong>recensu</strong></span> <span class='ocrx_word' id='word_1_278' title='bbox 961 4055 1017 4126; x_wconf 73' lang='grc' dir='ltr'><strong>ἔχει</strong></span> <span class='ocrx_word' id='word_1_279' title='bbox 1040 4055 1148 4123; x_wconf 77' lang='grc' dir='ltr'><strong><em>θάρσος</em></strong></span> <span class='ocrx_word' id='word_1_280' title='bbox 1170 4058 1317 4124; x_wconf 85' lang='lat' dir='ltr'><strong>tamquam</strong></span> <span class='ocrx_word' id='word_1_281' title='bbox 1341 4054 1512 4108; x_wconf 88' lang='lat' dir='ltr'><strong>scholiorum</strong></span> <span class='ocrx_word' id='word_1_282' title='bbox 1536 4055 1603 4108; x_wconf 90' lang='lat' dir='ltr'><strong>scri·</strong></span> 
     </span>
     <span class='ocr_line' id='line_1_33' title="bbox 363 4142 1604 4212; baseline 0.002 -16"><span class='ocrx_word' id='word_1_283' title='bbox 363 4147 480 4212; x_wconf 89' lang='lat' dir='ltr'><strong>pturam</strong></span> <span class='ocrx_word' id='word_1_284' title='bbox 498 4143 592 4210; x_wconf 83' lang='lat' dir='ltr'><strong>refert,</strong></span> <span class='ocrx_word' id='word_1_285' title='bbox 611 4143 646 4196; x_wconf 92' lang='lat' dir='ltr'><strong>de</strong></span> <span class='ocrx_word' id='word_1_286' title='bbox 665 4142 748 4196; x_wconf 90' lang='lat' dir='ltr'><strong>huius</strong></span> <span class='ocrx_word' id='word_1_287' title='bbox 768 4143 868 4197; x_wconf 91' lang='lat' dir='ltr'><strong>scholii</strong></span> <span class='ocrx_word' id='word_1_288' title='bbox 886 4145 995 4196; x_wconf 88' lang='lat' dir='ltr'><strong>ratione</strong></span> <span class='ocrx_word' id='word_1_289' title='bbox 1014 4161 1070 4198; x_wconf 89' lang='lat' dir='ltr'><strong>non</strong></span> <span class='ocrx_word' id='word_1_290' title='bbox 1089 4147 1165 4198; x_wconf 88' lang='lat' dir='ltr'><strong>recte</strong></span> <span class='ocrx_word' id='word_1_291' title='bbox 1183 4144 1304 4197; x_wconf 91' lang='lat' dir='ltr'><strong>indicari</strong></span> <span class='ocrx_word' id='word_1_292' title='bbox 1322 4143 1446 4211; x_wconf 66' lang='lat' dir='ltr'><strong>videtum</strong></span> <span class='ocrx_word' id='word_1_293' title='bbox 1466 4144 1542 4212; x_wconf 89' lang='lat' dir='ltr'><strong>quod</strong></span> <span class='ocrx_word' id='word_1_294' title='bbox 1562 4145 1604 4198; x_wconf 92' lang='lat' dir='ltr'><strong>sic</strong></span> 
     </span>
     <span class='ocr_line' id='line_1_34' title="bbox 365 4230 1604 4302; baseline 0.001 -16"><span class='ocrx_word' id='word_1_295' title='bbox 365 4232 516 4301; x_wconf 89' lang='lat' dir='ltr'><strong>opinamur</strong></span> <span class='ocrx_word' id='word_1_296' title='bbox 534 4230 713 4286; x_wconf 87' lang='lat' dir='ltr'><strong>scribendum</strong></span> <span class='ocrx_word' id='word_1_297' title='bbox 732 4234 774 4284; x_wconf 90' lang='lat' dir='ltr'><strong>est</strong></span> <span class='ocrx_word' id='word_1_298' title='bbox 793 4231 873 4302; x_wconf 67' lang='grc' dir='ltr'><strong>ἔχεις</strong></span> <span class='ocrx_word' id='word_1_299' title='bbox 893 4231 1011 4300; x_wconf 78' lang='grc' dir='ltr'><strong><em>θάρσος,</em></strong></span> <span class='ocrx_word' id='word_1_300' title='bbox 1031 4232 1132 4286; x_wconf 88' lang='lat' dir='ltr'><strong>deinde</strong></span> <span class='ocrx_word' id='word_1_301' title='bbox 1152 4233 1281 4301; x_wconf 89' lang='lat' dir='ltr'><strong>sequitur</strong></span> <span class='ocrx_word' id='word_1_302' title='bbox 1299 4233 1390 4287; x_wconf 90' lang='lat' dir='ltr'><strong>altera</strong></span> <span class='ocrx_word' id='word_1_303' title='bbox 1404 4233 1551 4287; x_wconf 85' lang='lat' dir='ltr'><strong>adnotatio</strong></span> <span class='ocrx_word' id='word_1_304' title='bbox 1567 4233 1604 4287; x_wconf 90' lang='lat' dir='ltr'><strong>ad</strong></span> 
     </span>
     <span class='ocr_line' id='line_1_35' title="bbox 364 4319 1605 4390; baseline 0.002 -16"><span class='ocrx_word' id='word_1_305' title='bbox 364 4320 487 4375; x_wconf 89' lang='lat' dir='ltr'><strong>eundem</strong></span> <span class='ocrx_word' id='word_1_306' title='bbox 506 4338 615 4374; x_wconf 89' lang='lat' dir='ltr'><strong>versum</strong></span> <span class='ocrx_word' id='word_1_307' title='bbox 634 4321 683 4374; x_wconf 89' lang='lat' dir='ltr'><strong>sed</strong></span> <span class='ocrx_word' id='word_1_308' title='bbox 703 4321 740 4373; x_wconf 88' lang='lat' dir='ltr'><strong>ad</strong></span> <span class='ocrx_word' id='word_1_309' title='bbox 758 4340 801 4375; x_wconf 80' lang='grc' dir='ltr'><strong><em>τοι</em></strong></span> <span class='ocrx_word' id='word_1_310' title='bbox 819 4321 988 4389; x_wconf 86' lang='lat' dir='ltr'><strong>particulam</strong></span> <span class='ocrx_word' id='word_1_311' title='bbox 1008 4321 1151 4389; x_wconf 89' lang='lat' dir='ltr'><strong>pertinens</strong></span> <span class='ocrx_word' id='word_1_312' title='bbox 1171 4319 1202 4375; x_wconf 80' lang='grc' dir='ltr'><strong>τό</strong></span> <span class='ocrx_word' id='word_1_313' title='bbox 1220 4342 1273 4376; x_wconf 82' lang='grc' dir='ltr'><strong><em>τοι</em></strong></span> <span class='ocrx_word' id='word_1_314' title='bbox 1292 4321 1444 4390; x_wconf 79' lang='grc' dir='ltr'><strong><em>σύνδεσμος</em></strong></span> <span class='ocrx_word' id='word_1_315' title='bbox 1461 4340 1491 4376; x_wconf 82' lang='grc' dir='ltr'><strong>π.</strong></span> <span class='ocrx_word' id='word_1_316' title='bbox 1524 4322 1605 4376; x_wconf 86' lang='lat' dir='ltr'><strong>Nihil</strong></span> 
     </span>
     <span class='ocr_line' id='line_1_36' title="bbox 365 4407 1604 4480; baseline 0.002 -18"><span class='ocrx_word' id='word_1_317' title='bbox 365 4409 413 4464; x_wconf 92' lang='lat' dir='ltr'><strong>hic</strong></span> <span class='ocrx_word' id='word_1_318' title='bbox 431 4410 569 4478; x_wconf 87' lang='lat' dir='ltr'><strong>interpres</strong></span> <span class='ocrx_word' id='word_1_319' title='bbox 588 4408 643 4462; x_wconf 88' lang='lat' dir='ltr'><strong>nisi</strong></span> <span class='ocrx_word' id='word_1_320' title='bbox 663 4407 719 4478; x_wconf 75' lang='grc' dir='ltr'><strong>ἔχει</strong></span> <span class='ocrx_word' id='word_1_321' title='bbox 738 4408 845 4480; x_wconf 88' lang='lat' dir='ltr'><strong>legerat</strong></span> <span class='ocrx_word' id='word_1_322' title='bbox 864 4409 914 4462; x_wconf 88' lang='lat' dir='ltr'><strong>sed</strong></span> <span class='ocrx_word' id='word_1_323' title='bbox 933 4407 1057 4478; x_wconf 84' lang='lat' dir='ltr'><strong>intelligi</strong></span> <span class='ocrx_word' id='word_1_324' title='bbox 1072 4408 1179 4477; x_wconf 81' lang='grc' dir='ltr'><strong><em>θάρσος</em></strong></span> <span class='ocrx_word' id='word_1_325' title='bbox 1193 4411 1309 4464; x_wconf 88' lang='lat' dir='ltr'><strong>indicat.</strong></span> <span class='ocrx_word' id='word_1_326' title='bbox 1344 4411 1384 4464; x_wconf 90' lang='lat' dir='ltr'><strong>Dc</strong></span> <span class='ocrx_word' id='word_1_327' title='bbox 1400 4410 1487 4464; x_wconf 90' lang='lat' dir='ltr'><strong>simili</strong></span> <span class='ocrx_word' id='word_1_328' title='bbox 1502 4427 1604 4480; x_wconf 89' lang='lat' dir='ltr'><strong>genere</strong></span> 
     </span>
     <span class='ocr_line' id='line_1_37' title="bbox 367 4497 1605 4568; baseline 0 -16"><span class='ocrx_word' id='word_1_329' title='bbox 367 4499 538 4553; x_wconf 88' lang='lat' dir='ltr'><strong>scholiorum</strong></span> <span class='ocrx_word' id='word_1_330' title='bbox 561 4499 591 4551; x_wconf 91' lang='lat' dir='ltr'><strong>in</strong></span> <span class='ocrx_word' id='word_1_331' title='bbox 613 4498 756 4567; x_wconf 91' lang='lat' dir='ltr'><strong>prooemio</strong></span> <span class='ocrx_word' id='word_1_332' title='bbox 776 4516 800 4551; x_wconf 93' lang='lat' dir='ltr'><strong>a.</strong></span> <span class='ocrx_word' id='word_1_333' title='bbox 817 4502 886 4550; x_wconf 83' lang='lat'>1883</span> <span class='ocrx_word' id='word_1_334' title='bbox 902 4516 929 4567; x_wconf 86' lang='lat' dir='ltr'><strong>p.</strong></span> <span class='ocrx_word' id='word_1_335' title='bbox 947 4503 962 4550; x_wconf 84' lang='lat'><strong>5</strong></span> <span class='ocrx_word' id='word_1_336' title='bbox 982 4497 1022 4565; x_wconf 92' lang='lat' dir='ltr'><strong>(P.</strong></span> <span class='ocrx_word' id='word_1_337' title='bbox 1038 4515 1088 4566; x_wconf 90' lang='lat' dir='ltr'><strong>rp.</strong></span> <span class='ocrx_word' id='word_1_338' title='bbox 1104 4502 1199 4568; x_wconf 80' lang='lat' dir='ltr'><strong>200s.)</strong></span> <span class='ocrx_word' id='word_1_339' title='bbox 1220 4499 1327 4553; x_wconf 89' lang='lat' dir='ltr'><strong>dictum</strong></span> <span class='ocrx_word' id='word_1_340' title='bbox 1347 4503 1397 4553; x_wconf 93' lang='lat' dir='ltr'><strong>est.</strong></span> <span class='ocrx_word' id='word_1_341' title='bbox 1417 4499 1503 4552; x_wconf 94' lang='lat' dir='ltr'><strong>-In</strong></span> <span class='ocrx_word' id='word_1_342' title='bbox 1522 4517 1605 4554; x_wconf 88' lang='lat' dir='ltr'><strong>versu</strong></span> 
     </span>
     <span class='ocr_line' id='line_1_38' title="bbox 367 4586 1603 4658; baseline 0 -18"><span class='ocrx_word' id='word_1_343' title='bbox 367 4586 532 4657; x_wconf 82' lang='lat' dir='ltr'><strong>Sophoclis,</strong></span> <span class='ocrx_word' id='word_1_344' title='bbox 560 4589 593 4641; x_wconf 93' lang='lat' dir='ltr'><strong>ut</strong></span> <span class='ocrx_word' id='word_1_345' title='bbox 616 4588 669 4641; x_wconf 91' lang='lat' dir='ltr'><strong>hoc</strong></span> <span class='ocrx_word' id='word_1_346' title='bbox 692 4587 826 4651; x_wconf 86' lang='lat' dir='ltr'><strong>addatur,</strong></span> <span class='ocrx_word' id='word_1_347' title='bbox 851 4587 906 4656; x_wconf 74' lang='grc' dir='ltr'><em>ἔχει</em></span> <span class='ocrx_word' id='word_1_348' title='bbox 928 4587 1053 4655; x_wconf 91' lang='lat' dir='ltr'><strong>positum</strong></span> <span class='ocrx_word' id='word_1_349' title='bbox 1077 4588 1120 4640; x_wconf 89' lang='lat' dir='ltr'><strong>est</strong></span> <span class='ocrx_word' id='word_1_350' title='bbox 1143 4603 1198 4640; x_wconf 91' lang='lat' dir='ltr'><strong>non</strong></span> <span class='ocrx_word' id='word_1_351' title='bbox 1223 4588 1308 4642; x_wconf 89' lang='lat' dir='ltr'><strong>aliter</strong></span> <span class='ocrx_word' id='word_1_352' title='bbox 1331 4592 1417 4658; x_wconf 89' lang='lat' dir='ltr'><strong>atque</strong></span> <span class='ocrx_word' id='word_1_353' title='bbox 1440 4589 1470 4642; x_wconf 90' lang='lat' dir='ltr'><strong>in</strong></span> <span class='ocrx_word' id='word_1_354' title='bbox 1494 4588 1603 4655; x_wconf 90' lang='lat' dir='ltr'><strong>Oedipo</strong></span> 
     </span>
     <span class='ocr_line' id='line_1_39' title="bbox 367 4673 1605 4747; baseline 0.002 -18"><span class='ocrx_word' id='word_1_355' title='bbox 367 4677 399 4730; x_wconf 78' lang='lat' dir='ltr'><strong>R.</strong></span> <span class='ocrx_word' id='word_1_356' title='bbox 417 4681 468 4729; x_wconf 76' lang='lat'><strong>‘126</strong></span> <span class='ocrx_word' id='word_1_357' title='bbox 493 4673 554 4731; x_wconf 76' lang='grc' dir='ltr'><strong><em>οἶόν</em></strong></span> <span class='ocrx_word' id='word_1_358' title='bbox 578 4674 607 4746; x_wconf 87' lang='grc' dir='ltr'><strong>μ’</strong></span> <span class='ocrx_word' id='word_1_359' title='bbox 634 4675 786 4731; x_wconf 76' lang='grc' dir='ltr'><strong><em>ἀκούσαντ’</em></strong></span> <span class='ocrx_word' id='word_1_360' title='bbox 807 4675 908 4742; x_wconf 83' lang='grc' dir='ltr'><strong><em>άρτίοος</em></strong></span> <span class='ocrx_word' id='word_1_361' title='bbox 928 4676 1009 4747; x_wconf 78' lang='grc' dir='ltr'><strong><em>ἔχει,</em></strong></span> <span class='ocrx_word' id='word_1_362' title='bbox 1034 4676 1131 4744; x_wconf 78' lang='grc' dir='ltr'><strong><em>γύναι,</em></strong></span> <span class='ocrx_word' id='word_1_363' title='bbox 1154 4685 1247 4747; x_wconf 75' lang='grc' dir='ltr'><strong><em>ψυχῆς</em></strong></span> <span class='ocrx_word' id='word_1_364' title='bbox 1270 4677 1402 4746; x_wconf 76' lang='grc' dir='ltr'><strong><em>πλάνημοι</em></strong></span> <span class='ocrx_word' id='word_1_365' title='bbox 1420 4677 1605 4746; x_wconf 80' lang='grc' dir='ltr'><strong><em>κάνακίνησις</em></strong></span> 
     </span>
     <span class='ocr_line' id='line_1_40' title="bbox 366 4765 1603 4834; baseline -0.001 -15"><span class='ocrx_word' id='word_1_366' title='bbox 366 4776 490 4833; x_wconf 79' lang='grc' dir='ltr'><strong><em>φρενῶν,</em></strong></span> <span class='ocrx_word' id='word_1_367' title='bbox 504 4765 559 4818; x_wconf 91' lang='lat' dir='ltr'><strong>nisi</strong></span> <span class='ocrx_word' id='word_1_368' title='bbox 574 4767 650 4834; x_wconf 88' lang='lat' dir='ltr'><strong>quod</strong></span> <span class='ocrx_word' id='word_1_369' title='bbox 664 4766 694 4819; x_wconf 89' lang='lat' dir='ltr'><strong>in</strong></span> <span class='ocrx_word' id='word_1_370' title='bbox 708 4765 819 4820; x_wconf 83' lang='lat' dir='ltr'><strong>Electra</strong></span> <span class='ocrx_word' id='word_1_371' title='bbox 833 4765 906 4819; x_wconf 91' lang='lat' dir='ltr'><strong>nihil</strong></span> <span class='ocrx_word' id='word_1_372' title='bbox 920 4765 1042 4818; x_wconf 92' lang='lat' dir='ltr'><strong>nominis</strong></span> <span class='ocrx_word' id='word_1_373' title='bbox 1057 4765 1187 4819; x_wconf 90' lang='lat' dir='ltr'><strong>additum</strong></span> <span class='ocrx_word' id='word_1_374' title='bbox 1202 4769 1245 4820; x_wconf 91' lang='lat' dir='ltr'><strong>est</strong></span> <span class='ocrx_word' id='word_1_375' title='bbox 1259 4769 1292 4820; x_wconf 92' lang='lat' dir='ltr'><strong>ut</strong></span> <span class='ocrx_word' id='word_1_376' title='bbox 1299 4766 1371 4819; x_wconf 91' lang='lat' dir='ltr'><strong>nihil</strong></span> <span class='ocrx_word' id='word_1_377' title='bbox 1382 4766 1603 4820; x_wconf 85' lang='lat' dir='ltr'><strong>desiderabatur.</strong></span> 
     </span>
     <span class='ocr_line' id='line_1_41' title="bbox 367 4854 1190 4923; baseline -0.002 -13"><span class='ocrx_word' id='word_1_378' title='bbox 367 4856 413 4910; x_wconf 81' lang='lat' dir='ltr'><strong>Es</strong></span> <span class='ocrx_word' id='word_1_379' title='bbox 429 4857 500 4922; x_wconf 68' lang='grc' dir='ltr'><strong><em>[οσον</em></strong></span> <span class='ocrx_word' id='word_1_380' title='bbox 518 4855 588 4909; x_wconf 77' lang='grc' dir='ltr'><strong><em>νάάι</em></strong></span> <span class='ocrx_word' id='word_1_381' title='bbox 605 4856 663 4908; x_wconf 80' lang='lat' dir='ltr'><strong>kalt</strong></span> <span class='ocrx_word' id='word_1_382' title='bbox 681 4857 750 4910; x_wconf 80' lang='lat' dir='ltr'><strong>beina</strong></span> <span class='ocrx_word' id='word_1_383' title='bbox 768 4855 890 4922; x_wconf 74' lang='lat' dir='ltr'><strong>Scbopfe,</strong></span> <span class='ocrx_word' id='word_1_384' title='bbox 909 4855 1005 4922; x_wconf 91' lang='lat' dir='ltr'><strong>inquit</strong></span> <span class='ocrx_word' id='word_1_385' title='bbox 1022 4854 1190 4923; x_wconf 88' lang='lat' dir='ltr'><strong>Margareta.</strong></span> 
     </span>
    </p>

    <p class='ocr_par' dir='ltr' id='par_1_10' title="bbox 423 4951 1370 5002">
     <span class='ocr_line' id='line_1_42' title="bbox 423 4951 1370 5002; baseline 0.005 -10"><span class='ocrx_word' id='word_1_386' title='bbox 423 4953 551 4993; x_wconf 84' lang='lat' dir='ltr'><strong>Vahleni</strong></span> <span class='ocrx_word' id='word_1_387' title='bbox 566 4956 677 5002; x_wconf 80' lang='lat' dir='ltr'><strong>opuscula</strong></span> <span class='ocrx_word' id='word_1_388' title='bbox 691 4955 722 4994; x_wconf 76' lang='lat' dir='ltr'><strong>[L</strong></span> <span class='ocrx_word' id='word_1_389' title='bbox 1338 4951 1370 4997; x_wconf 89' lang='lat' dir='ltr'><strong>ll</strong></span> 
     </span>
    </p>
   </div>
   <div class='ocr_carea' id='block_1_4' title="bbox 0 0 2007 5725">
    <p class='ocr_par' dir='ltr' id='par_1_11' title="bbox 0 0 2007 5725">
     <span class='ocr_line' id='line_1_43' title="bbox 0 0 2007 5725; baseline 0 0"><span class='ocrx_word' id='word_1_390' title='bbox 0 0 2007 5725; x_wconf 95' lang='lat' dir='ltr'><strong> </strong></span> 
     </span>
    </p>
   </div>
  </div>
 </body>
</html>
