3967 5725
481 623 683 674 DEFORMIS
703 623 916 686 QUIBUSDAM
935 622 1161 674 SENTENTIAE
1180 622 1469 674 COMPARATIVAE.
1526 619 1590 682 201

492 784 638 848 similiter
659 784 761 864 facere
783 804 833 849 eos
855 785 910 866 qui
929 787 1013 850 inter
1030 805 1062 849 se
1079 785 1300 861 contenderent,
1322 789 1390 847 uter
1401 784 1510 866 potius
1527 803 1593 847 rem

531 890 693 972 publicam
725 891 976 971 administraret,
1007 897 1047 955 ut
1077 892 1112 956 si
1144 896 1284 956 nautae
1311 896 1497 956 certarent
1523 891 1594 972 quis

538 1017 642 1062 eorum
658 998 861 1079 potissimum
882 999 1074 1081 puberuaret.

361 1102 483 1168 Catone
506 1104 579 1167 mai,
602 1104 656 1187 19,
678 1103 717 1167 71

493 1212 698 1276 adulescentes
717 1212 796 1275 mibi
814 1213 895 1276 mori
911 1212 958 1277 sie
975 1211 1128 1290 uidentem,
1146 1218 1180 1276 ut
1198 1232 1267 1276 mm
1282 1231 1382 1292 oquae
1395 1211 1595 1275 multitudine

537 1318 686 1399 flammae
703 1320 752 1383 ois
769 1320 966 1400 opprimitur,
985 1338 1071 1383 senes
1089 1324 1193 1383 outun
1210 1320 1264 1397 sio,
1281 1323 1317 1382 ut
1334 1339 1403 1382 mm
1417 1337 1477 1382 erro
1489 1323 1596 1398 sparte

538 1427 624 1509 ipuis
646 1427 861 1507 eadiupuitm.

360 1529 424 1596 Sed
448 1535 517 1597 esto
542 1531 580 1596 de
603 1531 773 1614 Propertio
797 1535 829 1595 st
852 1531 914 1596 ista
936 1531 1189 1615 transpositione
1211 1531 1394 1614 verborum,
1417 1553 1481 1615 qua
1498 1530 1594 1595 nobis

361 1638 489 1721 quidem
520 1659 595 1702 cura
617 1639 819 1724 grammatici
842 1640 931 1704 color
952 1640 1099 1724 poeticus
1125 1639 1280 1703 credonis
1304 1638 1404 1704 deteri
1427 1659 1464 1702 ac
1486 1637 1595 1702 vitiari

360 1745 500 1810 videtur:
524 1742 700 1810 Claudiano
720 1748 805 1810 certe
824 1767 864 1810 ne
883 1746 930 1812 sie
949 1746 1079 1830 quidem
1098 1746 1307 1830 succurritnr;
1328 1761 1424 1828 quem
1444 1745 1531 1829 qnod
1549 1745 1596 1809 ita
1609 1769 1636 1810 ro

361 1852 592 1935 interpretatur
609 1850 721 1915 Birtus
744 1851 798 1915 ille
818 1852 900 1917 uelut
917 1853 961 1918 leo
978 1854 1054 1934 fuit
1073 1873 1142 1917 oum
1157 1903 1164 1916 .
1179 1902 1200 1931 .,
1224 1873 1318 1916 suum
1336 1856 1475 1936 poetam,
1498 1873 1594 1937 quem

362 1980 456 2042 saepe
479 1959 574 2023 iustis
596 1956 747 2022 laudibus
770 1957 874 2041 effert,
897 1958 1132 2024 balbutientem
1156 1981 1196 2024 ex
1218 1962 1356 2024 venuste
1380 1958 1526 2043 quamvis
1549 1959 1597 2022 iu-

361 2067 448 2130 vitus
471 2064 603 2130 reddere
624 2065 720 2130 nobis
742 2065 883 2149 videtur3
912 2087 986 2130 eum
1009 2067 1199 2152 praesertim
1222 2065 1285 2130 hoc
1308 2067 1445 2130 alterum
1468 2065 1598 2130 accedat

362 2172 600 2237 incommodum
627 2176 665 2235 ut
693 2173 756 2236 iam
784 2194 859 2256 pars
888 2173 988 2236 altera
1012 2172 1261 2257 comparationis
1283 2178 1346 2238 stcd
1368 2192 1476 2237 mussa
1498 2174 1601 2255 trapis

361 2281 451 2346 sanie
469 2283 537 2363 eet,
561 2278 709 2365 graviore
729 2277 934 2344 distinctione
954 2301 972 2343 a
992 2279 1213 2363 superioribus
1232 2282 1387 2368 separata,
1405 2278 1535 2343 vacillet
1552 2279 1600 2342 in·

364 2385 455 2471 scite,
478 2389 510 2450 et
534 2389 641 2449 tamen
664 2384 722 2448 has
747 2385 826 2450 duas
850 2407 919 2451 esse
943 2386 1087 2451 eiusdem
1107 2386 1328 2451 similitudinis
1346 2391 1456 2472 partes
1473 2385 1599 2470 liquide

363 2497 509 2576 apparet,
536 2493 618 2557 uetuit
639 2513 708 2558 cum
732 2494 777 2558 teo
799 2495 962 2559 iuvencam
979 2494 1120 2576 possedit
1141 2499 1170 2558 et
1190 2495 1309 2558 orsmro
1329 2494 1411 2575 fodit
1432 2493 1596 2575 unputous,

362 2605 424 2666 stat
451 2619 557 2665 crasso
584 2601 686 2681 impis
712 2601 818 2678 sauia
846 2622 950 2683 neque
973 2600 1008 2664 in
1031 2621 1069 2664 ee
1094 2599 1224 2684 quidem
1248 2602 1342 2665 aliter
1365 2602 1501 2666 sensisse
1525 2598 1600 2665 Ges·

362 2728 476 2770 nsrum
508 2706 659 2771 credibile
692 2711 753 2789 est,
786 2707 842 2790 qui
871 2706 911 2772 ab
939 2707 1003 2771 ista
1030 2708 1288 2790 interpunctione
1316 2706 1474 2772 abstinuit
1502 2725 1599 2792 quam

363 2811 473 2879 Birtus
506 2813 633 2878 induxit
663 2814 796 2897 primus.
837 2813 951 2899 Itaque
980 2815 1028 2881 sic
1055 2813 1212 2881 rationem
1241 2806 1475 2898 concludimus,
1508 2812 1600 2879 Olau-
1613 2839 1640 2881 ro

365 2920 495 2985 dianum
518 2922 551 2985 in
575 2920 632 2985 illo
658 2921 755 2986 simili
778 2922 866 3005 quod
889 2944 908 2986 a
929 2921 1023 2987 leone
1041 2922 1173 3007 repetiit
1190 2922 1404 3007 pluribusque
1422 2922 1528 2987 verbis
1547 2944 1599 2986 ex·

364 3032 492 3093 secutus
516 3032 573 3112 est,
597 3037 677 3111 quae
702 3032 778 3092 sunt
800 3029 931 3113 propria
953 3030 1057 3093 leonis
1080 3033 1207 3113 raptam
1231 3029 1397 3094 iuvencam
1416 3028 1600 3093 devorantis

363 3141 425 3201 stat
447 3154 554 3200 massa
577 3136 679 3217 impis
701 3138 791 3200 sanie
812 3136 967 3218 nodosque
988 3136 1136 3201 arborum
1159 3138 1272 3201 euadit
1294 3141 1322 3200 ot
1343 3136 1420 3200 odas
1433 3142 1600 3216 pastorum

364 3244 493 3324 despicit
515 3244 583 3307 iras
605 3241 640 3305 in
663 3241 754 3306 illum
778 3263 873 3326 quem
894 3242 975 3307 dicit
993 3247 1155 3326 raptorem
1174 3239 1396 3325 Proserpinae,
1418 3238 1599 3320 Plutonem,

365 3350 460 3413 sicuti
483 3348 590 3432 potuit
613 3352 646 3412 et
668 3370 727 3432 par
749 3348 821 3431 fuit,
845 3348 1080 3414 accommodari
1098 3348 1239 3415 voluisse
1257 3371 1361 3432 neque
1380 3348 1600 3433 imperfectam

365 3477 434 3521 esse
462 3455 545 3519 hane
572 3456 750 3520 orationem
780 3476 883 3540 neque
908 3454 1127 3520 ‘artificiosam
1149 3456 1321 3520 verborum
1344 3456 1599 3521 collocationem'

364 3585 441 3647 prae
469 3584 503 3626 se
530 3562 622 3626 ferre.
660 3560 730 3638 Quo
759 3561 793 3625 in
820 3582 936 3647 genere
965 3583 1038 3627 eum
1066 3562 1144 3626 olim
1170 3562 1352 3648 exemplum
1376 3583 1416 3626 ex
1437 3560 1599 3627 Aeneidos

364 3691 450 3734 nono
471 3667 514 3756 (r.
529 3666 608 3754 337)
628 3669 667 3732 de
681 3668 754 3733 Nisi
772 3670 896 3734 furiosa
913 3669 1065 3734 caedendi
1084 3668 1261 3753 cupiditate
1280 3670 1493 3752 attulerimus,
1513 3669 1600 3753 quod

364 3776 404 3841 ab
438 3776 669 3861 interpretibus
695 3775 891 3861 Vergiliauis
921 3798 1088 3860 perperam
1116 3776 1307 3861 explicatur,
1340 3798 1427 3841 nune
1453 3775 1533 3841 haec
1560 3798 1599 3840 ex

364 3880 527 3947 Aeneidos
550 3882 674 3948 decimu
698 3880 792 3969 (688)
816 3882 1038 3949 adscribimus.

529 3990 572 4054 Ao
593 3990 680 4055 Iouis
701 3992 820 4055 interea
842 3992 970 4055 monitis
992 3991 1170 4056 Mezentius
1191 3991 1306 4057 ardens

526 4098 660 4163 succedit
678 4118 804 4180 pupuac
827 4099 1017 4179 Teucrosque
1038 4097 1164 4162 inuadit
1186 4103 1318 4163 martes.

526 4209 713 4269 concurrunt
735 4204 916 4287 Tyrrhenae
938 4206 1021 4271 acies
1038 4210 1129 4287 atque
1150 4206 1294 4270 omnibus
1314 4206 1385 4284 uni,

527 4311 586 4375 uui
607 4312 747 4392 odiisque
770 4312 836 4376 uiro
859 4311 985 4393 telisque
1005 4312 1217 4393 frequentibus
1238 4314 1367 4377 instant.

526 4416 580 4481 ille
602 4417 683 4482 uelut
704 4438 797 4499 rupes
819 4423 942 4483 cadum
964 4439 1044 4501 quae
1059 4420 1228 4500 meddin
1250 4440 1365 4501 aequor

527 4523 616 4589 obuia
639 4530 797 4590 omtorum
818 4525 917 4607 furies
939 4531 1123 4607 eapostaque
1138 4532 1236 4607 ponto

526 4634 591 4695 uim
615 4637 756 4697 cunctam
778 4637 869 4714 atque
891 4633 998 4697 minas
1018 4634 1134 4714 perfert
1156 4632 1292 4716 coelique
1313 4634 1472 4717 murusque

527 4739 599 4819 ipso
621 4739 752 4803 immota
774 4759 913 4805 manens.
950 4738 1078 4804 Prolem
1100 4738 1306 4805 Dolidcaonis
1328 4740 1470 4805 Hebrmn

527 4846 636 4910 stanit
658 4843 759 4924 humi,
782 4866 853 4911 cum
876 4866 934 4927 quo
957 4846 1117 4929 Latopum
1141 4844 1349 4929 Palmumque
1368 4849 1520 4931 fupooem.
