3967 5725
392 659 459 726 436
484 714 488 719 .
630 661 687 713 LV.
705 661 822 712 INDEX
839 659 1054 711 morionum
1071 657 1303 710 Auentinum
1324 659 1401 710 1902.

393 822 539 900 Quorum
563 825 669 888 cetera
691 820 852 906 quomodo
872 819 1061 905 accipienda
1086 822 1154 884 sint
1175 841 1225 884 res
1249 820 1320 903 ipsa
1347 817 1440 884 docet
1462 836 1567 902 neque
1590 839 1628 883 ea

394 932 491 1016 egent
518 928 704 1014 interpretis
732 950 817 994 cura.
862 927 955 994 Unus
977 948 1090 992 versus
1110 925 1316 992 Curculionis
1347 925 1489 990 decimus
1511 925 1628 992 tertius

393 1039 474 1104 vilio
495 1035 632 1120 laborat,
655 1037 707 1101 cni
729 1036 809 1101 vitio
833 1034 960 1100 dubites
985 1055 1082 1118 quam
1109 1037 1195 1099 recte
1217 1032 1405 1098 medeantur
1432 1031 1478 1098 ite
1501 1036 1539 1097 ut
1560 1052 1629 1097 ver

393 1158 466 1210 sum
487 1143 595 1228 ipsum
618 1143 828 1228 exstinguant
845 1146 879 1208 et
893 1140 1060 1207 abiiciunt.
1098 1137 1162 1206 Sed
1179 1141 1238 1206 tas
1253 1139 1384 1205 tabelias
1403 1138 1490 1223 quod
1507 1142 1629 1225 negant

393 1251 473 1317 satis
487 1253 568 1335 apte
582 1250 651 1316 dici
664 1250 853 1334 insequente
870 1249 928 1314 illo
942 1269 1097 1333 responso
1114 1247 1203 1329 Quas
1215 1253 1250 1312 ta
1263 1267 1303 1311 ua.
1311 1252 1340 1326 i,
1359 1244 1477 1310 licebat
1490 1242 1628 1311 souare
1648 1247 1664 1307 7

397 1359 483 1441 Quia
505 1357 635 1424 tabelias
657 1379 827 1442 reponere,
853 1359 892 1420 ut
918 1357 1044 1420 mutata
1070 1354 1277 1420 distinetione
1300 1355 1346 1418 ita
1368 1353 1455 1417 dicat
1478 1352 1514 1418 Is
1536 1350 1630 1418 Suara*

394 1486 526 1532 aeuum
548 1485 581 1530 se
602 1466 708 1530 vocari
731 1465 821 1530 dicit.
857 1465 888 1528 ei
909 1463 1045 1548 reddidi,
1072 1462 1156 1543 Quia
1173 1461 1303 1526 tatettm
1319 1461 1500 1543 cicuratas
1513 1459 1629 1525 mutii.

347 1560 351 1565 ⁴
395 1570 489 1650 Quod
516 1593 592 1636 vero
622 1593 732 1636 versus
759 1570 938 1658 legitimam
965 1591 1147 1634 mensuram
1175 1567 1313 1650 excedit,
1341 1567 1376 1632 in
1403 1571 1558 1652 prompto
1581 1569 1632 1632 est

395 1680 460 1744 nisi
486 1679 631 1744 fallimur
653 1678 788 1744 medela:
816 1677 960 1742 deleatur
990 1678 1127 1742 alterum
1149 1679 1258 1741 utrum
1286 1691 1479 1760 pronomen,
1507 1675 1575 1739 sire
1597 1680 1631 1740 tu

355 1811 383 1854 ro
397 1788 464 1852 sive
486 1785 575 1866 atui,
602 1807 743 1870 quorum
766 1785 958 1849 utrumlibet
979 1784 1074 1849 facile
1097 1805 1156 1868 per
1177 1803 1317 1847 errorem
1341 1781 1511 1848 scribentis
1530 1779 1631 1846 scitia

395 1893 513 1979 potuit,
534 1897 570 1957 et
591 1893 654 1958 erit
677 1892 860 1958 octonarius
884 1891 1073 1975 septenariis
1096 1890 1276 1955 immixtus:
1305 1887 1413 1974 qualia
1436 1906 1513 1953 usus
1536 1886 1631 1952 Plau-

395 2001 484 2066 tinus
515 2022 584 2066 non
612 1999 740 2086 refugit.
788 1997 852 2064 Sed
880 1997 1038 2082 quidquid
1066 1997 1105 2061 de
1132 2019 1170 2062 eo
1198 2017 1294 2060 versu
1322 1995 1495 2080 iudicatur,
1525 2009 1632 2078 nequo

396 2108 483 2172 enim
507 2107 680 2191 quiequam
703 2105 917 2171 confidentius
940 2105 1148 2188 affirmamus,
1170 2103 1233 2168 nisi
1257 2103 1344 2186 quod
1366 2102 1450 2167 falso
1472 2102 1632 2166 adiectum

395 2236 467 2280 esse
485 2212 580 2279 nobis
599 2212 752 2279 credibile
769 2234 836 2278 non
849 2212 897 2295 fit,
916 2212 971 2277 sed
991 2210 1148 2296 quidquid
1167 2210 1336 2293 iudicatur,
1353 2209 1510 2275 orationis
1528 2208 1633 2272 forma

397 2343 493 2405 quam
516 2321 652 2386 dicimus
675 2320 779 2384 nihilo
802 2319 910 2384 minus
932 2323 1044 2403 aperta
1060 2322 1120 2383 est.
1161 2313 1207 2382 iit
1224 2317 1286 2382 hoo
1305 2339 1406 2404 genus
1425 2338 1466 2381 ne
1485 2313 1632 2380 Ciceroni

398 2427 528 2512 quidem
550 2426 742 2492 inusitatum
765 2425 838 2509 fuit,
861 2427 917 2511 qui
941 2425 1055 2491 scribit
1076 2427 1111 2490 in
1131 2425 1222 2492 Verr.
1240 2441 1266 2488 11
1285 2425 1306 2488 2
1328 2445 1355 2490 e.
1375 2423 1427 2504 32,
1442 2422 1483 2486 79

563 2534 672 2614 Quem
695 2532 789 2599 milri
810 2538 849 2597 tu
871 2531 1044 2611 Battara
1066 2552 1173 2614 ⁴quern
1197 2530 1417 2597 Staienum?

398 2640 475 2705 ibid.
494 2657 521 2704 11
544 2641 566 2704 4
590 2662 615 2704 c.
635 2640 688 2724 39,
703 2641 746 2704 85

559 2748 774 2830 Ηαψαααααα
792 2749 821 2812 ei
838 2753 980 2812 seratura
999 2767 1063 2811 aaa
1074 2748 1259 2829 permittere,
1278 2765 1414 2826 poeuaru
1433 2745 1546 2827 eapitis
1564 2757 1633 2810 tau·

358 2882 385 2923 so
559 2857 700 2921 stitutum
718 2846 748 2920 si
765 2855 891 2920 uriussu
907 2859 1034 2921 serratus
1052 2855 1216 2937 quisquam
1231 2853 1397 2936 adipiscat·
1415 2852 1512 2919 aaut
1524 2851 1633 2935 reiipia

556 2968 823 3028 ‘commemoratae
844 2962 926 3027 Tum
941 2964 997 3027 iste
1010 2963 1126 3043 Quam
1140 2961 1466 3043 ruitireiipiouem
1480 2979 1632 3043 uarras,

560 3090 669 3152 quam
686 3090 858 3151 pecuum,
881 3090 983 3152 quera
1006 3068 1199 3135 seuatuui?

398 3175 438 3241 In
460 3174 640 3243 Antonium
663 3194 676 3239 1
697 3176 748 3259 10,
762 3177 806 3241 25

561 3283 699 3349 Paratus
716 3284 864 3349 habemus
881 3286 936 3366 qui
953 3284 1153 3367 iutereedaut,
1171 3288 1304 3365 paratos
1322 3284 1459 3363 quirem
1472 3280 1633 3363 patticam

559 3392 708 3473 reiipioue
730 3392 956 3472 damiani...
975 3391 1074 3472 Quas
1097 3396 1135 3455 tu
1157 3390 1262 3468 ruiti,
1287 3390 1397 3472 iuquit,
1420 3388 1635 3453 intercessi-

561 3518 659 3580 oues,
682 3518 775 3579 quas
796 3497 1022 3582 reiipiaues?

400 3602 452 3669 Ad
475 3601 739 3687 famil.1x16‚7

562 3710 657 3776 Naue
678 3712 766 3776 verrio
794 3706 840 3777 ad
864 3713 1031 3777 iocationes
1053 3717 1125 3776 tuas
1228 3710 1335 3791 Quem
1359 3715 1397 3774 tu
1420 3708 1513 3773 uuiti
1533 3727 1634 3790 poru-

556 3818 693 3900 pitum,
715 3839 819 3901 quera
842 3819 1041 3884 denarium
1063 3817 1227 3883 narras?

361 3950 387 3991 so
401 3924 451 3989 De
474 3928 553 3991 orat.
573 3943 585 3988 1
605 3925 658 4008 22,
674 3924 738 3988 104

561 4032 764 4097 adduxissem
787 4031 846 4096 tue
867 4030 1023 4097 Graecum
1046 4031 1191 4115 aliquem,
1216 4033 1272 4114 qui
1293 4051 1350 4097 uos
1372 4029 1550 4095 tuasuoa·
1572 4028 1636 4092 dis-

557 4138 776 4223 putationibus
798 4138 972 4216 cumaea
997 4139 1078 4221 quoa
1097 4160 1137 4205 ue
1158 4160 1242 4204 uuae
1264 4138 1387 4221 quidem
1405 4136 1534 4219 dificile
1549 4136 1637 4216 facta

563 4251 622 4323 απ
641 4251 685 4311 est
702 4248 786 4311 euim
804 4247 893 4327 apud
910 4246 959 4311 Μ.
975 4245 1124 4312 Pisoueru
1139 4298 1145 4311 .
1161 4247 1399 4329 peripateticus
1418 4241 1565 4309 Staseas.
1580 4292 1587 4305 .
1601 4242 1637 4306 iu

563 4352 617 4419 r‘tla
639 4373 695 4417 suo
711 4374 821 4436 periere
837 4355 978 4419 amurca
990 4355 1147 4436 princepe.
1186 4353 1311 4435 ‘Quem
1333 4357 1372 4418 tu
1394 4351 1512 4430 miti',
1535 4349 1639 4431 rapuit

564 4460 707 4539 Mucius,
730 4458 914 4540 Staseam,
937 4481 1042 4543 auem
1058 4462 1353 4543 peripateticum
1375 4456 1551 4524 uarras.2'

402 4564 442 4631 In
465 4566 583 4651 quibus
608 4566 695 4651 quod
719 4571 768 4632 est
789 4567 995 4633 obscuritatis
1013 4569 1047 4633 in
1066 4590 1131 4633 uno
1150 4567 1302 4633 etaltera
1321 4586 1387 4631 non
1406 4564 1637 4650 persequimur.

403 4672 468 4739 Sed
495 4677 528 4737 et
555 4672 635 4739 haec
658 4673 807 4740 Tulliana
835 4675 980 4759 exempla
1008 4678 1041 4739 et
1068 4673 1124 4739 illa
1147 4674 1310 4757 Plautina,
1338 4672 1485 4757 quamvis
1514 4693 1551 4736 ea
1572 4691 1640 4735 non

403 4780 500 4865 plane
522 4779 608 4845 idem
632 4802 734 4867 genus
756 4803 833 4866 prae
857 4803 891 4846 se
911 4781 1017 4847 ferant
1036 4803 1109 4847 cum
1127 4781 1233 4846 verbis
1252 4781 1298 4847 rei
1317 4780 1464 4865 publicae
1484 4801 1502 4843 a
1521 4777 1639 4862 quibus

402 4886 541 4970 profecti
560 4910 679 4973 sumus,
703 4893 811 4955 tamen
830 4893 863 4954 et
881 4889 960 4953 haec
978 4889 1063 4954 tueri
1081 4892 1218 4975 possunt
1236 4888 1332 4953 istam
1351 4886 1639 4973 interrogetionem
