3967 5725
393 631 459 695 536
615 634 686 684 uxr.
705 633 820 683 mann
839 633 1054 685 nnorrouuu
1072 632 1305 684 rasrrvrauu
1325 635 1403 684 1905.

392 795 501 878 firisse,
516 815 580 878 quo
596 793 790 858 adimeretur
805 816 886 878 quae
896 795 988 859 estin
998 793 1226 878 interrogando
1237 775 1453 878 ambiguitas?
1481 792 1625 878 Cumque

393 901 478 966 adsit
501 922 611 965 versus
634 901 763 986 egregie
786 901 891 965 factus
915 901 956 966 ad
979 899 1170 966 sententiam
1190 899 1426 978 absolvendam,
1450 923 1523 964 eum
1543 902 1625 966 dele-

392 1029 474 1093 muS,
497 1030 593 1091 quem
616 1008 644 1071 si
666 1008 774 1072 nescio
799 1009 880 1092 quis,
908 1030 974 1073 non
997 1010 1102 1092 poeta,
1125 1006 1309 1091 addidisset,
1331 1007 1509 1072 laudandus
1534 1013 1625 1093 esset,

393 1114 571 1199 culpandus
595 1118 702 1178 autem
727 1119 831 1199 poeta,
854 1116 911 1198 qui
934 1114 1018 1179 hanc
1041 1134 1146 1178 aream
1171 1113 1239 1178 aine
1263 1114 1348 1178 calce
1371 1114 1562 1197 reliquisset.

482 1221 727 1306 Peragrarimus
750 1221 864 1286 itinere
885 1221 1022 1287 molesto
1041 1221 1145 1306 magis
1165 1242 1261 1304 quam
1280 1219 1420 1286 iucundo
1440 1223 1625 1286 criticorum

394 1333 575 1395 commenta
598 1331 630 1392 et
653 1329 864 1412 interpretum
887 1330 977 1393 lusus
1002 1327 1119 1412 quibus
1142 1348 1261 1410 paucos
1287 1349 1397 1392 versus
1421 1327 1626 1414 Vergilianas

394 1439 421 1501 si
445 1437 500 1520 qui
524 1435 581 1499 alii
604 1434 884 1500 innocentissimos
907 1439 958 1500 tot
980 1455 1039 1518 per
1062 1456 1163 1499 annos
1187 1434 1388 1499 infestarunt.
1425 1433 1539 1519 Itaque
1562 1438 1626 1501 iam

392 1548 539 1608 nostrum
568 1546 617 1606 est
645 1543 730 1607 bono
753 1546 867 1626 poetae
890 1541 1059 1606 restituere
1082 1563 1149 1624 sua,
1177 1540 1204 1605 si
1227 1562 1408 1624 possumus,
1432 1563 1468 1605 ac
1490 1543 1627 1608 firmiter

394 1649 556 1714 vindicare
583 1649 680 1714 toties
710 1649 751 1712 ab
779 1671 817 1713 ao
845 1649 1029 1713 abiudicata
1052 1653 1084 1713 et
1107 1648 1304 1713 emendando
1329 1650 1505 1714 enarrando
1529 1651 1627 1714 variis

355 1782 381 1822 ιο
395 1757 499 1820 modis
523 1756 696 1840 depravate
719 1777 756 1820 ac
778 1777 879 1839 paene
901 1747 1113 1840 pessumdata.
1219 1793 1221 1796 ·

483 1861 597 1947 Itaque
620 1867 732 1948 pastor
754 1862 876 1947 infelix,
904 1863 995 1928 cuius
1020 1883 1147 1928 carmen
1170 1861 1297 1927 Damon
1319 1863 1441 1945 recitat,
1464 1885 1537 1927 cum
1560 1863 1626 1928 vim

394 1974 427 2034 et
458 1971 646 2034 violentiam
674 1969 805 2036 Amoris
839 1970 1059 2054 conqueritur,
1092 1991 1155 2053 qua
1186 1970 1250 2034 iam
1280 1969 1350 2054 ipse
1378 1969 1540 2054 periturus
1569 1975 1627 2054 est,

394 2077 576 2161 exemplum
603 2077 688 2161 petit
714 2100 734 2141 a
756 2077 887 2142 Medeae
914 2078 964 2142 ira
989 2079 1069 2142 laesi
1096 2075 1215 2142 amoris
1244 2097 1339 2140 causa
1366 2077 1401 2141 in
1422 2076 1546 2142 viscera
1569 2099 1628 2141 sua

394 2184 540 2267 liuentis,
570 2206 667 2268 quam
690 2184 816 2248 Ennius
840 2184 922 2248 dixit
944 2186 1053 2249 aalma
1076 2205 1167 2266 aepro
1191 2203 1297 2248 amere
1317 2203 1407 2250 saeva
1430 2184 1571 2249 sauciam
1595 2188 1627 2248 et

395 2291 434 2356 de
458 2313 522 2375 qua
543 2290 733 2374 Propertius
758 2291 869 2356 scribit
892 2288 1095 2376 (11119,17)

556 2400 746 2484 Numquid
768 2400 901 2466 Medeae
922 2401 1057 2481 reseram
1080 2419 1139 2481 qao
1162 2404 1294 2480 tempore
1317 2399 1429 2463 matria

654 2509 747 2573 Iram
770 2513 916 2573 aatorara
939 2507 1030 2572 caede
1046 2507 1154 2588 piacet
1175 2526 1272 2584 aanor,

397 2620 453 2681 aut
476 2614 610 2680 Ovidius
634 2616 724 2702 (rem.
744 2637 805 2678 am.
825 2612 883 2701 59)
906 2616 936 2679 ai
958 2634 1007 2678 me
1029 2613 1246 2679 aedisset...

557 2723 623 2787 Nec
646 2722 733 2787 dolor
755 2727 909 2786 manasset
930 2727 1038 2786 contra
1060 2741 1119 2786 saa
1142 2723 1260 2786 viscera
1283 2726 1423 2800 matrem,

356 2858 383 2898 ro
396 2835 532 2914 uterque
555 2829 685 2894 Medeae
712 2830 840 2894 caedem
870 2832 1020 2894 natorum
1049 2851 1068 2893 a
1095 2828 1213 2893 dolore
1235 2828 1414 2913 contempti
1442 2828 1559 2894 amoris
1582 2848 1630 2892 re·

396 2942 551 3022 petentes.
588 2934 701 3020 ltaque
723 2958 790 3001 non
812 2936 920 3020 inepte
943 2940 1055 3020 pastor
1077 2936 1140 3001 hoc
1163 2938 1310 3019 exemplo
1333 2936 1446 3018 utitur,
1471 2939 1508 3000 ut
1532 2936 1630 3000 saeri-

398 3047 477 3109 tiam
499 3042 631 3109 Amoris
654 3042 800 3128 declaret,
824 3064 897 3107 oum
922 3042 1002 3107 scite
1026 3042 1170 3107 oratione
1194 3044 1395 3107 conformata
1417 3042 1496 3107 dicit

558 3149 714 3238 Saeaas*)
738 3150 840 3215 Amor
864 3151 966 3215 docuit
988 3154 1134 3215 aatorma
1157 3151 1312 3233 scapulae
1333 3155 1465 3216 matrem

560 3257 795 3323 commaculare
817 3278 939 3322 macas.

398 3364 481 3441 Quid
506 3365 592 3429 enim
615 3366 741 3430 saevius
764 3385 834 3429 esse
854 3367 963 3449 potest
986 3385 1083 3447 quam
1103 3362 1189 3447 quod
1207 3367 1342 3428 matrem
1361 3363 1498 3428 adducat
1517 3368 1553 3427 ut
1572 3385 1631 3428 sua

398 3494 496 3536 manu
518 3475 612 3535 natos
633 3472 825 3536 interficiat?
863 3471 926 3535 Sed
944 3470 1022 3534 huic
1039 3471 1218 3535 sententiae
1236 3470 1326 3536 addit
1344 3471 1477 3536 alteram
1497 3470 1631 3537 erudelis

398 3586 432 3643 ta
454 3599 571 3661 qaoque
592 3584 700 3657 mater,
730 3600 768 3643 ea
789 3580 895 3643 forma
918 3598 994 3642 usus
1019 3598 1099 3661 quae
1122 3576 1348 3661 perfamiliaris
1372 3581 1421 3641 est
1443 3579 1548 3662 poetis
1573 3578 1631 3661 qui

399 3706 498 3769 saepe·
516 3686 727 3768 alloquuntur
750 3690 782 3749 et
804 3685 970 3770 appellant
993 3705 1048 3747 eos
1072 3684 1110 3747 de
1134 3683 1252 3766 quibus
1276 3683 1393 3750 dicturi
1416 3688 1516 3767 erant,
1543 3685 1632 3749 velut

399 3791 564 3878 Vergilius
587 3792 656 3876 ipse
680 3790 759 3856 Aen.
778 3810 828 3855 vn
848 3790 913 3857 685

359 3924 386 3966 οο
559 3898 703 3963 Hernica
724 3919 805 3963 suaa
828 3899 937 3977 caleat,
960 3918 1036 3980 qaas
1059 3898 1144 3963 dives
1166 3898 1322 3980 Aaayaia
1338 3899 1452 3979 pascit,

564 4005 654 4087 Quor,
677 4005 834 4069 Amasene
850 4011 951 4086 pater.

399 4110 438 4175 Id
460 4132 561 4196 genus
583 4113 648 4175 late
671 4115 760 4195 patet
782 4115 815 4174 et
838 4132 1080 4195 nonnumquam
1102 4112 1289 4198 perelegans
1313 4116 1362 4176 est
1385 4117 1417 4177 et
1440 4135 1497 4177 sua
1516 4116 1633 4197 sponte

400 4219 488 4283 nasci
512 4218 647 4302 ridetur,
670 4218 749 4282 alibi
772 4239 860 4283 mera
880 4218 975 4282 metri
1000 4218 1190 4283 difficultate
1210 4219 1309 4284 creari
1330 4220 1425 4285 dieas.
1463 4218 1557 4295 Quod
1576 4220 1632 4303 qui

400 4329 486 4390 recte
517 4325 731 4410 perpenderit,
763 4325 891 4390 cavebit
922 4347 963 4389 ne
995 4325 1126 4389 nimiam
1159 4326 1224 4390 vim
1256 4327 1379 4391 tribuat
1408 4327 1464 4392 isti
1492 4326 1633 4411 pastoris

401 4432 553 4497 orationi:
585 4432 718 4497 crudelis
744 4438 779 4497 ta
805 4454 922 4515 qaoque
951 4438 1058 4497 mater.
1106 4431 1254 4497 Ceterum
1283 4456 1320 4498 ea
1347 4434 1539 4500 exclamatio
1566 4454 1633 4499 non

401 4542 450 4601 est
474 4560 569 4621 quam
593 4538 658 4603 fuit
680 4540 736 4622 qui
759 4539 1025 4605 exclamationem
1049 4560 1118 4603 esse
1143 4539 1271 4624 diceret,
1298 4540 1353 4605 sed
1377 4544 1426 4605 est
1450 4542 1633 4625 affirmatio,

490 4695 552 4764 ‘23)
571 4694 645 4750 Hinc
663 4695 825 4765 Lygdamus
844 4697 966 4766 sumpsit
984 4699 1024 4766 (4,
1040 4698 1084 4765 65)

615 4785 719 4840 Sceuae
737 4787 824 4841 Amor·
842 4787 936 4842 docuit
952 4786 1060 4841 calidos
1078 4792 1207 4855 temptare
1225 4787 1343 4853 labores,

687 4874 790 4929 Saevus
809 4876 896 4930 Amor
914 4875 1007 4930 docuit
1024 4876 1134 4930 uerbera
1151 4892 1232 4931 saera
1246 4877 1318 4945 pati.
