3967 5725
395 1561 556 1635 XLVIIL
583 1563 737 1636 INDEX
764 1565 1045 1639 LECTIONUM
1072 1565 1403 1641 HIBERNARUM
1431 1565 1591 1667 1898s99.

341 1739 360 1794 8
468 1737 666 1805 Reveniente
688 1741 878 1805 necessitate
900 1740 1049 1825 publicae
1067 1741 1244 1807 lectionum
1263 1742 1515 1809 academicarum
1534 1767 1610 1809 enu-

373 1844 546 1911 merationi
560 1845 682 1929 aliquid
695 1847 905 1931 praefationis
918 1846 1094 1914 litterariae
1108 1848 1335 1932 praemittendi
1349 1848 1611 1935 Aristophanem,

376 1973 395 2014 a
418 1972 483 2035 quo
505 1952 647 2036 proximi
668 1954 826 2037 prooemii
844 1958 1070 2040 argumentum
1089 1954 1228 2038 petitum
1248 1960 1325 2040 erat,
1347 1956 1491 2022 nondum
1511 1959 1610 2022 mani-

375 2057 436 2123 bus
463 2080 686 2146 posueramus,
713 2082 749 2125 ae
776 2061 853 2125 licet
879 2060 1112 2126 intervenerint
1136 2083 1217 2145 quae
1239 2062 1444 2129 vehementer
1466 2063 1609 2128 animum

376 2187 570 2250 operamque
594 2172 788 2251 occuparent
810 2166 1015 2252 amplumque
1039 2167 1214 2232 disserendi
1237 2169 1404 2234 materiam
1428 2170 1542 2235 offerre
1565 2171 1609 2234 vi-

375 2272 539 2357 derentur,
566 2275 655 2339 velut
682 2274 898 2358 Bacchylides
924 2275 1081 2360 carmina,
1109 2274 1256 2340 certatim
1284 2275 1335 2340 his
1363 2278 1564 2362 temporibus
1589 2301 1608 2342 a

374 2379 570 2448 doctissimis
597 2384 735 2447 tractatu
762 2385 795 2446 et
818 2382 1001 2466 explanata,
1029 2386 1136 2447 tamen
1159 2403 1232 2448 eum
1255 2385 1418 2450 tramitem
1442 2405 1538 2468 quem
1562 2385 1608 2450 in·

374 2489 477 2572 gressi
503 2508 616 2552 sumus
638 2490 777 2554 retinere
800 2487 964 2574 paulisper
986 2509 1024 2554 ac
1046 2489 1194 2574 persequi
1218 2488 1405 2574 maluimus3
1433 2491 1498 2555 nisi
1521 2491 1608 2574 quod

351 2593 413 2665 ad
435 2591 587 2678 EquiteS,
615 2595 654 2660 de
681 2617 746 2679 qua
772 2595 894 2679 fabula,
921 2595 1018 2660 modo
1047 2595 1134 2661 edita
1161 2599 1194 2659 et
1221 2596 1388 2662 emendata
1415 2619 1434 2661 a
1456 2597 1647 2683 Zacher0,1o

373 2704 444 2766 tum
466 2701 566 2767 verba
587 2701 736 2787 fecimus,
763 2702 872 2767 dedita
895 2723 993 2786 opera
1015 2701 1119 2766 redire
1143 2703 1267 2769 animus
1290 2707 1442 2787 nonest,
1469 2709 1606 2789 atquae

372 2808 436 2873 iem
455 2813 566 2893 parata
584 2813 685 2894 erant,
708 2808 769 2875 hac
786 2810 853 2875 tela
870 2810 1059 2895 interrupta,
1079 2813 1223 2893 repetere
1242 2810 1407 2895 nolumus3
1430 2811 1493 2877 alia
1512 2833 1607 2896 quse·

373 2916 445 2981 dam
469 2916 708 3001 Aristophaneo
731 2917 990 3002 disceptabimus,
1014 2916 1131 3000 quibus
1155 2922 1210 2982 aut
1233 2917 1296 3001 ipsi
1314 2916 1527 3003 Aristophani
1550 2925 1607 2985 aut

373 3046 412 3088 ex
439 3023 658 3109 Aristophane
686 3024 758 3089 eliis
786 3024 997 3109 scriptoribus
1024 3024 1148 3108 aliquid
1176 3025 1203 3089 si
1230 3024 1301 3090 fieri
1324 3030 1431 3109 potest
1453 3026 1605 3093 utilitatis

373 3130 564 3197 conferatur.
602 3129 666 3195 Sed
693 3132 797 3196 multa
819 3154 885 3197 non
908 3136 984 3197 sunt
1006 3153 1111 3216 neque
1133 3131 1201 3196 ulla
1223 3133 1392 3217 gravitatis
1416 3138 1472 3197 aut
1495 3134 1605 3198 iucun-

372 3237 481 3303 ditatis
508 3238 602 3303 laude
629 3240 784 3324 insignia,
812 3260 893 3323 quae
921 3244 1030 3303 tamen
1057 3238 1194 3304 fortasse
1222 3238 1453 3324 adolescentes,
1486 3240 1603 3323 quibus

371 3344 450 3409 haec
472 3345 579 3410 studia
601 3345 691 3411 cordi
717 3350 802 3430 sunt,
825 3346 997 3410 admonere
1019 3346 1156 3432 possint,
1178 3350 1214 3410 ut
1238 3345 1367 3410 anobis
1386 3348 1553 3430 proposita
1572 3352 1605 3412 et

371 3453 479 3537 aliqua
505 3457 599 3517 tenus
627 3452 785 3537 explicata
813 3453 879 3517 suis
908 3452 1187 3518 observationibus
1215 3453 1364 3536 persequi
1392 3474 1429 3517 ac
1451 3453 1603 3537 perficere

370 3559 479 3624 velint.

458 3665 592 3733 Initium
615 3669 708 3733 nobis
732 3668 908 3732 disserendi
930 3666 1055 3731 faciunt
1073 3664 1368 3730 Ecclesiazusarum
1389 3645 1521 3751 versus,
1534 3668 1602 3751 qui·
1616 3693 1643 3735 ao

369 3773 430 3838 bus
448 3774 575 3839 vetulas
594 3779 754 3840 amatores
773 3774 918 3859 captanti
936 3773 1175 3839 adolescentula
1193 3771 1295 3837 eidem
1314 3772 1478 3837 venationi
1497 3772 1603 3837 dedita

369 3882 550 3966 respondet.

530 3994 608 4054 Νῦν
631 3988 693 4074 μέν
715 4013 755 4074 με
777 3989 1001 4073 παρακύψασα
1023 3988 1218 4073 προῦφθης,
1242 3978 1268 4050 ὦ
1292 3986 1410 4069 σαπρά.

418 4093 484 4161 885
529 4094 596 4184 ᾤου
619 4095 649 4161 d’
677 4096 798 4183 ἐρήμας
822 4096 862 4162 οὐ
885 4096 1056 4181 παρούσης
1079 4093 1203 4160 ἐνθάδε

529 4201 611 4287 ἐμοῦ
633 4207 813 4290 τρυγήσειν
836 4202 891 4268 καὶ
914 4199 1143 4287 προσάξεσθαί
1163 4224 1238 4265 τινα

529 4309 645 4397 ᾅδουσ
656 4330 663 4345 ·
686 4310 750 4393 ἐγὼ
774 4309 819 4392 d',
841 4310 884 4393 ἢν
906 4318 1007 4375 τοῦτο
1030 4310 1126 4395 δρᾷς,
1149 4304 1341 4394 ἀντᾴσομαι.

528 4419 578 4483 κεί
602 4420 665 4504 γὰρ
689 4416 734 4483 δι’
763 4420 864 4502 ὄχλου
888 4413 977 4481 τοῦτ’
1006 4412 1075 4479 ἐστὶ
1098 4426 1169 4491 τοῖς
1191 4412 1388 4499 θεωμένοις,

528 4525 616 4609 ὅμως
638 4521 704 4609 ἔχει
728 4526 871 4609 τερπνόν
893 4546 925 4587 τι
947 4521 1002 4587 καὶ
1027 4523 1231 4610 κωμῳδικόν.

367 4630 456 4708 Quae
479 4633 558 4697 satis
580 4632 686 4716 lepide
709 4635 784 4697 sunt
807 4631 967 4716 exposita3
989 4650 1093 4713 neque
1116 4629 1150 4693 id
1173 4629 1297 4713 agimus
1321 4632 1359 4692 ut
1381 4626 1598 4693 dubitationes

367 4738 406 4804 de
438 4739 616 4823 scripturae
648 4739 848 4825 integritate,
880 4758 961 4821 quae
993 4736 1081 4821 quod
1114 4736 1252 4801 sciamus
1279 4733 1386 4799 adhuc
1413 4734 1597 4799 criticorum
1612 4762 1639 4803 ιι

365 4844 473 4911 nullae
500 4846 645 4931 fuerunt,
673 4866 858 4910 moveamus
885 4844 990 4927 primi.
1029 4841 1093 4909 sed
1116 4843 1272 4909 sermonis
1296 4863 1393 4908 causa
1415 4862 1496 4925 quae
1520 4840 1599 4905 dicit

1332 4946 1384 4999 19*
