3967 5725
388 601 455 665 214
603 604 702 656 XLIII.
721 604 837 655 INDEX
855 603 1071 656 uncilenum
1088 604 1320 657 AESTIVARUM
1340 608 1416 658 1896.

384 787 444 830 nos
471 764 607 830 facimus
634 786 707 831 cum
730 762 875 831 Usenero
903 787 1006 849 eoque
1031 765 1087 850 qui
1110 765 1201 831 illum
1225 771 1354 831 secutus
1377 772 1440 851 est,
1468 768 1557 852 quod
1579 767 1620 832 ad

384 872 547 940 τεθνάναι
568 871 651 936 nihil
673 872 748 937 addi
770 872 950 938 voluerunt.
984 870 1069 948 Quid
1088 894 1164 959 ergo
1184 872 1254 938 est?
1287 871 1395 939 Unum
1414 877 1515 939 restat
1534 875 1620 959 quod

385 983 571 1064 quaeratur,
598 978 737 1066 ῥᾳδίως,
765 979 792 1044 si
820 1001 931 1044 verum
959 982 1009 1043 est
1032 1001 1092 1044 nec
1115 979 1245 1045 aliunde
1268 980 1465 1065 adscriptum
1488 986 1545 1046 aut
1568 983 1619 1046 de-

384 1091 563 1171 pravatum,
586 1085 770 1172 potueritne
789 1087 831 1151 ad
848 1108 917 1151 eam
936 1107 1049 1152 vocem
1067 1087 1238 1171 pertinere,
1261 1088 1313 1153 cui
1331 1087 1477 1172 proxime
1496 1088 1621 1155 adiecta

384 1198 442 1280 est,
465 1198 641 1279 μελετῶσα.
673 1192 720 1260 Ut
742 1193 827 1259 enim
850 1215 890 1258 ne
914 1193 991 1259 huic
1014 1193 1143 1278 quidem
1167 1198 1235 1259 erat
1259 1194 1346 1279 quod
1368 1195 1548 1260 necessario
1567 1196 1620 1260 ad-

386 1301 521 1386 deretur,
540 1302 586 1366 ita
603 1304 689 1366 recte
708 1304 741 1366 et
759 1300 905 1384 apposite
924 1298 988 1366 diei
1008 1301 1114 1366 anima
1131 1304 1260 1386 poterat
1277 1300 1366 1366 illam
1380 1301 1620 1368 meditationem

384 1409 497 1473 mortis
516 1407 639 1493 ῥᾳδίως
652 1428 809 1490 exercere,
827 1407 891 1473 hoc
904 1411 954 1472 est
967 1429 1033 1472 non
1048 1407 1280 1491 ἀγανακτοῦσα
1294 1430 1398 1493 neque
1413 1431 1485 1474 cnm
1500 1431 1620 1495 angore

383 1519 441 1580 eut
461 1514 696 1600 indignatione;
718 1515 869 1580 θάνατον
888 1515 974 1579 enim
992 1515 1100 1598 ipsum
1119 1518 1152 1579 et
1170 1516 1331 1580 τεθνάναι
1350 1537 1432 1600 quse
1451 1537 1517 1580 non
1535 1537 1622 1581 vere-

383 1626 439 1686 tur
461 1626 517 1686 aut
539 1620 662 1707 refugit
684 1620 741 1686 sad
763 1620 910 1688 ardenter
933 1621 1142 1707 concupiscit,
1165 1621 1244 1707 quid
1265 1622 1383 1687 mirum
1406 1623 1493 1707 quod
1511 1623 1541 1687 ei
1558 1624 1621 1688 ista

345 1751 372 1791 ιο
385 1728 516 1814 μελέτη,
550 1750 631 1812 quae
663 1733 714 1793 est
743 1726 861 1813 μελέτη
893 1729 1058 1811 θανάτου,
1090 1727 1173 1793 nihil
1199 1729 1367 1794 molestiae
1394 1734 1451 1795 aut
1478 1731 1621 1816 aegrotis

385 1834 487 1919 affert,
510 1837 590 1920 quin
613 1835 652 1900 ad
676 1857 746 1901 eam
764 1834 881 1901 lubens
899 1857 936 1901 ac
954 1835 1056 1901 libera
1073 1834 1246 1902 incumbet.
1283 1835 1333 1901 Ita
1351 1834 1540 1922 philosophi
1558 1837 1620 1920 ipsi

386 1943 536 2008 dicuntur
558 1942 704 2029 ῥᾳδίως
722 1941 764 2007 διν
783 1941 914 2008 ἐθέλειν
934 1941 1165 2030 ἀποθνῄσκειν
1184 1942 1251 2029 (13,
1268 1940 1333 2029 16),
1353 1943 1405 2008 cui
1424 1944 1621 2010 contrarium

384 2054 434 2115 est
455 2048 656 2134 ἀγανακτεῖν
677 2046 955 2134 ἀποθνῄσκοντας
973 2048 1042 2137 (14,
1056 2048 1106 2137 9);
1129 2054 1162 2114 et
1185 2049 1272 2135 quod
1295 2049 1334 2115 de
1357 2050 1470 2116 iisdem
1489 2051 1621 2136 ponitur

384 2159 504 2244 ἄνδρες
532 2154 634 2240 σοφοί
661 2157 706 2234 ὡς
733 2156 864 2241 άληθῶς
887 2157 1050 2234 δεσπότας
1072 2156 1230 2239 ἀμείνους
1252 2157 1363 2222 αὑτῶν
1385 2158 1544 2241 φεύγοιεν
1566 2155 1621 2222 καὶ

384 2264 530 2350 ῥᾳδίως
557 2263 820 2330 ἀπαλλάττοιντο
848 2264 959 2330 αὐτῶν
987 2261 1060 2351 (14,
1086 2263 1141 2349 ll)
1170 2266 1226 2328 aut
1254 2263 1374 2328 ibidem
1402 2261 1554 2350 (14,19)
1583 2262 1621 2328 de

385 2370 517 2437 Socrate
546 2372 618 2456 ipso
646 2371 698 2436 ὅτι
726 2371 813 2437 οὕτω
841 2372 986 2457 ῥᾳδίως
1014 2369 1127 2456 φέρεις
1154 2369 1210 2436 καὶ
1237 2370 1322 2455 ἡμᾶς
1349 2370 1540 2436 ἀπολείπων
1567 2368 1621 2436 καὶ

385 2479 548 2563 ἄρχοντας
577 2478 743 2561 ἀγαθούς,
770 2476 937 2562 multaque
965 2477 1084 2568 similia
1111 2483 1248 2561 possunt
1277 2477 1391 2543 docere
1419 2477 1542 2564 ῥᾳδίως
1569 2477 1622 2563 agi

386 2585 459 2668 dici,
483 2585 569 2668 quod
597 2584 670 2669 quis
692 2584 832 2650 libenter
855 2607 893 2650 ac
915 2607 980 2650 non
1004 2585 1126 2650 invitus
1149 2584 1286 2669 ideoque
1308 2585 1404 2650 facile
1426 2588 1568 2650 sectetur
1590 2589 1677 2649 et12

385 2691 494 2757 efficit.
531 2690 585 2756 Aa
602 2695 754 2775 putamus
773 2691 912 2756 animam
931 2692 1038 2757 minus
1057 2695 1144 2757 recte
1164 2691 1286 2778 ῥᾳδίως
1305 2696 1445 2774 μελετᾶν
1463 2713 1559 2776 quam
1578 2694 1621 2777 μὴ

346 2818 372 2858 ω
386 2803 535 2884 χαλεπῶς
556 2798 746 2881 μανθάνειν
764 2795 940 2887 (Πολιτείᾳ
958 2822 989 2884 p.
1005 2799 1080 2881 364,
1097 2795 1153 2881 11)
1172 2797 1236 2864 dioi
1254 2799 1421 2884 potuisse?
1443 2796 1557 2884 Itaque
1576 2799 1623 2866 sic

384 2906 543 2973 rationem
567 2905 797 2989 concludimus,
820 2906 907 2991 quod
930 2906 1204 2991 simplicissimum
1228 2911 1297 2971 erat
1319 2906 1353 2970 id
1376 2908 1474 2972 etiam
1496 2907 1621 2971 verissi-

385 3036 473 3079 mum
492 3035 561 3079 essa
579 3012 772 3097 habendum,
791 3013 914 3100 ῥᾳδίως
931 3035 991 3080 nec
1009 3013 1223 3079 obiiciendum
1242 3035 1302 3078 nac
1320 3012 1509 3079 mutandum
1523 3013 1622 3079 fuisse

387 3121 442 3187 sed
471 3143 543 3187 oum
570 3125 739 3205 μελετῶσα
765 3122 974 3187 coniunctum
1001 3120 1035 3186 id
1058 3121 1171 3185 afferre
1194 3121 1372 3185 sententiae
1396 3121 1483 3204 quod
1506 3122 1534 3186 si
1557 3143 1622 3185 non

386 3228 567 3295 necessario
594 3231 629 3293 at
654 3228 778 3292 utiliter
800 3228 874 3293 addi
897 3232 1025 3312 poterat
1048 3231 1080 3292 et
1103 3226 1232 3314 egregie
1255 3228 1295 3293 ad
1317 3231 1457 3293 mentem
1481 3225 1622 3293 Socratis

388 3336 493 3402 facere
512 3335 647 3400 videtur.
681 3333 770 3399 Haec
788 3338 895 3400 autem
915 3356 1012 3419 quam
1031 3332 1170 3419 amplexi
1188 3355 1299 3399 sumus
1318 3338 1350 3400 et
1368 3334 1467 3399 tutati
1485 3333 1622 3399 Massilii

386 3442 493 3509 Ficini
519 3445 569 3506 est
596 3441 769 3527 sententia;
796 3442 853 3526 qui
879 3441 967 3526 quod
989 3440 1087 3506 verba
1109 3440 1256 3507 Platonis
1279 3442 1325 3506 ita
1347 3440 1487 3506 reddidit
1509 3439 1623 3505 Latine

385 3550 470 3635 ᾳιιοδ
485 3548 569 3615 mter
586 3554 630 3615 cat
647 3548 739 3614 aliod
754 3569 850 3630 quam
867 3554 946 3614 recte
957 3548 1177 3631 philosophari
1194 3554 1380 3631 mortemque
1396 3568 1431 3613 re
1443 3568 1517 3614 vcro
1528 3548 1624 3629 facite

386 3657 596 3740 commentari,
619 3659 652 3721 et
674 3657 835 3722 τεθνάναι
858 3659 955 3738 recte,
976 3676 1044 3719 non
1066 3676 1164 3740 prave
1188 3655 1310 3738 accepit
1333 3676 1393 3720 nec
1415 3654 1539 3743 ῥᾳδίως
1559 3654 1622 3719 nisi

386 3786 460 3830 cum
491 3768 658 3849 μελετῶσα
688 3762 842 3849 coniungi
869 3761 981 3827 voluit.
1024 3760 1086 3827 Sed
1115 3782 1184 3827 eam
1213 3761 1525 3845 interpretationem,
1556 3782 1623 3827 non

347 3888 373 3930 ω
386 3872 483 3937 nimis
510 3870 624 3936 scitam
650 3869 786 3935 fortasse
814 3868 870 3934 sed
898 3890 980 3953 quae
1007 3870 1200 3935 sententiam
1223 3867 1318 3952 plane
1341 3868 1513 3934 admodum
1536 3872 1622 3952 pate·

386 3977 498 4059 faciat,
529 3977 609 4042 adeo
637 3998 710 4055 cum
737 3978 926 4061 contemptu
953 3975 1065 4040 reiecit
1093 3974 1256 4040 Usenerus
1283 3979 1320 4042 ut
1347 3997 1414 4041 non
1441 3974 1509 4039 sine
1537 3997 1624 4039 vere·

388 4084 505 4151 cundia
527 4083 666 4169 quadam
689 4103 758 4147 eam
782 4080 973 4148 defensitare
991 4082 1240 4168 instituerimus3
1264 4104 1300 4147 ac
1321 4105 1362 4148 ne
1380 4103 1466 4148 nunc
1485 4081 1624 4168 quidem,

387 4196 599 4278 posteaquam
627 4190 769 4274 σμικρὸν
796 4190 1037 4275 φροντίσαντες
1065 4191 1281 4275 Σωκράτους,
1314 4199 1372 4274 τῆς
1399 4190 1437 4255 δὲ
1465 4188 1623 4273 άληθείας

388 4301 475 4365 πολὺ
493 4302 622 4379 μᾶλλον
640 4296 857 4363 defensionem
874 4302 1021 4363 nostram
1039 4298 1080 4363 ed
1098 4298 1196 4363 finem
1214 4299 1432 4383 perduximus,
1450 4318 1516 4362 non
1536 4318 1623 4361 rere-

388 4428 469 4486 mur,
490 4426 532 4469 ne
555 4402 596 4468 ab
619 4402 677 4469 illo
700 4407 733 4467 et
754 4402 796 4468 ab
819 4402 891 4469 aliis
916 4403 1019 4470 doctis
1040 4403 1123 4469 nihil
1141 4404 1245 4489 egisse
1264 4408 1296 4470 et
1315 4426 1389 4471 oum
1408 4403 1520 4469 l'icino
1538 4403 1623 4488 lapsi

389 4532 459 4577 esse
482 4510 709 4577 existimemur.
742 4508 840 4576 ’Λλλά
862 4519 966 4576 ταῦτα
988 4511 1050 4596 μεν
1073 4511 1126 4594 δή,
1149 4509 1214 4600 ὅπῃ
1237 4518 1283 4599 τῷ
1300 4517 1370 4600 θεῷ
1385 4513 1497 4595 φίλον,
1519 4511 1622 4594 ταύτῃ

388 4615 488 4702 ἐχέτω
507 4615 611 4683 τεκαὶ
625 4615 783 4699 λεγέσθω.
815 4615 919 4682 Nobis
935 4618 979 4682 sit
992 4617 1080 4700 satis,
1095 4616 1124 4681 si
1137 4617 1188 4681 his
1203 4619 1372 4684 sententiis
1387 4618 1466 4701 ipsis
1481 4615 1622 4683 Socratis

389 4727 437 4791 sic
458 4725 507 4791 uti
529 4724 694 4810 potuimus
717 4722 898 4808 explanatis
920 4723 962 4789 iis
980 4724 1009 4787 si
1033 4722 1088 4807 qui
1107 4723 1186 4787 haec
1203 4725 1312 4810 legent
1331 4723 1453 4809 aliquid
1471 4722 1623 4788 utilitatis

389 4836 446 4897 aut
459 4828 669 4897 iucunditatis
683 4828 830 4894 attulisse
844 4829 1053 4895 censebimus.
1082 4826 1149 4895 Sor.
1159 4853 1198 4895 m.
1209 4829 1379 4897 Decembri
1388 4853 1414 4895 a.
1425 4845 1623 4895 uncccxcv.
