3967 5725
391 1635 501 1709 LXII.
528 1635 683 1709 INDEX
709 1636 991 1710 LEOTIONUM
1017 1637 1349 1712 HlBERNARUM
1378 1635 1538 1734 1905J06.

313 1817 334 1873 8
440 1809 478 1875 ln
505 1811 566 1876 hac
588 1811 828 1877 enumeratione
851 1812 1305 1900 lectionumacademicarum
1328 1837 1410 1898 quae
1432 1815 1583 1900 proximo

350 1919 496 1983 semestri
527 1919 733 1984 habebuntur
764 1942 805 1983 ne
838 1924 992 1984 consueta
1019 1920 1162 2003 prolusio
1189 1921 1349 1986 litteraria
1377 1921 1584 2004 desideretur,

349 2025 573 2092 adnotationes
601 2025 756 2109 quasdam
778 2025 944 2091 Tullianae
970 2026 1178 2112 colligimus„
1195 2027 1334 2093 leviores
1357 2028 1430 2093 illas
1454 2029 1590 2112 quidem·

342 2132 406 2196 sed
428 2133 566 2197 fortasse
587 2153 653 2198 non
676 2132 808 2197 inutiles
831 2134 871 2198 iis
895 2134 1013 2217 quibus
1036 2133 1115 2198 haee
1139 2133 1317 2199 scribimus.

441 2240 469 2304 1.
492 2240 690 2324 Perpulchra
712 2244 789 2304 sunt
812 2261 893 2323 quae
912 2237 1023 2304 Cicero
1047 2239 1082 2304 in
1099 2239 1260 2324 principio
1280 2240 1386 2324 quinti
1406 2241 1445 2305 de
1463 2241 1584 2306 finibus

348 2345 435 2430 libri,
457 2369 530 2412 eum
554 2368 735 2412 sermonem
758 2345 897 2411 Athenis
920 2346 1070 2411 habitum
1093 2347 1210 2434 fingat,
1238 2370 1277 2412 ex
1298 2348 1444 2414 locorum
1467 2352 1584 2413 natura

348 2475 484 2518 exorsus
516 2454 555 2519 de
586 2477 703 2540 magna
731 2455 764 2518 vi
792 2453 925 2538 exponit
952 2474 1034 2536 quae
1062 2453 1141 2519 insit
1168 2453 1202 2519 in
1229 2455 1308 2520 locis
1336 2455 1416 2540 ipsis
1445 2477 1582 2538 quorum

349 2564 483 2644 aspectu
509 2562 664 2626 memoria
692 2563 851 2626 clarorum
879 2560 1025 2625 virorum
1053 2561 1109 2644 qui
1137 2559 1183 2625 ibi
1212 2561 1326 2647 degere
1351 2561 1439 2626 soliti
1462 2563 1585 2628 fuerint

349 2672 517 2732 moveatur
539 2672 571 2732 et
594 2668 760 2733 excitetur,
796 2666 847 2731 lbi
871 2664 916 2755 (1,
936 2668 965 2733 2.
985 2667 1020 2754 3)
1042 2667 1194 2733 Pisonem
1219 2673 1252 2733 et
1275 2667 1432 2745 Quintum
1450 2670 1583 2738 fratrem
1599 2695 1626 2734 ιο

348 2772 429 2839 haec
451 2775 535 2839 inter
557 2797 592 2840 se
615 2775 865 2841 sermocinantes
888 2775 1030 2840 induxit:

511 2884 594 2949 Tum
617 2882 695 2949 Piso
723 2883 895 2949 ‘aduram
921 2884 1011 2949 rioms
1037 2884 1106 2950 boc’
1135 2886 1240 2967 iuquit
1263 2885 1388 2949 ‘datum
1411 2886 1516 2950 dicum
1539 2906 1584 2951 au

510 3011 612 3055 urere
633 2992 781 3073 padam,
808 2997 856 3071 ui,
879 3011 948 3056 uim
972 3012 1009 3056 ea
1032 2991 1308 3075 locaveramus,
1332 2994 1366 3055 iu
1390 2992 1502 3073 quibua
1523 3013 1583 3057 me-

509 3099 612 3163 moria
629 3099 740 3181 dipsas
756 3100 841 3163 uiros
858 3099 1065 3179 acceperimus
1084 3098 1215 3163 midiuui
1233 3118 1296 3163 esse
1313 3104 1456 3177 uersam,
1480 3100 1584 3181 iuopia

510 3225 687 3270 mercamur
704 3226 800 3287 quam
817 3206 847 3270 si
864 3205 991 3286 quaudo
1010 3224 1114 3269 eorum
1132 3206 1273 3285 ipsumsi
1292 3210 1348 3269 aui
1363 3205 1450 3285 facio
1469 3206 1582 3269 audia-

510 3332 580 3377 mus
597 3318 654 3377 ud
669 3314 820 3394 scriptum
838 3310 967 3393 aliquod
984 3310 1145 3392 lepamus?
1175 3311 1264 3378 Veiui
1281 3332 1333 3393 epo
1351 3331 1435 3375 uuuc
1452 3331 1581 3376 moumr.

515 3418 606 3483 Verrii
627 3420 711 3484 arim
733 3418 814 3482 mibi
831 3416 978 3482 Platonis
1003 3418 1038 3480 iu
1055 3422 1194 3495 meatem,
1217 3438 1306 3499 quem
1325 3419 1499 3499 accepimus
1509 3419 1582 3499 pri-

510 3546 595 3590 muur
621 3526 673 3591 bic
698 3526 859 3607 disparare
884 3523 1026 3589 soiiium'
1049 3560 1094 3571 -
1112 3560 1165 3587 -.
1194 3522 1223 3588 3.
1248 3525 1330 3588 Tum
1362 3524 1496 3606 Quintus
1523 3524 1582 3589 ‘esi

503 3632 609 3714 plane,
638 3632 725 3712 Pico,
752 3638 788 3696 ui
813 3632 910 3697 diers'
937 3631 1048 3711 inquii.
1086 3629 1190 3695 ‘Nam
1214 3651 1262 3695 rue
1284 3632 1388 3712 ipsum
1411 3632 1470 3695 bue
1492 3631 1582 3696 moda

509 3742 677 3805 cerrima
699 3739 888 3805 comedebat
910 3739 955 3802 ad
975 3758 1040 3803 sese
1064 3736 1244 3803 Coloneus
1265 3737 1332 3802 iiie
1354 3738 1467 3814 loeus,
1494 3738 1625 3802 mursa

508 3846 611 3912 iueoia
635 3846 794 3930 Sepiades
815 3847 851 3913 ob
874 3846 974 3911 aedos
996 3845 1191 3927 vacabatur,
1213 3865 1302 3926 quem
1324 3846 1386 3910 scis
1407 3858 1502 3926 quum
1525 3844 1584 3907 ud·

509 3956 605 4019 mirer
636 3975 789 4038 quamque
815 3975 848 4019 eo
875 3952 1007 4020 deieder.
1045 3952 1103 4017 Me
1129 3953 1254 4034 quidem
1282 3951 1327 4016 ad
1352 3951 1494 4015 altiorem
1521 3970 1583 4015 ure·

509 4062 644 4126 moriam
667 4060 835 4145 Oedipodis
856 4060 916 4125 buc
936 4060 1089 4125 ceuieuiis
1110 4064 1138 4123 ei
1160 4058 1214 4123 iiio
1237 4059 1421 4124 molinario
1444 4058 1584 4122 euruiiue

508 4189 663 4249 σοαοοοοο
686 4174 784 4234 esserd
805 4168 880 4233 baec
902 4168 973 4248 ipsa
996 4166 1076 4231 ioca
1093 4167 1279 4248 requirentis
1296 4166 1409 4247 species
1427 4164 1583 4247 quaedam

508 4277 677 4355 commorit,
699 4276 839 4339 iuauiier
860 4273 983 4356 scilieet,
1005 4273 1061 4338 sed
1081 4273 1242 4338 mummii
1264 4270 1416 4358 iurum).

435 4485 499 4555 *25)
518 4485 596 4540 Haeo
618 4488 662 4540 est
684 4486 741 4539 ista
763 4484 899 4539 orationis
923 4483 1015 4537 forma
1038 4500 1095 4552 qua
1118 4482 1253 4554 Alciphro
1277 4481 1377 4537 scribit
1399 4480 1429 4535 in
1453 4478 1582 4549 epistolis

346 4578 390 4646 (m
405 4580 448 4641 87,
463 4578 490 4646 3)
509 4575 558 4630 uui
577 4575 630 4647 ἔχω
649 4574 698 4628 τὸν
717 4574 745 4639 ἐξ
763 4572 869 4644 ὕβρεως
888 4573 989 4641 ἄνδρα,
1009 4574 1060 4645 οὐχ
1080 4573 1182 4629 ἑκοῦσα
1196 4568 1256 4641 μέν,
1277 4568 1351 4640 ὅμως
1365 4566 1396 4624 db
1412 4570 1474 4643 ἔχω.
1502 4568 1587 4623 Idam.

347 4670 446 4731 rw
466 4666 500 4719 cb
519 4665 550 4719 di
569 4661 705 4733 uideatur
724 4662 802 4731 ὥραν
821 4661 892 4732 ἔχεις
910 4662 977 4731 ἐμοῦ
997 4664 1122 4724 διακαοῦς
1141 4658 1327 4730 φλεγομένου·
1347 4658 1417 4713 ἀλλὰ
1436 4667 1515 4729 χαῖρε
1532 4658 1581 4713 καὶ

346 4752 447 4809 ἄπιθι·
472 4754 525 4824 ἐγὼ
544 4752 576 4807 dt
595 4752 671 4820 oica,
691 4750 798 4824 βαρέως
815 4748 879 4819 μέν,
897 4750 963 4805 οἴσω
983 4748 1015 4804 δὲ
1036 4750 1109 4820 ὅμως
1127 4750 1178 4820 τὴν
1197 4747 1326 4818 ἀτιμίαν,
1344 4747 1395 4807 ubi
1412 4748 1512 4804 licebit
1530 4748 1589 4805 (111·Ι

346 4841 447 4908 bitere,
462 4860 547 4910 quam
561 4844 636 4896 recte
649 4840 796 4897 novissimi
810 4857 874 4895 cum
888 4838 993 4894 Cobeto
1009 4839 1087 4909 prins
1101 4838 1174 4893 illud
1189 4838 1256 4894 oica
1271 4838 1393 4893 deleant.
1422 4837 1487 4893 Non
1501 4854 1581 4894 secus

346 4931 434 4986 tertio
457 4930 585 5000 exemplo
608 4936 685 4996 139,
705 4936 720 4983 2
748 4939 837 4985 πᾶσαι
861 4935 1004 4997 παρῆμεν,
1035 4927 1157 4997 aarum
1249 4924 1320 4982 ὅπου
1344 4928 1392 4997 pul
1416 4926 1582 4997 Φιλουμένη,

401 5030 529 5071 Vahlsnl
543 5030 655 5078 opuscul·
668 5031 699 5070 11.
1332 5021 1366 5069 35
