3967 5725
765 580 815 629 DE
834 578 1010 631 VERSIBUS
1028 579 1210 630 asumma.
1563 574 1606 638 31

589 740 659 807 Hos
674 741 773 821 pean
795 742 909 819 000011,
926 760 1010 821 pars
1031 740 1143 804 oceidit
1163 740 1223 805 illa
1245 740 1364 805 duellis

371 846 438 911 Uni
465 846 630 911 Prisciano
663 868 774 911 versus
802 846 902 911 Ennii
933 868 1028 930 quem
1056 846 1135 910 dicit
1162 851 1312 931 acceptus
1338 846 1454 910 fertur:
1488 866 1552 928 quc
1580 844 1610 909 is

372 976 448 1018 usus
473 958 522 1017 est
544 958 582 1017 ut
606 954 764 1018 ‘necatum
788 952 887 1038 ferro,
911 957 1041 1018 neotum
1064 962 1140 1017 vero
1164 954 1229 1018 alia
1249 954 1283 1018 vi
1306 953 1520 1038 peremptum'
1545 950 1608 1016 dici

374 1060 586 1125 confirmaret.
632 1059 802 1125 Praeterea
833 1061 916 1125 nihil
948 1060 1119 1125 edocemur
1146 1082 1166 1123 a
1192 1062 1417 1147 grammatico:
1450 1063 1483 1122 et
1509 1057 1609 1123 Ennii

373 1168 520 1251 editores,
542 1166 699 1231 Columna
717 1172 750 1231 et
765 1168 820 1251 qui
836 1166 1012 1233 Columnae
1026 1188 1107 1251 opus
1121 1169 1339 1233 renovandum
1354 1166 1478 1232 curavit
1493 1164 1609 1229 Haase·

371 1274 444 1357 lius,
467 1274 545 1338 item
563 1274 787 1358 Baehrensius,
809 1273 893 1337 nihil
917 1274 956 1337 de
978 1275 1052 1339 loco
1075 1274 1227 1339 versiculi
1245 1274 1475 1356 coniectantes,
1497 1272 1538 1336 ad
1562 1270 1610 1337 in·

372 1386 460 1445 certa
487 1381 651 1445 annalium
679 1384 882 1446 rettulerunt.
929 1380 1114 1445 Novissime
1142 1403 1218 1446 vero
1247 1383 1303 1465 qui
1330 1386 1438 1445 totum
1465 1378 1609 1443 Ennium

372 1488 531 1553 edendum
559 1487 621 1552 sibi
649 1490 799 1572 sumpsit,
829 1489 863 1551 in
891 1492 1007 1572 quarto
1036 1487 1142 1552 11111111
1170 1510 1300 1553 versum
1328 1487 1438 1571 posuit
1464 1487 1609 1566 fidenter,

373 1616 468 1677 quem
495 1596 530 1659 in
558 1594 690 1660 adiectis
718 1595 957 1659 commentariis
985 1594 1153 1660 adnotavit
1174 1595 1319 1680 potuisse
1344 1595 1420 1660 ‘dici
1444 1594 1482 1659 de
1507 1592 1608 1659 Gallis

371 1698 568 1785 Capitolium
597 1701 837 1768 obsidentibus'
865 1702 936 1769 coll.
960 1701 1030 1766 Liv.
1050 1721 1072 1765 v
1091 1703 1148 1767 48:
1177 1724 1370 1786 quamquam
1400 1702 1520 1766 ibidem
1549 1698 1608 1763 ‘cis
1623 1722 1650 1762 ro

371 1809 468 1872 etiam
493 1809 570 1873 alibi
593 1808 700 1874 locum
727 1830 795 1873 esse
818 1808 980 1892 potuisse'
998 1808 1186 1873 conceditur
1205 1809 1318 1873 ‘veluti
1337 1809 1373 1873 in
1389 1807 1535 1873 Marcelli
1554 1809 1609 1872 ob·

275 1938 278 1945 ·
371 1915 495 1979 sidione
520 1913 760 2001 Syracusarum,
784 1916 913 1999 quando
937 1916 1036 1980 simili
1058 1916 1244 1999 pestilentia
1268 1915 1369 1981 Poeni
1392 1917 1459 1980 sint
1482 1915 1607 1981 afflicti'

371 2022 442 2086 coll.
462 2022 530 2087 Liv.
549 2040 623 2085 xxv
642 2022 693 2086 26.
735 2022 869 2087 Liviana
898 2045 979 2106 quae
1008 2022 1118 2087 attulit
1146 2023 1202 2106 qui
1230 2024 1419 2108 inspexerit,
1446 2024 1609 2108 intelliget

370 2133 509 2213 utroque
537 2131 610 2194 loco
634 2129 690 2194 sed
712 2130 816 2215 magis
840 2130 942 2195 altero
966 2130 1005 2193 dc
1028 2130 1214 2213 pestilentia
1237 2129 1367 2212 quidem
1390 2131 1443 2215 agi
1467 2129 1507 2193 ad
1530 2129 1608 2194 belli

369 2236 455 2300 mala
486 2236 670 2319 accedente,
703 2236 759 2300 sed
787 2258 882 2323 aegre
912 2238 1086 2321 quicquam
1115 2236 1256 2300 offendet
1284 2237 1371 2320 quod
1401 2237 1608 2301 declarandae

368 2342 535 2407 Ennianae
560 2343 715 2407 orationis
739 2344 931 2427 proprietati
955 2343 1117 2408 inserviat.
1159 2342 1249 2409 Haec
1271 2344 1358 2408 enim
1377 2360 1458 2427 quae
1481 2343 1607 2407 Ennius

369 2448 449 2513 dicit
467 2450 536 2515 Hos
548 2452 649 2530 pestis
665 2452 775 2529 necuit,
792 2470 875 2531 pars
893 2450 1006 2515 cendit
1022 2450 1081 2515 illa
1101 2450 1213 2515 duellis
1230 2457 1376 2533 nontam
1390 2449 1607 2515 narrationem

368 2578 476 2619 rerum
500 2560 663 2640 gestarum
687 2578 799 2641 sapere
823 2557 910 2621 dicas
935 2579 1031 2640 quam
1054 2558 1162 2622 nescio
1187 2579 1251 2641 quc
1270 2559 1406 2641 oonsilio
1424 2559 1607 2622 universam

370 2664 529 2745 quandam
552 2686 658 2727 rerum
682 2664 902 2728 condicionem
927 2664 1103 2749 designare.
1144 2663 1285 2729 Peritius
1310 2668 1346 2727 ut
1369 2686 1465 2748 saepe
1487 2664 1608 2729 Paulus

368 2769 493 2834 Merula
518 2770 602 2834 111110
624 2792 693 2835 rem
717 2770 894 2854 disputavit
918 2772 974 2855 qui
998 2793 1140 2854 versum,
1167 2772 1202 2835 in
1226 2794 1290 2854 quo
1314 2772 1410 2836 duelli
1434 2773 1485 2836 vel
1507 2772 1607 2837 100110
1621 2792 1649 2832 10

369 2878 467 2943 scribi
489 2879 618 2963 maluit,
641 2879 704 2943 hoe
728 2900 807 2943 sane
830 2901 937 2962 prave,
960 2879 1044 2943 libro
1068 2879 1192 2944 decimo
1216 2885 1307 2944 sexto
1331 2880 1495 2944 annalium
1519 2882 1608 2944 attri-

368 2984 440 3048 buit
462 2989 633 3069 prcpterea
656 2986 743 3069 quod
768 2986 909 3069 putabat
931 2985 1012 3050 haec
1035 3008 1116 3069 quae
1139 2986 1265 3050 Ennius
1290 2987 1367 3050 dicit
1389 3009 1485 3071 posse
1508 2989 1605 3052 luem
1674 3000 1676 3005 '

368 3093 512 3176 accipere
545 3115 584 3157 011
617 3094 656 3156 111
686 3114 769 3176 quae
797 3095 873 3156 sunt
902 3094 986 3177 apud
1014 3092 1142 3157 Livium
1169 3092 1290 3157 libxu
1313 3094 1370 3177 19,
1391 3096 1408 3157 7
1431 3092 1606 3179 (10573

367 3197 403 3262 P.
428 3197 576 3264 Cornelio
600 3198 738 3264 Lentulo
762 3199 804 3263 M.
833 3199 955 3264 Baebio
979 3199 1150 3283 Tamphilo
1179 3198 1273 3286 coss.)
1294 3201 1492 3282 pestilentiae
1518 3207 1608 3265 tanta

368 3307 415 3370 uis
442 3311 510 3370 erat
534 3313 570 3370 nt
597 3327 666 3370 curn
682 3313 812 3388 propter
836 3308 1035 3388 defectionem
1060 3305 1227 3372 Corsorum
1251 3308 1420 3389 1011000000
1442 3308 1481 3375 ab
1505 3307 1606 3372 Ilien·

366 3413 453 3477 sibus
480 3415 665 3478 0000110100
692 3415 728 3478 in
756 3413 913 3478 Sardinia
942 3420 1005 3479 oeta
1032 3415 1125 3479 rnilia
1146 3415 1291 3495 pediturn
1319 3437 1357 3480 ee
1378 3417 1471 3480 sociis
1493 3415 1606 3478 Latini

367 3521 507 3584 norninis
522 3520 695 3601 placuisset
711 3521 806 3586 soriti
825 3527 853 3584 et
870 3527 1017 3585 tenentos
1034 3523 1155 3602 aquilea
1178 3543 1253 3603 qnos
1272 3523 1322 3586 M.
1342 3522 1500 3586 Picarias
1511 3538 1607 3603 prae-

367 3632 415 3690 tor
437 3647 539 3691 secura
557 3629 593 3690 in
611 3625 802 3692 Sardiniam
821 3628 984 3710 traiiceret,
1003 3634 1126 3692 tanturn
1143 3629 1305 3694 hominurn
1324 3630 1517 3693 1000110010
1536 3647 1606 3706 esse,

367 3739 489 3798 tantum
512 3733 624 3814 ubique
641 3755 805 3816 aeprorurn
824 3733 960 3798 00010101
977 3736 1236 3819 renuntiaverint,
1258 3742 1294 3800 at
1310 3737 1340 3800 is
1357 3755 1506 3799 nunnus
1523 3736 1607 3817 effici

367 3839 504 3904 militurn
536 3861 599 3906 non
625 3843 770 3923 potuerit.
816 3837 931 3924 Itaque
964 3841 1012 3905 sio
1043 3828 1251 3906 existimabat
1278 3841 1378 3906 Ennii
1410 3842 1509 3905 verba
1542 3843 1605 3904 ‘vel
1619 3862 1647 3902 n

366 3950 481 4029 poetae
504 3947 555 4011 vel
574 3947 795 4012 Romanorum
819 3947 870 4012 vel
894 3946 1032 4030 denique
1055 3950 1217 4013 sociorum
1240 3949 1297 4032 qui
1320 3970 1439 4012 novum
1462 3948 1604 4012 militum

366 4053 525 4117 delectum
549 4054 769 4119 detrectabant
793 4055 939 4138 querelae
964 4075 1033 4119 0110
1056 4057 1177 4120 multos
1198 4055 1419 4139 superioribus
1438 4055 1533 4119 bellis
1551 4077 1605 4119 ne-

367 4163 465 4244 catos,
488 4164 598 4225 nectos
617 4183 694 4225 vero
712 4165 804 4246 peste
822 4161 990 4226 infinitos?
1029 4159 1165 4226 Addidit
1183 4162 1256 4244 alia,
1278 4166 1316 4226 ut
1333 4162 1490 4226 luxuriari
1509 4185 1605 4247 saepe

367 4267 574 4332 coniectando
608 4267 744 4347 solebat,
778 4270 894 4352 quibus
927 4270 961 4333 in
989 4269 1053 4332 hoc
1079 4269 1271 4352 explicando
1299 4291 1394 4334 versu
1421 4270 1470 4333 uti
1498 4269 1605 4353 liceat,

365 4374 455 4437 velut
477 4396 515 4438 ea
538 4396 619 4457 quae
643 4375 682 4439 ab
702 4371 887 4462 Augustino
912 4376 950 4440 de
975 4376 1104 4440 civitate
1128 4375 1179 4438 dei
1202 4394 1242 4439 111
1260 4397 1285 4440 c.
1308 4375 1347 4438 17
1365 4373 1411 4462 (et
1433 4380 1508 4460 post
1532 4397 1605 4440 eum

366 4479 406 4544 ab
427 4477 542 4544 Oresio
562 4481 647 4566 102,
669 4478 703 4568 1)
723 4482 807 4545 dea.
827 4481 942 4546 11418
967 4487 1138 4547 narrantur
1160 4484 1196 4547 in
1219 4489 1309 4547 tanta
1331 4489 1434 4565 strape
1456 4482 1604 4546 1101100000

365 4588 460 4650 etiarn
482 4587 664 4667 pestilentia
691 4589 800 4670 pravis
822 4595 929 4654 000110
951 4596 996 4653 est
1018 4590 1184 4654 usurarum
1207 4613 1232 4654 0.
1253 4612 1283 4673 q.
1302 4611 1341 4674 1.,
1368 4592 1425 4653 101
1448 4611 1529 4672 quae
1553 4590 1605 4651 Li-

367 4693 437 4758 vius
462 4692 496 4757 in
520 4693 656 4778 septimo
677 4716 702 4758 e.
724 4697 751 4758 1.
771 4717 797 4758 a.
817 4719 848 4758 u.
868 4693 1146 4761 asseuerante
1169 4703 1197 4762 01
1221 4697 1255 4778 Q.
1269 4695 1402 4763 Servilio
1421 4695 1604 4773 unseleins,

365 4806 394 4864 01
416 4799 455 4865 ab
478 4801 628 4867 seditione
651 4807 677 4865 et
700 4823 722 4866 a
744 4802 818 4866 bello
842 4803 953 4883 quietis
975 4801 1077 4882 00101,
1104 4825 1144 4868 ue
1166 4803 1292 4884 quando
1315 4824 1336 4868 a
1360 4805 1441 4866 metu
1463 4821 1501 4864 aa
1517 4803 1606 4880 pert-
