3967 5725
521 661 571 710 nn
589 659 753 710 usnemu
771 659 932 710 caninus
949 659 1136 711 euoomoo
1154 661 1229 711 vm.
1249 661 1339 710 mse.
1354 661 1391 711 11.
1528 657 1593 721 539

495 819 672 903 σειομένην
691 817 877 896 Ἑλικῶνος.
900 818 976 904 ἐμαὶ
999 823 1087 904 θεαί,
1111 827 1233 902 εἴπατε,
1257 825 1406 903 Μοῦσαι,

495 922 516 1009 ἦ
540 926 569 1011 ῥ’
598 926 690 992 ἐτεὸν
713 926 867 1011 ἐγένοντο
891 930 966 992 τότε
989 929 1088 1011 δρύες
1110 928 1209 1012 ἡνίκα
1232 929 1391 1012 Νύμφαι;

496 1034 652 1118 “Νύμφαι
675 1034 736 1117 μὲν
759 1036 944 1118 χαίρουσιν,
969 1035 1023 1100 ὅτε
1046 1036 1150 1118 dorius
1174 1037 1299 1119 ὄμβρος
1323 1033 1418 1116 ἀέξει,

407 1141 450 1207 85
495 1143 640 1224 Νύμφαι
663 1139 693 1205 d'
722 1136 764 1206 αὖ
787 1145 975 1225 κλαίουσιν,
1000 1143 1053 1208 ὅτε
1077 1143 1198 1225 δρυσὶν
1222 1141 1332 1207 οὐκέτι
1356 1143 1487 1225 φύλλα.’

363 1247 456 1324 Quod
477 1249 623 1333 nympha
645 1271 740 1333 passa
763 1270 833 1314 esse
857 1249 983 1333 dicitur,
1007 1249 1272 1334 interrogationis
1297 1269 1426 1313 causam
1447 1248 1597 1333 praebuit

361 1351 382 1438 ἦ
412 1354 441 1440 ῥ’
473 1353 565 1420 ἐτεὸν
593 1354 748 1438 ἐγένοντο
776 1358 850 1420 τότε
878 1357 978 1440 δρύες
1001 1357 1099 1440 ἡνίκα
1122 1355 1266 1440 νύμφαις
1295 1356 1351 1419 sed
1374 1355 1414 1419 ad
1437 1376 1508 1419 eam
1530 1354 1597 1420 non

361 1462 587 1546 respondetur,
614 1484 726 1527 verum
753 1464 815 1527 hac
843 1462 1060 1527 intercedente
1088 1463 1236 1527 universe
1264 1482 1346 1545 quae
1374 1462 1417 1526 sit
1444 1463 1598 1546 nymphis

363 1592 436 1635 cum
474 1569 655 1653 quercubus
692 1570 890 1634 consociatio
928 1569 1096 1635 indicatur.
1162 1567 1202 1633 In
1233 1567 1399 1653 Euripidis
1432 1569 1598 1653 tragoedia

362 1675 503 1743 Hercule
527 1680 559 1740 et
582 1676 713 1761 Megara
737 1676 821 1740 inter
844 1699 878 1741 se
901 1675 1191 1741 sermocinantibus
1217 1673 1311 1762 (558)

523 1793 583 1842 ΗΡ.
631 1783 718 1847 οὕτω
743 1782 774 1848 δ’
802 1783 942 1860 ἀπόντες
964 1781 1181 1866 ἐσπανίζομεν
1205 1785 1328 1867 φίλων,

514 1901 580 1950 ΜΕ.
628 1892 721 1974 φίλοι
746 1893 809 1975 γάρ
833 1893 921 1956 εἰσιν
945 1889 1043 1974 ἀνδρὶ
1068 1892 1226 1975 δυστυχεῖ
1249 1892 1350 1968 τίνες;

408 1997 474 2063 560
524 2007 583 2056 ΗΡ.
631 1998 736 2082 μάχας
759 1994 796 2062 dt
819 2001 966 2063 Μινυῶν
988 1997 1028 2074 ἃς
1051 1994 1149 2082 ἔτλην
1173 1996 1377 2075 detinendum

515 2114 581 2164 ΜΕ.
628 2107 762 2189 ἄφιλον,
785 2103 827 2170 ἵν’
856 2101 958 2180 αὖθίς
981 2125 1035 2170 σοι
1059 2103 1155 2187 λέγω,
1178 2105 1215 2169 τὸ
1240 2103 1411 2187 δυστυχές,

363 2211 495 2299 Megara
525 2233 591 2276 non
624 2212 797 2295 respondet
825 2211 959 2277 Herculi
990 2211 1027 2275 de
1055 2210 1176 2294 Minyis
1204 2206 1433 2295 interroganti,
1469 2210 1524 2276 sed
1551 2233 1599 2274 re-

364 2319 447 2402 petit
477 2341 574 2402 quam
607 2322 701 2382 antea
733 2319 850 2382 extulit
879 2319 1071 2386 sententiam
1099 2317 1296 2400 universam,
1329 2340 1392 2401 qua
1419 2317 1517 2380 simul
1544 2318 1599 2382 isti

364 2426 546 2510 quaestioni
569 2426 735 2491 satisfacit.
773 2425 823 2490 Ne
847 2427 920 2509 quis
943 2425 1023 2490 haec
1046 2425 1151 2510 poetis
1174 2429 1301 2488 tantum
1324 2424 1420 2488 licere
1439 2423 1533 2506 dicat,
1556 2424 1599 2489 le-

364 2533 470 2618 gimus
493 2533 528 2596 in
552 2534 632 2597 actis
656 2531 908 2621 Francogallicis
935 2533 1046 2597 nescio
1070 2553 1166 2616 quem
1190 2535 1353 2596 auctorem
1377 2531 1457 2595 haec
1480 2531 1519 2594 de
1542 2531 1600 2595 im-

364 2639 533 2723 peratricis
564 2638 744 2704 Fridericae
778 2639 891 2705 morbo
924 2644 958 2703 et
989 2660 1121 2704 excessu
1152 2641 1349 2702 narrantem:
1382 2638 1437 2703 elle
1468 2641 1601 2721 esperod

363 2749 543 2832 dissipor
565 2747 670 2812 l’cucis
693 2747 736 2810 du
759 2747 833 2826 mat,
856 2767 928 2812 uscr
949 2767 988 2812 su
1009 2748 1092 2828 force
1116 2747 1349 2830 durissimae,
1372 2766 1443 2810 uscr
1466 2765 1503 2810 su
1520 2747 1600 2810 uitu-

363 2853 421 2920 titc'
448 2892 490 2901 —
523 2861 552 2920 et
580 2876 618 2919 eu
645 2855 731 2937 μου.
772 2854 829 2919 Eu
857 2856 955 2921 ouius
996 2855 1042 2920 Lc
1062 2855 1241 2936 μανίαισιν
1269 2853 1414 2932 Rcuuers,
1443 2852 1470 2918 ie
1495 2853 1602 2936 pruud
1614 2880 1641 2919 ιο

364 2963 502 3027 ruc‘deciu
528 2962 696 3046 ultcmuud,
724 2963 836 3045 appeti
853 2965 968 3045 uuprds
990 2962 1028 3027 de
1050 2962 1199 3043 l’uupuste
1221 2961 1355 3040 muludc,
1383 2960 1540 3025 l'urruebu
1564 2961 1601 3025 dc

363 3070 490 3150 forced
513 3089 544 3134 cc
565 3070 685 3135 suicide
703 3069 861 3153 pitoyubtc
883 3076 967 3135 eutrc
989 3076 1065 3134 tous.
1101 3068 1152 3133 De
1172 3069 1256 3149 force
1278 3067 1311 3131 λα
1323 3088 1446 3149 puriore
1464 3073 1601 3151 martyre

362 3177 415 3257 fut
440 3176 557 3241 cuteoe‘c
584 3177 623 3241 dc
649 3197 680 3241 cc
702 3176 740 3241 tit
762 3178 853 3257 qu'ou
875 3178 996 3241 u'aouit
1017 3195 1081 3257 pus
1103 3174 1259 3255 upprocbe‘
1277 3174 1387 3255 depuis
1409 3194 1447 3237 so
1470 3173 1600 3254 defense,

365 3289 400 3362 ei,
428 3286 520 3366 apres
547 3284 657 3348 l’auoir
682 3284 814 3365 sordific'c
841 3289 869 3347 ct
895 3284 1023 3364 soipuec,
1052 3302 1092 3346 ou
1119 3282 1216 3345 obtiut
1243 3279 1280 3343 dc
1303 3279 1335 3343 la
1362 3280 1448 3360 faire
1469 3281 1601 3362 souffrir

311 3400 351 3457 14
365 3410 471 3455 eucore
501 3391 644 3473 quelques
669 3391 749 3455 mois
777 3390 815 3454 dc
834 3389 919 3471 plus.
965 3389 1040 3453 Lui
1067 3393 1190 3451 u-t-ou
1216 3386 1335 3450 rcudu
1361 3407 1411 3450 uu
1438 3385 1600 3451 service?

370 3496 424 3563 Oa
451 3519 472 3562 u
499 3499 577 3579 fuit
602 3518 667 3562 sou
696 3498 832 3562 devoir.
868 3494 1085 3580 Interrogatio
1111 3493 1254 3558 subiecta
1277 3515 1311 3556 re
1334 3492 1436 3557 relata
1458 3492 1601 3557 contine-

365 3603 475 3668 batur:
494 3604 707 3690 respondetur
726 3608 833 3668 autem
852 3625 918 3667 non
937 3602 977 3667 ad
996 3602 1088 3685 hanc,
1108 3602 1163 3666 sed
1181 3601 1394 3683 respondetur
1411 3623 1476 3666 non
1493 3600 1601 3664 minus

365 3732 440 3775 vere
464 3715 496 3775 et
520 3712 650 3775 adrem
674 3715 836 3776 narratam
860 3708 1109 3775 accommodate.

455 3817 595 3882 Tantum
619 3818 657 3882 de
680 3819 743 3883 hoc
766 3818 848 3901 colo,
878 3822 910 3881 et
934 3815 1085 3880 ridebunt
1108 3815 1137 3879 si
1161 3816 1217 3899 qui
1239 3814 1319 3879 haec
1341 3815 1451 3898 legent
1474 3818 1601 3877 tantum

366 3926 521 4010 strepitus
552 3925 671 3990 factum
708 3925 745 3989 de
778 3946 812 3989 re
844 3924 948 3989 nihili.
1009 3920 1072 3987 Sed
1103 3921 1292 4006 priusquam
1324 3921 1365 3984 ad
1397 3919 1601 3985 iudicandam
1615 3943 1642 3983 ιο

366 4032 571 4116 stropharum
595 4032 817 4097 condicionem
841 4031 1029 4096 accedamus
1054 4051 1137 4113 quae
1158 4028 1218 4093 has
1237 4028 1472 4095 controversias
1491 4027 1601 4109 movit,

367 4138 447 4203 duae
480 4140 578 4203 etiam
607 4162 688 4223 quae
715 4139 931 4223 insequuntur
957 4136 1053 4200 huius
1082 4140 1195 4201 cantus
1223 4136 1392 4219 pericopae
1421 4134 1527 4198 obiter
1553 4134 1602 4197 in·

364 4246 548 4329 spiciendae
571 4250 655 4310 sunt.

366 4328 375 4345 ’
438 4353 479 4417 51
616 4352 726 4434 Ικιιφι
749 4351 932 4418 Μαιναλίου
954 4370 1080 4428 mecum,
1104 4349 1282 4427 mentitio,
1305 4367 1419 4413 ausus.

528 4461 623 4525 Nuac
644 4466 672 4524 ci
694 4460 760 4524 ouis
781 4458 862 4523 uitro
883 4459 989 4539 supiut
1011 4457 1111 4538 lupus,
1135 4476 1232 4520 aureo
1256 4456 1354 4519 durae

527 4567 625 4632 Malu
646 4568 752 4648 seruat
774 4586 909 4648 quercus,
932 4565 1073 4629 amasso
1095 4563 1205 4644 floreat
1227 4561 1328 4639 uiuus,

529 4673 673 4757 Piuquiu
696 4672 858 4738 ominus
880 4671 992 4737 sudeut
1014 4669 1123 4735 electra
1146 4670 1290 4751 myricae,

437 4780 483 4847 55
531 4779 653 4845 Cedent
675 4786 703 4845 et
725 4780 828 4863 menis
850 4778 962 4856 αλαλαα,
985 4778 1028 4842 sit
1051 4778 1180 4859 Tityrus
1207 4774 1352 4857 Orpbeus,

534 4887 673 4969 Orptreus
694 4889 731 4951 iu
753 4886 850 4964 sidcis,
873 4887 955 4949 iuter
978 4883 1144 4965 delphinus
1165 4883 1280 4947 Ariou.
