3967 5725
502 625 751 680 remoremur
769 624 810 676 m
829 625 1024 678 CICERONIS
1044 624 1201 677 somme
1218 625 1468 680 PHILOSOPHIS.
1537 625 1604 692 333

369 803 564 874 quamquam
583 809 621 852 ea
638 808 733 853 nemo
752 787 840 870 quod
858 788 997 852 sciamus
1012 787 1208 872 vituperavit
1221 791 1277 853 aut
1290 788 1410 873 reiecit,
1428 811 1495 855 non
1507 791 1603 856 nimis

369 897 450 960 scite
472 895 689 960 conformasse
711 893 867 958 rideatur.
904 892 988 958 Nam
1011 893 1152 959 aidanus
1175 895 1328 978 quoniam
1346 917 1413 960 non
1431 899 1540 980 potest
1557 897 1603 962 in·

370 1001 475 1089 telligi
501 1002 564 1066 nisi
592 1002 680 1082 apud
702 1000 867 1066 Platonem
895 998 944 1086 (in
967 1001 1058 1064 libris
1082 999 1243 1087 Platonis)
1265 1003 1409 1067 videmas
1424 1003 1524 1086 lusos,
1551 1003 1604 1068 bis

369 1131 466 1193 qnam
493 1130 561 1173 non
588 1111 662 1192 apte
688 1107 938 1192 praemittantur
963 1107 1021 1172 illa
1045 1113 1081 1173 at
1102 1128 1118 1172 e
1141 1107 1275 1173 Platona
1296 1109 1431 1192 iatetiipi
1446 1116 1548 1192 potest
1569 1113 1604 1176 in

368 1220 481 1300 aperto
505 1219 562 1282 est·
603 1213 692 1291 Quae
713 1213 811 1280 verba
834 1233 898 1298 quo
921 1214 1018 1280 modo
1040 1217 1126 1279 recte
1149 1216 1229 1299 poni
1250 1216 1430 1300 potuerint,
1457 1217 1604 1302 exemplo

369 1325 435 1388 'sint
449 1320 505 1387 illa
519 1343 601 1406 quae
614 1323 649 1386 in
663 1319 813 1387 Academ.
828 1338 840 1385 1
854 1321 886 1405 4,
897 1321 939 1386 16
952 1321 1107 1406 leguntur
1120 1323 1223 1388 omnis
1237 1324 1304 1388 eius
1317 1320 1489 1412 (Socratis)
1503 1327 1603 1390 oratic

369 1436 493 1495 tuatim
515 1430 553 1494 ia
573 1430 686 1494 einais
707 1428 874 1493 wadonis
895 1434 925 1493 et
945 1430 983 1493 in
1000 1429 1178 1494 bominibus
1195 1431 1240 1494 ed
1255 1431 1382 1496 virtuts
1398 1431 1538 1496 mium
1555 1451 1603 1497 co·

369 1537 533 1602 tenendis
559 1535 805 1615 anamma,
832 1541 869 1600 ut
893 1555 910 1600 c
932 1534 1160 1602 Socraticorum
1188 1537 1279 1602 tibris
1305 1539 1500 1620 maximeque
1524 1538 1603 1604 Pla

368 1646 450 1710 mis
467 1643 602 1726 aazias·
613 1649 721 1724 potest.
749 1641 801 1706 Ad
820 1663 931 1707 eornm
949 1665 1096 1708 normam
1111 1643 1168 1708 illa
1181 1645 1234 1708 vel
1247 1645 1294 1710 sic
1307 1643 1440 1710 formari
1453 1649 1603 1729 poterant

370 1752 508 1834 Gorpics
534 1756 562 1815 ct
588 1749 754 1833 mpbiaoe,
781 1756 816 1815 ut
838 1769 855 1815 e
877 1747 1011 1815 Platone
1031 1749 1166 1833 ababa·
1182 1757 1295 1833 poten,
1323 1752 1386 1817 iusi
1407 1758 1484 1817 asni.
1502 1773 1525 1817 c
1545 1752 1644 1822 Soa

368 1864 458 1937 orata
482 1856 533 1922 vel
556 1879 621 1922 non
644 1857 750 1921 minus
772 1860 858 1921 recte
881 1861 938 1922 aut
954 1856 1070 1922 Latine
1091 1857 1244 1940 Gaqasa
1267 1864 1295 1923 et
1315 1859 1471 1942 sophistas
1489 1881 1507 1924 e
1524 1860 1603 1925 Pla

368 1972 437 2031 wne
463 1965 598 2047 intctiipi
614 1970 715 2047 potest
736 1960 820 2030 lases
842 1983 864 2029 a
886 1963 1020 2029 Socrate.
1058 1962 1121 2029 Sed
1143 1968 1278 2049 apparet
1300 1968 1515 2040 neutrumne
1536 1968 1603 2032 rio·

367 2073 469 2137 lentie
492 2070 620 2156 quidem
643 2071 772 2135 restitui
794 2087 900 2155 posse,
923 2075 957 2136 et
973 2071 1070 2136 nobis
1088 2070 1151 2136 hoc
1169 2071 1328 2157 agendum
1348 2076 1406 2154 est,
1428 2094 1494 2138 non
1512 2076 1550 2137 ut
1568 2073 1603 2138 in

332 2191 351 2248 5
370 2179 515 2244 ordinem
538 2196 691 2264 cogamus
713 2177 912 2262 scriptorem,
935 2177 992 2242 sed
1013 2181 1052 2242 ut
1074 2177 1292 2264 intelligamus
1315 2200 1381 2266 quo
1403 2181 1534 2245 nomine
1551 2179 1604 2244 vel

368 2307 432 2370 qua
445 2290 537 2372 parte
551 2309 570 2351 a
584 2285 746 2350 severiore
756 2283 921 2370 cogitandi
934 2284 1128 2369 loquendive
1141 2285 1267 2351 ratione
1282 2285 1454 2351 deflexerit.
1481 2283 1603 2364 Quodsi

369 2395 441 2475 quis
463 2391 543 2457 haec
560 2392 734 2459 attenderit
751 2392 970 2458 accuratiusre
988 2394 1190 2477 perspexerit
1208 2413 1290 2477 quae
1309 2391 1387 2458 dicit
1404 2395 1439 2458 in
1458 2395 1603 2462 cretione

368 2498 409 2563 de
429 2492 565 2585 imperio
589 2497 647 2564 On.
670 2499 819 2584 Pompeii
839 2499 872 2578 Ἰ,
892 2499 935 2563 19
958 2521 979 2564 c
1002 2520 1060 2581 qao
1077 2499 1218 2582 perinde
1235 2499 1394 2582 petaso
1414 2501 1479 2566 rem
1496 2501 1602 2582 publi

368 2627 438 2672 com
459 2613 487 2672 ct
510 2608 603 2672 mibi
620 2607 770 2685 credite,
793 2607 834 2672 id
850 2607 948 2688 quod
964 2605 1211 2689 ipsioidetis,
1233 2607 1308 2672 baec
1324 2608 1403 2690 fides
1420 2614 1512 2690 atque
1528 2608 1603 2673 baec

367 2715 450 2779 ratio
466 2716 685 2798 processissem,
707 2732 787 2795 pace
804 2714 925 2780 Βοιιιαε
946 2720 1095 2794 casaur,
1118 2715 1283 2796 inepie'cctc
1305 2719 1350 2780 est
1370 2734 1440 2780 cum
1463 2714 1529 2781 illis
1544 2736 1602 2797 pe·

367 2823 471 2887 aare
488 2821 650 2900 Asiaticis
674 2824 731 2885 ant
753 2819 810 2887 illa
833 2821 866 2885 in
885 2820 1059 2887 Planciano
1078 2820 1131 2904 36,
1150 2819 1192 2887 89
1216 2822 1254 2886 id
1275 2823 1310 2887 in
1330 2820 1601 2905 aareprebasdis,
1616 2849 1642 2891 so

367 2930 451 3012 qaod
466 2929 636 3012 Q.Mateiio
649 2928 922 2994 ioadidctumest
936 2978 961 2993 ..
975 2948 1073 3010 qwm,
1087 2928 1603 3014 utpotesesmaltisnadire,

367 3038 423 3120 qai
444 3043 512 3101 tam
534 3037 712 3117 adfuerant,
735 3041 884 3101 constat
904 3036 1106 3101 invitissimis
1122 3038 1203 3100 viris
1220 3036 1309 3101 bonis
1326 3038 1456 3115 assiae,
1480 3037 1513 3100 in
1532 3038 1602 3121 qui-

328 3207 332 3211 .
367 3143 430 3208 bus
455 3144 533 3208 item
561 3164 673 3227 pamm
696 3141 797 3226 polite
820 3142 1040 3226 cumulentur,
1069 3162 1207 3225 quorum
1230 3143 1366 3207 alterum
1389 3146 1500 3207 utrum
1524 3145 1601 3208 ratis

368 3254 449 3333 erat,
473 3243 677 3315 similitudini
699 3249 762 3314 hoc
786 3249 925 3313 dandum
949 3271 1019 3314 esse
1041 3249 1210 3332 fatebitur,
1233 3253 1332 3313 utne
1356 3248 1497 3313 severius
1511 3249 1602 3323 iudi-

368 3379 477 3422 cemus
500 3360 557 3421 ant
578 3356 636 3422 illa
655 3357 693 3420 de
711 3356 831 3421 finibus
850 3354 949 3422 rerba
965 3360 1022 3420 aut
1041 3376 1116 3421 eea
1133 3356 1252 3441 quibus
1271 3356 1379 3420 exorsi
1398 3355 1476 3420 haec
1494 3356 1603 3441 dispu-

340 3465 514 3529 tavimus.
552 3462 635 3529 Sunt
663 3467 770 3528 autem
798 3464 895 3528 etiam
918 3464 995 3546 alia,
1022 3465 1057 3529 in
1079 3462 1197 3546 quibus
1222 3462 1470 3547 comparabilem
1486 3463 1602 3529 incon-

368 3573 519 3636 stantiam
543 3572 595 3637 vel
613 3573 719 3635 minus
739 3572 889 3636 concluse
908 3566 1087 3635 orationem
1106 3572 1260 3634 structam
1280 3590 1474 3656 cognoscere
1491 3569 1601 3635 liceat:

368 3679 425 3744 sed
447 3700 485 3743 ea
507 3699 593 3742 nunc
615 3679 766 3762 persequi
788 3678 948 3742 nolumus.
1082 3696 1084 3703 ’

457 3783 509 3848 Ad
532 3782 724 3848 Academica
751 3784 905 3867 redimus,
928 3785 963 3848 in
987 3784 1103 3868 quibus
1127 3804 1201 3848 cum
1224 3784 1290 3867 14,
1311 3783 1352 3848 13
1380 3783 1460 3849 baec
1483 3785 1602 3867 scripta

367 3884 475 3957 essent
1311 3888 1313 3891 ¹
1615 3918 1642 3959 so

369 4028 373 4033 ⁷
501 3998 649 4063 Antiociei
676 3999 825 4081 manaa
847 3996 954 4078 Pauo,
982 4018 1117 4082 muyans
1141 4000 1203 4077 cer,
1231 4004 1266 4065 ut
1287 4004 1321 4063 tu
1344 3998 1505 4063 crisim
1527 3998 1601 4077 ipsa

501 4112 594 4189 noym
615 4108 651 4170 ia
673 4105 771 4184 tibris,
793 4106 877 4186 quod
898 4126 1003 4171 corora
1026 4106 1121 4171 amm
1144 4100 1182 4170 ea
1198 4107 1266 4187 ipso
1284 4105 1497 4182 astamus,
1520 4104 1603 4169 decas

369 4240 375 4245 ·
448 4260 452 4265 -
501 4212 694 4277 Academias
715 4232 778 4277 csse
799 4232 991 4294 erroremque
1012 4234 1118 4277 mrum
1141 4214 1196 4294 qui
1218 4215 1264 4277 ito
1283 4217 1437 4294 pataram
1454 4212 1601 4293 worpeeit.

501 4320 575 4399 Est,
604 4321 720 4401 aqui,
752 4324 788 4383 at
817 4320 914 4397 dicis;
945 4320 1000 4385 scd
1030 4322 1177 4402 morere
1207 4326 1235 4385 te
1265 4340 1329 4385 coc
1361 4318 1500 4383 arbitror¹
1523 4315 1603 4399 qaae

500 4432 630 4493 contro
652 4426 831 4491 Philonis
852 4425 1025 4491 Antiochus
1046 4428 1212 4509 sorpserit

366 4533 541 4599 Muellerus
563 4556 605 4597 ne
629 4532 702 4617 quis
725 4533 881 4597 titubaret
899 4533 933 4596 in
951 4532 1002 4597 bis
1021 4554 1103 4617 quae
1122 4537 1197 4598 sunt
1215 4539 1322 4599 wate
1341 4531 1495 4611 Philonis,
1519 4552 1601 4616 quos

366 4642 402 4706 in
424 4640 547 4707 deliciis
566 4640 664 4705 habet
682 4661 782 4705 uncos
801 4640 926 4704 nomini
944 4641 1084 4705 incertae
1103 4641 1240 4726 originis
1259 4639 1487 4727 significandae
1505 4661 1602 4705 causa

368 4751 528 4833 apposuit,
547 4769 742 4833 quamquam
763 4746 847 4810 idem
866 4747 900 4811 in
914 4748 1117 4831 praefatione
1137 4748 1177 4812 ad
1195 4748 1226 4811 h.
1245 4747 1266 4813 l.
1285 4746 1465 4832 profitetur,
1483 4769 1517 4811 se
1535 4767 1602 4811 non

367 4856 617 4921 intercessurum
650 4856 678 4919 si
711 4854 784 4938 quis
815 4857 874 4917 aut
902 4861 1010 4921 contra
1037 4854 1190 4920 Plutonia
1217 4855 1308 4921 malit
1336 4874 1409 4919 oum
1436 4852 1601 4939 Madvigio
