3967 5725
384 615 437 679 ,64
585 616 723 667 XXXVII.
743 615 858 665 INDEX
876 613 1090 666 LEOTIONUM
1107 611 1341 664 AESTIVARUM
1361 612 1440 661 1893.

392 776 524 859 tionem,
555 799 622 841 non
654 777 697 841 sit
731 776 817 860 quod
848 774 985 860 probam
1018 776 1210 839 senteutiam
1242 791 1472 857 expungamus.
1524 767 1628 850 Atqui

394 883 664 949 Wilamowituius
687 884 757 967 ipse
782 883 870 966 quod
893 882 933 946 ab
957 874 1033 947 olda
1056 882 1170 966 procul
1192 880 1291 945 hebet
1312 879 1348 943 iu
1371 877 1540 942 modorum
1562 875 1627 938 for-

395 991 457 1056 mis
481 1013 554 1057 cum
577 990 634 1055 illo
659 989 839 1057 coniunctis
864 990 1025 1075 agnoscit:
1048 988 1194 1053 velutin
1217 1010 1245 1051 v.
1266 986 1330 1051 617
1352 1006 1448 1069 quem
1467 1005 1565 1067 supra
1582 985 1629 1045 te-

395 1100 538 1183 tigimus,
562 1096 674 1163 ἐλδὼν
692 1097 833 1163 τάνθάδ’
859 1098 983 1179 εἰδείην
1006 1097 1122 1180 πώρος,
1145 1096 1263 1179 inquo
1283 1095 1407 1176 είδείην
1424 1090 1631 1155 Hermannus

396 1205 627 1292 ‘cognoverim'
649 1207 889 1289 interpretetur,
913 1204 1182 1269 Wilsmowitzius
1205 1196 1315 1285 ἦλθον
1333 1252 1340 1265 .
1360 1251 1367 1264 .
1391 1198 1515 1264 εἰδέναι
1538 1218 1630 1281 repo·

396 1314 471 1395 suit,
499 1315 531 1376 et
553 1312 617 1377 hoc
640 1316 672 1376 et
695 1312 776 1376 illud
798 1332 865 1375 non
888 1312 1018 1388 sciendi,
1047 1310 1103 1375 sed
1125 1308 1329 1396 agnoscendi,
1358 1304 1536 1390 aspiciendi
1563 1304 1630 1367 vim

395 1418 515 1484 babere
533 1419 739 1483 menifestum
765 1423 826 1483 est:
850 1418 937 1502 quod
960 1440 1025 1502 quo
1045 1418 1115 1481 iure
1138 1417 1208 1481 fieri
1230 1417 1383 1500 potuerit,
1407 1410 1631 1497 compluribus

396 1526 552 1611 exemplis
575 1525 747 1611 approbst3
771 1525 855 1590 idem
878 1525 918 1590 sd
941 1548 970 1589 v.
992 1524 1078 1590 1196
1102 1525 1164 1589 οὐκ
1186 1522 1229 1588 διν
1252 1524 1374 1604 εἰδείης
1395 1519 1510 1604 ἕτερον
1527 1522 1684 1583 nolo-13

396 1635 620 1717 μοχθότερον,
648 1632 705 1696 ubi
732 1632 864 1698 fuerunt
891 1634 948 1716 qui
977 1634 1063 1709 ίδοις
1088 1631 1185 1696 scribi
1208 1631 1351 1714 mellent,
1374 1628 1476 1693 ascito
1500 1626 1630 1710 Suppli-

355 1763 385 1803 ,1o
401 1760 483 1804 cum·
497 1762 590 1805 versu
611 1740 676 1804 622
700 1742 820 1824 εἰδείης
843 1738 886 1804 δν
910 1744 1020 1824 φίλων
1044 1741 1164 1822 εἰδείης
1187 1738 1230 1802 διν
1253 1738 1354 1822 τύχας
1377 1734 1519 1799 affirmat
1542 1738 1629 1798 utro·

398 1869 461 1930 que
492 1848 564 1912 loco
598 1849 719 1931 εἰδείης
751 1846 791 1910 ab
824 1849 911 1923 ἴδοις
944 1846 1105 1911 diversum
1137 1868 1204 1910 non
1234 1866 1311 1910 esse.
1362 1842 1540 1908 Possumus
1568 1840 1632 1904 alie

398 1953 513 2017 addere
536 1953 625 2019 velut
647 1953 767 2018 Phoen.
790 1954 874 2018 1328
899 1954 961 2019 οὐκ
984 1956 1032 2030 εἰς
1054 1949 1124 2018 τόδ’
1150 1948 1260 2035 ἦλθον
1278 1953 1362 2017 ὥστε
1380 1948 1436 2015 καὶ
1454 1946 1526 2014 τώδ’
1550 1948 1633 2013 eide-

398 2085 469 2144 ναις
490 2059 567 2125 ibid.
589 2060 689 2139 13583
713 2059 815 2125 Orest.
835 2060 900 2126 259
926 2061 1006 2147 ὁρᾷς
1029 2062 1091 2146 γὰρ
1116 2060 1218 2125 οὐδὲν
1241 2054 1289 2125 ὧν
1313 2060 1422 2134 δοκεῖς
1446 2054 1521 2139 σάφ’
1548 2053 1632 2119 εἰδέ-

399 2191 465 2250 ναι,
488 2167 544 2231 ubi
569 2170 655 2233 ι’δεῑν
674 2168 724 2232 vel
744 2170 892 2251 εἰσιδεῖν,
916 2166 1133 2234 concinnitate
1152 2168 1224 2251 ipsa
1243 2166 1406 2249 suadente,
1429 2166 1631 2248 exspectave-

398 2274 457 2358 ris3
485 2276 541 2339 sed
569 2276 759 2340 credendum
784 2279 832 2339 est
856 2276 980 2341 εἰδέναι
1004 2275 1037 2338 id
1060 2275 1259 2360 significasse
1284 2272 1371 2356 quod
1394 2271 1555 2336 sententia
1577 2291 1634 2354 po-

400 2380 522 2465 scebat3
549 2382 642 2446 [thes.
662 2382 726 2447 658
752 2380 797 2466 χώ
821 2378 882 2466 μὲν
906 2383 966 2447 οὐκ
986 2382 1084 2459 εἰδὼς
1102 2380 1199 2463 λέγει,
1223 2379 1289 2446 ὁδ’
1314 2380 1450 2445 είσιδὼν
1468 2379 1633 2461 μολόντας

399 2488 461 2553 οὐκ
485 2491 550 2572 ἔχει
574 2490 699 2573 φράσαι
722 2512 781 2574 pro
806 2490 903 2565 εἰδὼς
926 2490 1038 2553 eudem
1061 2489 1187 2553 ratione
1211 2486 1300 2552 ducti
1324 2487 1407 2551 ι’δὼν
1430 2483 1560 2549 restitui
1578 2505 1630 2548 vo·

399 2595 542 2679 luerimt3
565 2618 625 2661 nos
648 2595 730 2660 illud
753 2598 787 2661 in
806 2596 941 2661 eundem
962 2594 1409 2679 sensum·interpretcbimur;
1435 2589 1548 2675 Suppl.
1567 2590 1633 2654 396

401 2702 509 2783 λόγων
537 2725 586 2777 τις
616 2700 769 2786 ἐμποδὼν
797 2700 848 2767 ὅδ’
878 2700 1007 2787 ἔρχεται
1036 2700 1232 2789 (Καδμεῖος,
1266 2702 1310 2777 ὡς
1343 2697 1453 2765 ἔοικεν
1486 2698 1527 2764 οὐ
1555 2695 1630 2780 σάφ’

352 2830 387 2871 co
397 2805 517 2894 εἰδότι)
541 2806 648 2894 κῆρυξ,
667 2808 698 2874 h.
722 2831 747 2874 e.
773 2811 821 2875 ‘ut
844 2810 972 2875 videtur
995 2810 1025 2874 ei
1049 2810 1104 2893 qui
1127 2832 1193 2874 non
1215 2810 1395 2895 perspicue
1409 2804 1583 2892 cognovit,'
1606 2805 1634 2868 si

402 2915 530 2998 quidem
558 2917 636 2980 hoec
664 2919 710 2981 ite
737 2923 823 2983 recte
851 2920 971 3002 scripta
1000 2922 1075 2982 suut
1102 2921 1140 2980 ut
1169 2916 1347 3001 plerisque,
1381 2913 1634 2978 Wilamowitzio

402 3043 540 3108 quoque,
562 3025 666 3088 visum
691 3029 747 3089 est.
794 3023 861 3089 Nec
884 3025 966 3089 illud
988 3024 1185 3111 negligimus
1207 3023 1294 3107 quod
1312 3020 1491 3087 Immanuel
1510 3020 1635 3084 Beklre·

401 3151 457 3193 rus
480 3129 593 3194 scribit
616 3131 648 3194 in
674 3131 799 3196 schedis
818 3129 1000 3196 Homericis
1020 3150 1046 3195 11
1064 3154 1095 3216 p.
1117 3132 1133 3195 1
1155 3153 1201 3214 sq.
1225 3130 1312 3215 apud
1339 3135 1463 3193 veteres
1493 3134 1635 3211 εἴσομαι,

401 3235 504 3301 εἴσεαι
526 3260 593 3302 non
616 3238 721 3304 solum
745 3238 867 3304 ‘sciam’
893 3239 1070 3303 sedetiam
1094 3237 1232 3303 ‘videbo’
1257 3237 1404 3301 valuisse.
1450 3234 1540 3299 Haec
1559 3234 1636 3297 dum

402 3348 598 3429 reputemus,
623 3367 819 3429 quamquam
843 3368 907 3410 non
930 3346 1091 3410 nescimus
1114 3346 1198 3409 iuter
1222 3340 1297 3410 οἶδα
1321 3348 1354 3407 et
1376 3343 1546 3406 modorum
1569 3341 1633 3405 for·

402 3472 470 3514 mas
494 3450 571 3534 quid
595 3451 732 3536 intersit,
754 3456 863 3517 temen
885 3452 973 3518 haud
996 3452 1211 3537 improbabile
1235 3474 1303 3517 esse
1326 3450 1482 3531 ducimus,
1513 3449 1553 3513 ab
1577 3447 1634 3513 illo

402 3579 468 3622 non
491 3556 630 3622 alienum
653 3560 754 3625 fuisse
778 3560 864 3643 quod
887 3559 996 3624 iubis
1019 3582 1085 3626 non
1108 3563 1216 3644 potest
1243 3581 1309 3622 non
1336 3556 1482 3644 agnosci:
1509 3557 1545 3621 in
1573 3575 1637 3638 qus

402 3686 438 3728 re
456 3663 518 3731 hoc
537 3665 710 3730 tenendum
729 3671 777 3730 est
796 3667 830 3730 in
848 3666 900 3730 his
918 3665 1007 3731 verbi
1028 3667 1140 3731 formis
1160 3665 1247 3750 quod
1261 3664 1391 3745 sciendi,
1409 3660 1635 3749 cognoscendi,

397 3772 619 3856 comperiendi
642 3773 894 3859 significationes
918 3775 1137 3857 discernimus,
1165 3773 1225 3836 has
1249 3771 1444 3836 differentias
1467 3768 1636 3854 magised

347 3900 389 3944 ιο
402 3883 547 3943 'nostrum
578 3903 699 3946 morem
729 3881 854 3946 dicendi
881 3880 998 3945 relatas
1026 3881 1140 3946 sentiri
1168 3902 1264 3962 quam
1293 3878 1380 3963 quod
1404 3875 1534 3941 Graecis
1556 3875 1637 3940 haec

404 3985 531 4050 differre
561 3987 630 4050 visa
657 3989 730 4052 sint.
778 3985 841 4052 Sed
868 3989 904 4052 in
924 3988 1112 4053 Phoenissis
1138 3987 1199 4050 141
1231 4008 1304 4050 cum
1328 3984 1513 4069 Antigonae
1541 3982 1635 4047 inter·

404 4092 532 4176 roganti
557 4096 598 4158 σὺ
624 4093 673 4175 δ’,
702 4090 866 4180 ὦγέρον,
894 4107 963 4172 πῶς
986 4095 1142 4160 αἰσθάνει
1166 4106 1281 4178 σαφῶς
1310 4094 1402 4170 τάδε;
1430 4091 1636 4176 paedagogus

405 4199 596 4282 respondeat
622 4201 727 4285 σημεῖ’
756 4204 837 4267 iddio
861 4201 925 4268 τότ’
954 4202 1105 4267 ἀσπίδων
1127 4198 1309 4286 ἐγνώρισα,
1338 4199 1358 4264 δ
1382 4196 1638 4283 προσδεδορκὼς

405 4297 481 4370 οίδα
499 4309 577 4383 τοὺς
592 4309 829 4393 ὡπλισμένους,
846 4332 913 4375 non
926 4312 1036 4395 inepte
1050 4309 1136 4374 dicas
1152 4304 1227 4374 οἰδα
1242 4330 1311 4372 esse
1326 4307 1499 4392 ‘agnosco'
1516 4304 1639 4369 scilicet

404 4435 445 4475 ex
459 4412 585 4478 indiciis
600 4419 693 4480 untes
708 4417 896 4501 conspectis
919 4416 964 4480 ut
978 4418 1012 4480 in
1022 4416 1151 4480 Electra
1165 4438 1184 4480 a
1197 4439 1226 4482 v.
1238 4414 1303 4480 765
1319 4435 1391 4478 cum
1400 4411 1639 4498 boeclegautur

402 4529 403 4534 ’
469 4551 471 4556 ·
566 4525 642 4586 ΗΛ.
687 4525 738 4599 τίς
760 4522 789 4588 δ’
818 4517 850 4589 εί
871 4526 927 4608 σύ,
950 4535 1019 4599 πῶς
1041 4548 1098 4609 μοι
1120 4522 1220 4588 πιστὰ
1243 4524 1413 4606 σημαίνεις
1435 4520 1527 4596 wider

567 4632 664 4693 ΑΓΓ.
688 4629 750 4694 οὐκ
774 4625 861 4694 οἷσθ’
888 4631 1037 4714 ἀδελφοῦ
1060 4629 1088 4712 μ’
1116 4632 1279 4715 εἰσορῶσα
1302 4630 1508 4712 πρόσπολον;

567 4740 642 4800 HA.
689 4732 714 4801 ὦ
739 4736 884 4821 φίλτατ’,
907 4734 944 4803 ἔκ
968 4761 1020 4803 τοι
1044 4740 1197 4822 δείματος
1220 4738 1435 4819 δυσγνωσίαν

691 4838 782 4929 εἶχον
804 4847 998 4931 προσώπου·
1022 4854 1087 4910 νῦν
1111 4844 1148 4910 δὲ
1171 4846 1345 4928 γιγνώσκω
1371 4860 1406 4907 σε
1431 4843 1483 4925 δή,
