<?xml version="1.0" encoding="UTF-8"?>
<!DOCTYPE html PUBLIC "-//W3C//DTD XHTML 1.0 Transitional//EN"
    "http://www.w3.org/TR/xhtml1/DTD/xhtml1-transitional.dtd">
<html xmlns="http://www.w3.org/1999/xhtml" xml:lang="en" lang="en">
 <head>
  <title>
</title>
<meta http-equiv="Content-Type" content="text/html;charset=utf-8" />
  <meta name='ocr-system' content='tesseract 3.04.00' />
  <meta name='ocr-capabilities' content='ocr_page ocr_carea ocr_par ocr_line ocrx_word'/>
</head>
<body>
  <div class='ocr_page' id='page_1' title='image "./iohannisvahleni00vahlgoog/iohannisvahleni00vahlgoog_0467.png"; bbox 0 0 3967 5725; ppageno 0'>
   <div class='ocr_carea' id='block_1_1' title="bbox 584 636 1609 702">
    <p class='ocr_par' dir='ltr' id='par_1_1' title="bbox 584 636 1609 702">
     <span class='ocr_line' id='line_1_1' title="bbox 584 636 1609 702; baseline 0.006 -15"><span class='ocrx_word' id='word_1_1' title='bbox 584 638 635 687; x_wconf 83' lang='lat' dir='ltr'><strong><em>DE</em></strong></span> <span class='ocrx_word' id='word_1_2' title='bbox 654 636 822 688; x_wconf 81' lang='lat' dir='ltr'>SOHOLHS</span> <span class='ocrx_word' id='word_1_3' title='bbox 840 637 880 687; x_wconf 85' lang='lat' dir='ltr'><strong><em>IN</em></strong></span> <span class='ocrx_word' id='word_1_4' title='bbox 898 637 1134 689; x_wconf 78' lang='lat' dir='ltr'>ARISTOTELIS</span> <span class='ocrx_word' id='word_1_5' title='bbox 1153 638 1398 691; x_wconf 78' lang='lat' dir='ltr'>RHETORICAM.</span> <span class='ocrx_word' id='word_1_6' title='bbox 1543 637 1609 702; x_wconf 79' lang='grc'><strong><em>475</em></strong></span> 
     </span>
    </p>
   </div>
   <div class='ocr_carea' id='block_1_2' title="bbox 373 755 1609 995">
    <p class='ocr_par' dir='ltr' id='par_1_2' title="bbox 373 755 1609 995">
     <span class='ocr_line' id='line_1_2' title="bbox 375 755 1609 886; baseline 0.002 -24"><span class='ocrx_word' id='word_1_7' title='bbox 375 799 419 884; x_wconf 82' lang='lat' dir='ltr'><strong><em>(p.</em></strong></span> <span class='ocrx_word' id='word_1_8' title='bbox 439 800 515 886; x_wconf 73' lang='lat'><strong><em>247,</em></strong></span> <span class='ocrx_word' id='word_1_9' title='bbox 528 796 586 884; x_wconf 77' lang='lat'><strong><em>25)</em></strong></span> <span class='ocrx_word' id='word_1_10' title='bbox 608 799 692 863; x_wconf 90' lang='lat' dir='ltr'><strong>inter</strong></span> <span class='ocrx_word' id='word_1_11' title='bbox 715 797 794 862; x_wconf 89' lang='lat' dir='ltr'><strong>duas</strong></span> <span class='ocrx_word' id='word_1_12' title='bbox 817 755 1041 864; x_wconf 87' lang='lat' dir='ltr'><strong>adnotationes</strong></span> <span class='ocrx_word' id='word_1_13' title='bbox 1065 799 1233 864; x_wconf 89' lang='lat' dir='ltr'><strong>continuas</strong></span> <span class='ocrx_word' id='word_1_14' title='bbox 1253 798 1294 863; x_wconf 92' lang='lat' dir='ltr'><strong>ad</strong></span> <span class='ocrx_word' id='word_1_15' title='bbox 1311 823 1343 884; x_wconf 90' lang='lat' dir='ltr'><strong><em>p.</em></strong></span> <span class='ocrx_word' id='word_1_16' title='bbox 1359 800 1444 864; x_wconf 79' lang='grc'><strong>1417</strong></span> <span class='ocrx_word' id='word_1_17' title='bbox 1460 800 1516 865; x_wconf 91' lang='lat' dir='ltr'><strong><em>b8</em></strong></span> <span class='ocrx_word' id='word_1_18' title='bbox 1536 804 1569 865; x_wconf 92' lang='lat' dir='ltr'><strong><em>et</em></strong></span> <span class='ocrx_word' id='word_1_19' title='bbox 1589 799 1609 864; x_wconf 88' lang='lat'>9</span> 
     </span>
     <span class='ocr_line' id='line_1_3' title="bbox 373 903 1609 995; baseline 0.002 -25"><span class='ocrx_word' id='word_1_20' title='bbox 373 907 453 971; x_wconf 85' lang='lat' dir='ltr'><strong>haec</strong></span> <span class='ocrx_word' id='word_1_21' title='bbox 480 905 720 971; x_wconf 76' lang='lat' dir='ltr'><strong>interficiuntur</strong></span> <span class='ocrx_word' id='word_1_22' title='bbox 746 903 764 970; x_wconf 86' lang='grc' dir='ltr'><strong>ὁ</strong></span> <span class='ocrx_word' id='word_1_23' title='bbox 793 906 831 970; x_wconf 78' lang='grc' dir='ltr'><strong><em>δὲ</em></strong></span> <span class='ocrx_word' id='word_1_24' title='bbox 858 903 896 969; x_wconf 82' lang='grc' dir='ltr'><strong><em>ἐν</em></strong></span> <span class='ocrx_word' id='word_1_25' title='bbox 924 908 1021 970; x_wconf 90' lang='grc' dir='ltr'><strong><em>Οἰνεῖ</em></strong></span> <span class='ocrx_word' id='word_1_26' title='bbox 1045 908 1224 991; x_wconf 78' lang='grc' dir='ltr'><strong><em>πρόλογοςι</em></strong></span> <span class='ocrx_word' id='word_1_27' title='bbox 1255 908 1344 990; x_wconf 83' lang='grc' dir='ltr'><strong><em>παρὰ</em></strong></span> <span class='ocrx_word' id='word_1_28' title='bbox 1371 915 1416 995; x_wconf 80' lang='grc' dir='ltr'><strong><em>τῷ</em></strong></span> <span class='ocrx_word' id='word_1_29' title='bbox 1441 909 1609 993; x_wconf 71' lang='grc' dir='ltr'><strong><em>Εὐριπίδη</em></strong></span> 
     </span>
    </p>
   </div>
   <div class='ocr_carea' id='block_1_3' title="bbox 319 1012 1649 4957">
    <p class='ocr_par' dir='ltr' id='par_1_3' title="bbox 373 1012 1609 1206">
     <span class='ocr_line' id='line_1_4' title="bbox 373 1012 1609 1098; baseline 0.002 -20"><span class='ocrx_word' id='word_1_30' title='bbox 373 1014 442 1079; x_wconf 80' lang='grc' dir='ltr'><strong><em>ἐστί</em></strong></span> <span class='ocrx_word' id='word_1_31' title='bbox 465 1023 622 1079; x_wconf 84' lang='grc' dir='ltr'><strong><em>τοιοῦτον</em></strong></span> <span class='ocrx_word' id='word_1_32' title='bbox 648 1012 892 1097; x_wconf 80' lang='lat' dir='ltr'>insequentibus</span> <span class='ocrx_word' id='word_1_33' title='bbox 916 1013 1242 1098; x_wconf 72' lang='lat' dir='ltr'><strong>quinqueremibus,</strong></span> <span class='ocrx_word' id='word_1_34' title='bbox 1266 1035 1403 1098; x_wconf 87' lang='lat' dir='ltr'><strong>quorum</strong></span> <span class='ocrx_word' id='word_1_35' title='bbox 1427 1015 1520 1082; x_wconf 85' lang='lat' dir='ltr'><strong>testis</strong></span> <span class='ocrx_word' id='word_1_36' title='bbox 1543 1038 1609 1081; x_wconf 93' lang='lat' dir='ltr'><strong><em>non</em></strong></span> 
     </span>
     <span class='ocr_line' id='line_1_5' title="bbox 373 1119 920 1206; baseline -0.002 -20"><span class='ocrx_word' id='word_1_37' title='bbox 373 1127 422 1186; x_wconf 85' lang='lat' dir='ltr'><strong>est</strong></span> <span class='ocrx_word' id='word_1_38' title='bbox 444 1123 572 1206; x_wconf 85' lang='lat' dir='ltr'><strong>praeter</strong></span> <span class='ocrx_word' id='word_1_39' title='bbox 594 1121 680 1185; x_wconf 91' lang='lat' dir='ltr'><strong>hunc</strong></span> <span class='ocrx_word' id='word_1_40' title='bbox 703 1119 920 1185; x_wconf 89' lang='lat' dir='ltr'><strong>scholiastam.</strong></span> 
     </span>
    </p>

    <p class='ocr_par' dir='ltr' id='par_1_4' title="bbox 370 1225 1649 2924">
     <span class='ocr_line' id='line_1_6' title="bbox 462 1225 1608 1315; baseline 0.003 -23"><span class='ocrx_word' id='word_1_41' title='bbox 462 1246 489 1292; x_wconf 92' lang='lat'><strong><em>11</em></strong></span> <span class='ocrx_word' id='word_1_42' title='bbox 512 1227 556 1291; x_wconf 79' lang='lat'><strong><em>23</em></strong></span> <span class='ocrx_word' id='word_1_43' title='bbox 578 1251 608 1312; x_wconf 90' lang='lat' dir='ltr'><strong><em>p.</em></strong></span> <span class='ocrx_word' id='word_1_44' title='bbox 631 1227 757 1292; x_wconf 81' lang='lat' dir='ltr'>1400b</span> <span class='ocrx_word' id='word_1_45' title='bbox 780 1227 820 1291; x_wconf 91' lang='grc'><strong><em>16</em></strong></span> <span class='ocrx_word' id='word_1_46' title='bbox 844 1227 964 1313; x_wconf 77' lang='lat' dir='ltr'><strong>legitur</strong></span> <span class='ocrx_word' id='word_1_47' title='bbox 987 1229 1088 1304; x_wconf 74' lang='grc' dir='ltr'><strong><em>ἄλλος</em></strong></span> <span class='ocrx_word' id='word_1_48' title='bbox 1112 1225 1239 1314; x_wconf 88' lang='grc' dir='ltr'><strong><em>(τόπος)</em></strong></span> <span class='ocrx_word' id='word_1_49' title='bbox 1263 1227 1327 1294; x_wconf 79' lang='grc' dir='ltr'><strong><em>ἀπὸ</em></strong></span> <span class='ocrx_word' id='word_1_50' title='bbox 1353 1238 1413 1294; x_wconf 91' lang='grc' dir='ltr'><strong><em>τοῦ</em></strong></span> <span class='ocrx_word' id='word_1_51' title='bbox 1437 1229 1608 1315; x_wconf 83' lang='grc' dir='ltr'><strong><em>ὀνόματος,</em></strong></span> 
     </span>
     <span class='ocr_line' id='line_1_7' title="bbox 373 1327 1610 1423; baseline 0.002 -22"><span class='ocrx_word' id='word_1_52' title='bbox 373 1327 448 1401; x_wconf 87' lang='grc' dir='ltr'><strong><em>οἷον</em></strong></span> <span class='ocrx_word' id='word_1_53' title='bbox 470 1335 515 1412; x_wconf 84' lang='grc' dir='ltr'><strong><em>ὡς</em></strong></span> <span class='ocrx_word' id='word_1_54' title='bbox 534 1335 551 1400; x_wconf 86' lang='grc' dir='ltr'>ὁ</span> <span class='ocrx_word' id='word_1_55' title='bbox 569 1339 748 1419; x_wconf 78' lang='grc' dir='ltr'><strong><em>Σοφοκλῆς</em></strong></span> <span class='ocrx_word' id='word_1_56' title='bbox 771 1335 921 1419; x_wconf 51' lang='grc' dir='ltr'><strong><em>((Σαφῦς</em></strong></span> <span class='ocrx_word' id='word_1_57' title='bbox 944 1336 1071 1423; x_wconf 79' lang='grc' dir='ltr'><strong><em>σιδήρῳ</em></strong></span> <span class='ocrx_word' id='word_1_58' title='bbox 1090 1333 1259 1422; x_wconf 86' lang='grc' dir='ltr'><strong><em>(Σιδηρὼ)</em></strong></span> <span class='ocrx_word' id='word_1_59' title='bbox 1278 1333 1333 1400; x_wconf 77' lang='grc' dir='ltr'><strong><em>καὶ</em></strong></span> <span class='ocrx_word' id='word_1_60' title='bbox 1356 1346 1511 1421; x_wconf 80' lang='grc' dir='ltr'><strong><em>φοροῦσα</em></strong></span> <span class='ocrx_word' id='word_1_61' title='bbox 1533 1337 1610 1403; x_wconf 77' lang='grc' dir='ltr'><strong><em>τοῦ-</em></strong></span> 
     </span>
     <span class='ocr_line' id='line_1_8' title="bbox 372 1440 1609 1528; baseline 0.002 -21"><span class='ocrx_word' id='word_1_62' title='bbox 372 1442 482 1523; x_wconf 86' lang='grc' dir='ltr'><strong><em>νομα”</em></strong></span> <span class='ocrx_word' id='word_1_63' title='bbox 511 1441 629 1506; x_wconf 90' lang='lat' dir='ltr'><strong>additis</strong></span> <span class='ocrx_word' id='word_1_64' title='bbox 659 1440 878 1526; x_wconf 81' lang='lat' dir='ltr'>compluribus</span> <span class='ocrx_word' id='word_1_65' title='bbox 909 1441 1051 1507; x_wconf 88' lang='lat' dir='ltr'><strong>eiusdem</strong></span> <span class='ocrx_word' id='word_1_66' title='bbox 1081 1442 1144 1506; x_wconf 92' lang='lat' dir='ltr'><strong>loci</strong></span> <span class='ocrx_word' id='word_1_67' title='bbox 1175 1443 1338 1528; x_wconf 85' lang='lat' dir='ltr'><strong>exemplis.</strong></span> <span class='ocrx_word' id='word_1_68' title='bbox 1379 1442 1431 1508; x_wconf 83' lang='lat' dir='ltr'><strong><em>Ad</em></strong></span> <span class='ocrx_word' id='word_1_69' title='bbox 1463 1466 1544 1528; x_wconf 86' lang='lat' dir='ltr'><strong>quae</strong></span> <span class='ocrx_word' id='word_1_70' title='bbox 1574 1446 1609 1509; x_wconf 90' lang='lat' dir='ltr'><strong><em>in</em></strong></span> 
     </span>
     <span class='ocr_line' id='line_1_9' title="bbox 372 1545 1609 1635; baseline 0.003 -22"><span class='ocrx_word' id='word_1_71' title='bbox 372 1548 471 1614; x_wconf 89' lang='lat' dir='ltr'><strong>schol.</strong></span> <span class='ocrx_word' id='word_1_72' title='bbox 495 1572 525 1633; x_wconf 91' lang='lat' dir='ltr'><strong><em>p.</em></strong></span> <span class='ocrx_word' id='word_1_73' title='bbox 547 1549 654 1631; x_wconf 73' lang='lat'><strong>146,7</strong></span> <span class='ocrx_word' id='word_1_74' title='bbox 675 1548 755 1613; x_wconf 87' lang='lat' dir='ltr'><strong>haec</strong></span> <span class='ocrx_word' id='word_1_75' title='bbox 777 1549 973 1614; x_wconf 76' lang='lat' dir='ltr'><strong>adnotantur</strong></span> <span class='ocrx_word' id='word_1_76' title='bbox 996 1549 1016 1632; x_wconf 85' lang='grc' dir='ltr'><em>ἡ</em></span> <span class='ocrx_word' id='word_1_77' title='bbox 1037 1551 1174 1634; x_wconf 87' lang='grc' dir='ltr'><strong><em>Σιδηρὼ</em></strong></span> <span class='ocrx_word' id='word_1_78' title='bbox 1197 1552 1279 1635; x_wconf 83' lang='grc' dir='ltr'><strong><em>κόρη</em></strong></span> <span class='ocrx_word' id='word_1_79' title='bbox 1303 1574 1354 1628; x_wconf 84' lang='grc' dir='ltr'><strong><em>τις</em></strong></span> <span class='ocrx_word' id='word_1_80' title='bbox 1375 1545 1418 1635; x_wconf 78' lang='grc' dir='ltr'><strong><em>ἦν</em></strong></span> <span class='ocrx_word' id='word_1_81' title='bbox 1441 1549 1496 1616; x_wconf 83' lang='grc' dir='ltr'><strong><em>καί</em></strong></span> <span class='ocrx_word' id='word_1_82' title='bbox 1520 1551 1609 1634; x_wconf 82' lang='grc' dir='ltr'><strong><em>ε’βιοί-</em></strong></span> 
     </span>
     <span class='ocr_line' id='line_1_10' title="bbox 373 1653 1609 1744; baseline 0.003 -24"><span class='ocrx_word' id='word_1_83' title='bbox 373 1660 442 1734; x_wconf 82' lang='grc' dir='ltr'><strong><em>ζετο</em></strong></span> <span class='ocrx_word' id='word_1_84' title='bbox 472 1657 562 1738; x_wconf 86' lang='grc' dir='ltr'><strong><em>παροί</em></strong></span> <span class='ocrx_word' id='word_1_85' title='bbox 591 1679 696 1739; x_wconf 57' lang='grc' dir='ltr'><strong><em>τινος,</em></strong></span> <span class='ocrx_word' id='word_1_86' title='bbox 725 1656 746 1739; x_wconf 77' lang='grc' dir='ltr'><em>ἡ</em></span> <span class='ocrx_word' id='word_1_87' title='bbox 775 1653 811 1721; x_wconf 70' lang='grc' dir='ltr'><strong><em>δὲ</em></strong></span> <span class='ocrx_word' id='word_1_88' title='bbox 841 1657 903 1740; x_wconf 84' lang='grc' dir='ltr'><strong><em>οὐχ</em></strong></span> <span class='ocrx_word' id='word_1_89' title='bbox 932 1656 1115 1740; x_wconf 80' lang='grc' dir='ltr'><strong><em>ὑπήκουεν·</em></strong></span> <span class='ocrx_word' id='word_1_90' title='bbox 1148 1656 1212 1723; x_wconf 82' lang='grc' dir='ltr'><strong><em>ἀπὸ</em></strong></span> <span class='ocrx_word' id='word_1_91' title='bbox 1243 1666 1329 1742; x_wconf 75' lang='grc' dir='ltr'><strong><em>γοῦν</em></strong></span> <span class='ocrx_word' id='word_1_92' title='bbox 1358 1667 1418 1725; x_wconf 88' lang='grc' dir='ltr'><strong><em>τοῦ</em></strong></span> <span class='ocrx_word' id='word_1_93' title='bbox 1448 1657 1609 1744; x_wconf 82' lang='grc' dir='ltr'><strong><em>ὀνόματος</em></strong></span> 
     </span>
     <span class='ocr_line' id='line_1_11' title="bbox 372 1762 1649 1850; baseline 0.001 -22"><span class='ocrx_word' id='word_1_94' title='bbox 372 1763 596 1848; x_wconf 78' lang='grc' dir='ltr'><strong><em>ἐπιχειρητέον</em></strong></span> <span class='ocrx_word' id='word_1_95' title='bbox 620 1762 671 1828; x_wconf 81' lang='grc' dir='ltr'><strong><em>ὅτι</em></strong></span> <span class='ocrx_word' id='word_1_96' title='bbox 693 1768 801 1839; x_wconf 87' lang='grc' dir='ltr'><strong><em>καλῶς</em></strong></span> <span class='ocrx_word' id='word_1_97' title='bbox 824 1763 1007 1848; x_wconf 79' lang='grc' dir='ltr'><strong><em>ὠνομάσθη</em></strong></span> <span class='ocrx_word' id='word_1_98' title='bbox 1022 1764 1159 1849; x_wconf 86' lang='grc' dir='ltr'><strong><em>Σιδηρὼ</em></strong></span> <span class='ocrx_word' id='word_1_99' title='bbox 1182 1763 1231 1841; x_wconf 82' lang='grc' dir='ltr'><strong><em>ὡς</em></strong></span> <span class='ocrx_word' id='word_1_100' title='bbox 1254 1775 1435 1849; x_wconf 82' lang='grc' dir='ltr'><strong><em>φοροῦσα</em></strong></span> <span class='ocrx_word' id='word_1_101' title='bbox 1458 1763 1521 1831; x_wconf 82' lang='grc' dir='ltr'><strong><em>καὶ</em></strong></span> <span class='ocrx_word' id='word_1_102' title='bbox 1541 1765 1609 1850; x_wconf 84' lang='grc' dir='ltr'><strong><em>φέ-</em></strong></span> <span class='ocrx_word' id='word_1_103' title='bbox 1623 1789 1649 1830; x_wconf 85' lang='grc' dir='ltr'><strong><em>ιο</em></strong></span> 
     </span>
     <span class='ocr_line' id='line_1_12' title="bbox 372 1866 1609 1956; baseline 0.002 -20"><span class='ocrx_word' id='word_1_104' title='bbox 372 1888 497 1953; x_wconf 87' lang='grc' dir='ltr'><strong><em>ρουσα</em></strong></span> <span class='ocrx_word' id='word_1_105' title='bbox 519 1871 682 1955; x_wconf 85' lang='grc' dir='ltr'><strong><em>τὸόνομα</em></strong></span> <span class='ocrx_word' id='word_1_106' title='bbox 705 1879 766 1936; x_wconf 87' lang='grc' dir='ltr'><strong><em>τοῦ</em></strong></span> <span class='ocrx_word' id='word_1_107' title='bbox 790 1871 944 1954; x_wconf 83' lang='grc' dir='ltr'><strong><em>σιδήρου·</em></strong></span> <span class='ocrx_word' id='word_1_108' title='bbox 968 1870 1119 1955; x_wconf 82' lang='grc' dir='ltr'><strong><em>ἀκαμπὴς</em></strong></span> <span class='ocrx_word' id='word_1_109' title='bbox 1142 1873 1206 1955; x_wconf 78' lang='grc' dir='ltr'><strong><em>γὰρ</em></strong></span> <span class='ocrx_word' id='word_1_110' title='bbox 1226 1866 1319 1949; x_wconf 80' lang='grc' dir='ltr'><strong><em>εἶδος</em></strong></span> <span class='ocrx_word' id='word_1_111' title='bbox 1337 1874 1482 1956; x_wconf 90' lang='grc' dir='ltr'><strong><em>σίδηρος.</em></strong></span> <span class='ocrx_word' id='word_1_112' title='bbox 1520 1872 1609 1950; x_wconf 87' lang='lat' dir='ltr'><strong>Quae</strong></span> 
     </span>
     <span class='ocr_line' id='line_1_13' title="bbox 372 1975 1608 2063; baseline 0.002 -20"><span class='ocrx_word' id='word_1_113' title='bbox 372 1978 467 2044; x_wconf 86' lang='lat' dir='ltr'><strong>facile</strong></span> <span class='ocrx_word' id='word_1_114' title='bbox 493 2000 534 2042; x_wconf 83' lang='lat' dir='ltr'><strong><em>ox</em></strong></span> <span class='ocrx_word' id='word_1_115' title='bbox 561 1976 746 2042; x_wconf 86' lang='lat' dir='ltr'><strong>Aristotelis</strong></span> <span class='ocrx_word' id='word_1_116' title='bbox 774 1975 880 2042; x_wconf 87' lang='lat' dir='ltr'><strong>verbis</strong></span> <span class='ocrx_word' id='word_1_117' title='bbox 909 1977 1199 2043; x_wconf 80' lang='lat' dir='ltr'><strong>circumscribendo</strong></span> <span class='ocrx_word' id='word_1_118' title='bbox 1228 1978 1313 2043; x_wconf 87' lang='lat' dir='ltr'><strong>effici</strong></span> <span class='ocrx_word' id='word_1_119' title='bbox 1340 1982 1498 2063; x_wconf 85' lang='lat' dir='ltr'><strong>poterant.</strong></span> <span class='ocrx_word' id='word_1_120' title='bbox 1545 1979 1608 2046; x_wconf 85' lang='lat' dir='ltr'><strong><em>Sed</em></strong></span> 
     </span>
     <span class='ocr_line' id='line_1_14' title="bbox 372 2084 1608 2172; baseline 0.002 -23"><span class='ocrx_word' id='word_1_121' title='bbox 372 2085 413 2149; x_wconf 90' lang='lat' dir='ltr'><strong>ab</strong></span> <span class='ocrx_word' id='word_1_122' title='bbox 437 2085 489 2149; x_wconf 91' lang='lat' dir='ltr'><strong>his</strong></span> <span class='ocrx_word' id='word_1_123' title='bbox 511 2084 714 2172; x_wconf 84' lang='lat' dir='ltr'><strong>longiuscule</strong></span> <span class='ocrx_word' id='word_1_124' title='bbox 737 2088 894 2168; x_wconf 85' lang='lat' dir='ltr'><strong>separata,</strong></span> <span class='ocrx_word' id='word_1_125' title='bbox 916 2088 1091 2169; x_wconf 77' lang='lat' dir='ltr'><strong>postquam</strong></span> <span class='ocrx_word' id='word_1_126' title='bbox 1113 2085 1239 2169; x_wconf 85' lang='lat' dir='ltr'><strong>reliqua</strong></span> <span class='ocrx_word' id='word_1_127' title='bbox 1253 2084 1440 2152; x_wconf 88' lang='lat' dir='ltr'><strong>Aristotelis</strong></span> <span class='ocrx_word' id='word_1_128' title='bbox 1462 2089 1608 2172; x_wconf 85' lang='lat' dir='ltr'><strong>exempla</strong></span> 
     </span>
     <span class='ocr_line' id='line_1_15' title="bbox 370 2191 1608 2278; baseline 0.001 -21"><span class='ocrx_word' id='word_1_129' title='bbox 370 2192 544 2276; x_wconf 82' lang='lat' dir='ltr'><strong>explanata</strong></span> <span class='ocrx_word' id='word_1_130' title='bbox 567 2195 652 2268; x_wconf 90' lang='lat' dir='ltr'><strong>sunt,</strong></span> <span class='ocrx_word' id='word_1_131' title='bbox 675 2215 706 2276; x_wconf 89' lang='lat' dir='ltr'><strong><em>p.</em></strong></span> <span class='ocrx_word' id='word_1_132' title='bbox 727 2192 800 2275; x_wconf 78' lang='grc'><strong>146,</strong></span> <span class='ocrx_word' id='word_1_133' title='bbox 815 2192 858 2255; x_wconf 82' lang='lat'><strong><em>26</em></strong></span> <span class='ocrx_word' id='word_1_134' title='bbox 882 2213 920 2256; x_wconf 91' lang='lat' dir='ltr'><strong><em>eo</em></strong></span> <span class='ocrx_word' id='word_1_135' title='bbox 938 2192 1011 2256; x_wconf 92' lang='lat' dir='ltr'><strong>loco</strong></span> <span class='ocrx_word' id='word_1_136' title='bbox 1030 2191 1087 2256; x_wconf 92' lang='lat' dir='ltr'><strong><em>ubi</em></strong></span> <span class='ocrx_word' id='word_1_137' title='bbox 1106 2192 1240 2256; x_wconf 88' lang='lat' dir='ltr'><strong>minime</strong></span> <span class='ocrx_word' id='word_1_138' title='bbox 1259 2195 1438 2277; x_wconf 82' lang='lat' dir='ltr'><strong>exspectari</strong></span> <span class='ocrx_word' id='word_1_139' title='bbox 1456 2197 1608 2278; x_wconf 88' lang='lat' dir='ltr'><strong>poterant</strong></span> 
     </span>
     <span class='ocr_line' id='line_1_16' title="bbox 370 2295 1610 2386; baseline 0.004 -23"><span class='ocrx_word' id='word_1_140' title='bbox 370 2299 451 2364; x_wconf 87' lang='lat' dir='ltr'><strong>haec</strong></span> <span class='ocrx_word' id='word_1_141' title='bbox 469 2300 631 2364; x_wconf 88' lang='lat' dir='ltr'><strong>adduntur</strong></span> <span class='ocrx_word' id='word_1_142' title='bbox 649 2297 754 2383; x_wconf 81' lang='grc' dir='ltr'><strong><em>φησὶν</em></strong></span> <span class='ocrx_word' id='word_1_143' title='bbox 773 2298 790 2364; x_wconf 87' lang='grc' dir='ltr'><strong>ὁ</strong></span> <span class='ocrx_word' id='word_1_144' title='bbox 809 2299 933 2382; x_wconf 79' lang='grc' dir='ltr'><strong><em>βιάζου</em></strong></span> <span class='ocrx_word' id='word_1_145' title='bbox 950 2299 1034 2382; x_wconf 90' lang='grc' dir='ltr'><strong><em>πρὸς</em></strong></span> <span class='ocrx_word' id='word_1_146' title='bbox 1052 2299 1114 2382; x_wconf 82' lang='grc' dir='ltr'><strong><em>τὴν</em></strong></span> <span class='ocrx_word' id='word_1_147' title='bbox 1127 2297 1265 2382; x_wconf 84' lang='grc' dir='ltr'><strong><em>Σιδηρὼ</em></strong></span> <span class='ocrx_word' id='word_1_148' title='bbox 1286 2299 1392 2382; x_wconf 80' lang='grc' dir='ltr'><strong><em>“αὕτη</em></strong></span> <span class='ocrx_word' id='word_1_149' title='bbox 1412 2295 1450 2364; x_wconf 69' lang='grc' dir='ltr'><strong><em>δέ</em></strong></span> <span class='ocrx_word' id='word_1_150' title='bbox 1467 2301 1610 2386; x_wconf 74' lang='grc' dir='ltr'><strong><em>μάχιμος,</em></strong></span> 
     </span>
     <span class='ocr_line' id='line_1_17' title="bbox 372 2405 1608 2493; baseline 0 -21"><span class='ocrx_word' id='word_1_151' title='bbox 372 2429 445 2472; x_wconf 87' lang='lat' dir='ltr'><strong><em>cum</em></strong></span> <span class='ocrx_word' id='word_1_152' title='bbox 468 2407 572 2472; x_wconf 89' lang='lat' dir='ltr'><strong>tribus</strong></span> <span class='ocrx_word' id='word_1_153' title='bbox 594 2406 741 2471; x_wconf 82' lang='lat' dir='ltr'><strong>versibus</strong></span> <span class='ocrx_word' id='word_1_154' title='bbox 765 2406 893 2471; x_wconf 79' lang='lat' dir='ltr'><strong>aliunde</strong></span> <span class='ocrx_word' id='word_1_155' title='bbox 916 2427 982 2470; x_wconf 93' lang='lat' dir='ltr'><strong><em>non</em></strong></span> <span class='ocrx_word' id='word_1_156' title='bbox 1006 2407 1154 2492; x_wconf 75' lang='lat' dir='ltr'><strong>cognitis.</strong></span> <span class='ocrx_word' id='word_1_157' title='bbox 1195 2405 1272 2472; x_wconf 87' lang='lat' dir='ltr'><strong><em>Non</em></strong></span> <span class='ocrx_word' id='word_1_158' title='bbox 1295 2428 1354 2472; x_wconf 89' lang='lat' dir='ltr'><strong>nos</strong></span> <span class='ocrx_word' id='word_1_159' title='bbox 1380 2407 1467 2493; x_wconf 82' lang='lat' dir='ltr'><strong>fugit</strong></span> <span class='ocrx_word' id='word_1_160' title='bbox 1490 2409 1525 2472; x_wconf 88' lang='lat' dir='ltr'><strong><em>in</em></strong></span> <span class='ocrx_word' id='word_1_161' title='bbox 1547 2407 1608 2472; x_wconf 89' lang='lat' dir='ltr'><strong>hac</strong></span> 
     </span>
     <span class='ocr_line' id='line_1_18' title="bbox 370 2508 1607 2599; baseline 0 -19"><span class='ocrx_word' id='word_1_162' title='bbox 370 2519 462 2599; x_wconf 86' lang='lat' dir='ltr'><strong>parte</strong></span> <span class='ocrx_word' id='word_1_163' title='bbox 481 2514 545 2579; x_wconf 90' lang='lat' dir='ltr'><strong>alia</strong></span> <span class='ocrx_word' id='word_1_164' title='bbox 562 2536 631 2580; x_wconf 89' lang='lat' dir='ltr'><strong>esse</strong></span> <span class='ocrx_word' id='word_1_165' title='bbox 650 2514 728 2579; x_wconf 91' lang='lat' dir='ltr'><strong>satis</strong></span> <span class='ocrx_word' id='word_1_166' title='bbox 747 2508 970 2578; x_wconf 88' lang='lat' dir='ltr'><strong>memorabilia</strong></span> <span class='ocrx_word' id='word_1_167' title='bbox 987 2513 1026 2577; x_wconf 89' lang='lat' dir='ltr'><strong><em>de</em></strong></span> <span class='ocrx_word' id='word_1_168' title='bbox 1046 2513 1170 2598; x_wconf 88' lang='lat' dir='ltr'><strong>ordine;</strong></span> <span class='ocrx_word' id='word_1_169' title='bbox 1188 2536 1271 2599; x_wconf 90' lang='lat' dir='ltr'><strong>quae</strong></span> <span class='ocrx_word' id='word_1_170' title='bbox 1289 2536 1356 2579; x_wconf 91' lang='lat' dir='ltr'><strong><em>non</em></strong></span> <span class='ocrx_word' id='word_1_171' title='bbox 1373 2515 1607 2599; x_wconf 82' lang='lat' dir='ltr'><strong>persequimur:</strong></span> 
     </span>
     <span class='ocr_line' id='line_1_19' title="bbox 371 2620 1607 2709; baseline 0.002 -23"><span class='ocrx_word' id='word_1_172' title='bbox 371 2622 491 2708; x_wconf 88' lang='lat' dir='ltr'><strong>quippe</strong></span> <span class='ocrx_word' id='word_1_173' title='bbox 514 2645 581 2687; x_wconf 91' lang='lat' dir='ltr'><strong><em>non</em></strong></span> <span class='ocrx_word' id='word_1_174' title='bbox 599 2622 662 2687; x_wconf 92' lang='lat' dir='ltr'><strong><em>hoc</em></strong></span> <span class='ocrx_word' id='word_1_175' title='bbox 680 2622 806 2707; x_wconf 86' lang='lat' dir='ltr'><strong>agimus</strong></span> <span class='ocrx_word' id='word_1_176' title='bbox 830 2625 866 2686; x_wconf 90' lang='lat' dir='ltr'><strong><em>ut</em></strong></span> <span class='ocrx_word' id='word_1_177' title='bbox 888 2620 1004 2686; x_wconf 89' lang='lat' dir='ltr'><strong>horum</strong></span> <span class='ocrx_word' id='word_1_178' title='bbox 1024 2621 1222 2686; x_wconf 86' lang='lat' dir='ltr'><strong>scholiorum</strong></span> <span class='ocrx_word' id='word_1_179' title='bbox 1241 2643 1430 2709; x_wconf 82' lang='lat' dir='ltr'><strong>compagem</strong></span> <span class='ocrx_word' id='word_1_180' title='bbox 1455 2621 1607 2688; x_wconf 81' lang='lat' dir='ltr'><strong>dissolva-</strong></span> 
     </span>
     <span class='ocr_line' id='line_1_20' title="bbox 371 2728 1607 2814; baseline 0 -22"><span class='ocrx_word' id='word_1_181' title='bbox 371 2751 445 2793; x_wconf 87' lang='lat' dir='ltr'><strong><em>mus</em></strong></span> <span class='ocrx_word' id='word_1_182' title='bbox 474 2734 507 2792; x_wconf 90' lang='lat' dir='ltr'><strong><em>et</em></strong></span> <span class='ocrx_word' id='word_1_183' title='bbox 534 2729 651 2812; x_wconf 88' lang='lat' dir='ltr'><strong>quibus</strong></span> <span class='ocrx_word' id='word_1_184' title='bbox 679 2729 753 2793; x_wconf 90' lang='lat' dir='ltr'><strong>telis</strong></span> <span class='ocrx_word' id='word_1_185' title='bbox 780 2728 859 2794; x_wconf 89' lang='lat' dir='ltr'><strong>haec</strong></span> <span class='ocrx_word' id='word_1_186' title='bbox 887 2732 1015 2793; x_wconf 84' lang='lat' dir='ltr'><strong>textura</strong></span> <span class='ocrx_word' id='word_1_187' title='bbox 1044 2729 1190 2794; x_wconf 83' lang='lat' dir='ltr'><strong>confecta</strong></span> <span class='ocrx_word' id='word_1_188' title='bbox 1223 2730 1266 2794; x_wconf 93' lang='lat' dir='ltr'><strong>sit</strong></span> <span class='ocrx_word' id='word_1_189' title='bbox 1294 2732 1490 2814; x_wconf 80' lang='lat' dir='ltr'><strong>aperiamus3</strong></span> <span class='ocrx_word' id='word_1_190' title='bbox 1520 2729 1607 2813; x_wconf 90' lang='lat' dir='ltr'><strong>quod</strong></span> 
     </span>
     <span class='ocr_line' id='line_1_21' title="bbox 372 2835 1647 2924; baseline -0.001 -23"><span class='ocrx_word' id='word_1_191' title='bbox 372 2858 500 2921; x_wconf 86' lang='lat' dir='ltr'><strong>munus,</strong></span> <span class='ocrx_word' id='word_1_192' title='bbox 523 2835 671 2921; x_wconf 84' lang='lat' dir='ltr'><strong>quamvis</strong></span> <span class='ocrx_word' id='word_1_193' title='bbox 694 2836 919 2922; x_wconf 86' lang='lat' dir='ltr'><strong>necessarium,</strong></span> <span class='ocrx_word' id='word_1_194' title='bbox 942 2835 1015 2901; x_wconf 89' lang='lat' dir='ltr'><strong>aliis</strong></span> <span class='ocrx_word' id='word_1_195' title='bbox 1039 2836 1258 2924; x_wconf 83' lang='lat' dir='ltr'><strong>peragendum</strong></span> <span class='ocrx_word' id='word_1_196' title='bbox 1280 2837 1502 2923; x_wconf 88' lang='lat' dir='ltr'><strong>relinquimus.</strong></span> <span class='ocrx_word' id='word_1_197' title='bbox 1621 2859 1647 2901; x_wconf 87' lang='lat' dir='ltr'><strong>se</strong></span> 
     </span>
    </p>

    <p class='ocr_par' dir='ltr' id='par_1_5' title="bbox 371 2944 1607 3245">
     <span class='ocr_line' id='line_1_22' title="bbox 460 2944 1607 3029; baseline 0.003 -21"><span class='ocrx_word' id='word_1_198' title='bbox 460 2944 522 3009; x_wconf 88' lang='lat' dir='ltr'><strong>His</strong></span> <span class='ocrx_word' id='word_1_199' title='bbox 541 2946 645 3010; x_wconf 89' lang='lat' dir='ltr'><strong>tribus</strong></span> <span class='ocrx_word' id='word_1_200' title='bbox 664 2944 821 3029; x_wconf 87' lang='lat' dir='ltr'><strong>exemplis</strong></span> <span class='ocrx_word' id='word_1_201' title='bbox 836 2966 918 3029; x_wconf 87' lang='lat' dir='ltr'><strong>quae</strong></span> <span class='ocrx_word' id='word_1_202' title='bbox 936 2945 1165 3029; x_wconf 89' lang='lat' dir='ltr'><strong>proposuimus</strong></span> <span class='ocrx_word' id='word_1_203' title='bbox 1180 2946 1362 3011; x_wconf 86' lang='lat' dir='ltr'><strong>confirmati</strong></span> <span class='ocrx_word' id='word_1_204' title='bbox 1380 2945 1443 3010; x_wconf 89' lang='lat' dir='ltr'><strong><em>hoc</em></strong></span> <span class='ocrx_word' id='word_1_205' title='bbox 1462 2946 1607 3029; x_wconf 84' lang='lat' dir='ltr'><strong>dicimus,</strong></span> 
     </span>
     <span class='ocr_line' id='line_1_23' title="bbox 371 3051 1607 3139; baseline 0.001 -22"><span class='ocrx_word' id='word_1_206' title='bbox 371 3052 498 3117; x_wconf 87' lang='lat' dir='ltr'><strong>omissis</strong></span> <span class='ocrx_word' id='word_1_207' title='bbox 512 3054 584 3116; x_wconf 88' lang='lat' dir='ltr'><strong>istis</strong></span> <span class='ocrx_word' id='word_1_208' title='bbox 598 3052 745 3117; x_wconf 88' lang='lat' dir='ltr'><strong>versibus</strong></span> <span class='ocrx_word' id='word_1_209' title='bbox 760 3052 798 3117; x_wconf 89' lang='lat' dir='ltr'><strong><em>de</em></strong></span> <span class='ocrx_word' id='word_1_210' title='bbox 812 3052 976 3139; x_wconf 82' lang='lat' dir='ltr'><strong>Meleagro</strong></span> <span class='ocrx_word' id='word_1_211' title='bbox 991 3051 1159 3137; x_wconf 81' lang='lat' dir='ltr'><strong>Euripidis</strong></span> <span class='ocrx_word' id='word_1_212' title='bbox 1174 3052 1391 3137; x_wconf 88' lang='lat' dir='ltr'><strong>quaerendum</strong></span> <span class='ocrx_word' id='word_1_213' title='bbox 1406 3075 1475 3119; x_wconf 89' lang='lat' dir='ltr'><strong>esse</strong></span> <span class='ocrx_word' id='word_1_214' title='bbox 1494 3076 1607 3139; x_wconf 89' lang='lat' dir='ltr'><strong>ecqua·</strong></span> 
     </span>
     <span class='ocr_line' id='line_1_24' title="bbox 371 3159 1607 3245; baseline -0.001 -21"><span class='ocrx_word' id='word_1_215' title='bbox 371 3182 446 3225; x_wconf 87' lang='lat' dir='ltr'><strong>nam</strong></span> <span class='ocrx_word' id='word_1_216' title='bbox 469 3160 563 3244; x_wconf 90' lang='lat' dir='ltr'><strong>plura</strong></span> <span class='ocrx_word' id='word_1_217' title='bbox 587 3159 763 3226; x_wconf 89' lang='lat' dir='ltr'><strong>scholiasta</strong></span> <span class='ocrx_word' id='word_1_218' title='bbox 785 3160 819 3223; x_wconf 93' lang='lat' dir='ltr'><strong><em>in</em></strong></span> <span class='ocrx_word' id='word_1_219' title='bbox 842 3160 899 3224; x_wconf 91' lang='lat' dir='ltr'><strong>illa</strong></span> <span class='ocrx_word' id='word_1_220' title='bbox 916 3165 1008 3244; x_wconf 88' lang='lat' dir='ltr'><strong>parte</strong></span> <span class='ocrx_word' id='word_1_221' title='bbox 1033 3183 1115 3245; x_wconf 89' lang='lat' dir='ltr'><strong>quac</strong></span> <span class='ocrx_word' id='word_1_222' title='bbox 1138 3162 1188 3224; x_wconf 92' lang='lat' dir='ltr'><strong>est</strong></span> <span class='ocrx_word' id='word_1_223' title='bbox 1213 3161 1252 3224; x_wconf 91' lang='lat' dir='ltr'><strong><em>de</em></strong></span> <span class='ocrx_word' id='word_1_224' title='bbox 1270 3160 1412 3244; x_wconf 88' lang='lat' dir='ltr'><strong>periodis</strong></span> <span class='ocrx_word' id='word_1_225' title='bbox 1432 3161 1518 3244; x_wconf 90' lang='lat' dir='ltr'><strong>apud</strong></span> <span class='ocrx_word' id='word_1_226' title='bbox 1535 3159 1607 3224; x_wconf 86' lang='lat' dir='ltr'><strong>Ari·</strong></span> 
     </span>
    </p>

    <p class='ocr_par' dir='ltr' id='par_1_6' title="bbox 319 3264 1646 4957">
     <span class='ocr_line' id='line_1_25' title="bbox 319 3264 1606 3353; baseline -0.001 -21"><span class='ocrx_word' id='word_1_227' title='bbox 319 3276 356 3332; x_wconf 82' lang='lat' dir='ltr'><strong>la</strong></span> <span class='ocrx_word' id='word_1_228' title='bbox 371 3269 522 3332; x_wconf 88' lang='lat' dir='ltr'><strong>stotelem</strong></span> <span class='ocrx_word' id='word_1_229' title='bbox 545 3267 673 3353; x_wconf 83' lang='lat' dir='ltr'><strong>legerit,</strong></span> <span class='ocrx_word' id='word_1_230' title='bbox 701 3288 799 3351; x_wconf 90' lang='lat' dir='ltr'><strong>quam</strong></span> <span class='ocrx_word' id='word_1_231' title='bbox 827 3288 908 3350; x_wconf 90' lang='lat' dir='ltr'><strong>quae</strong></span> <span class='ocrx_word' id='word_1_232' title='bbox 936 3268 1094 3332; x_wconf 89' lang='lat' dir='ltr'><strong>librorum</strong></span> <span class='ocrx_word' id='word_1_233' title='bbox 1119 3266 1171 3330; x_wconf 86' lang='lat' dir='ltr'><strong>via</strong></span> <span class='ocrx_word' id='word_1_234' title='bbox 1194 3269 1374 3352; x_wconf 84' lang='lat' dir='ltr'><strong>propagata</strong></span> <span class='ocrx_word' id='word_1_235' title='bbox 1397 3267 1471 3330; x_wconf 88' lang='lat' dir='ltr'><strong>sint.</strong></span> <span class='ocrx_word' id='word_1_236' title='bbox 1518 3264 1606 3342; x_wconf 86' lang='lat' dir='ltr'><strong>Quae</strong></span> 
     </span>
     <span class='ocr_line' id='line_1_26' title="bbox 370 3370 1606 3459; baseline -0.002 -21"><span class='ocrx_word' id='word_1_237' title='bbox 370 3376 595 3458; x_wconf 87' lang='lat' dir='ltr'><strong>interpretatio</strong></span> <span class='ocrx_word' id='word_1_238' title='bbox 619 3376 766 3459; x_wconf 88' lang='lat' dir='ltr'><strong>quamvis</strong></span> <span class='ocrx_word' id='word_1_239' title='bbox 789 3374 917 3457; x_wconf 85' lang='lat' dir='ltr'><strong>prolixa</strong></span> <span class='ocrx_word' id='word_1_240' title='bbox 939 3396 1005 3439; x_wconf 91' lang='lat' dir='ltr'><strong><em>non</em></strong></span> <span class='ocrx_word' id='word_1_241' title='bbox 1028 3377 1138 3458; x_wconf 88' lang='lat' dir='ltr'><strong>potest</strong></span> <span class='ocrx_word' id='word_1_242' title='bbox 1160 3372 1330 3457; x_wconf 88' lang='lat' dir='ltr'><strong>praeteriri</strong></span> <span class='ocrx_word' id='word_1_243' title='bbox 1348 3372 1393 3459; x_wconf 88' lang='lat' dir='ltr'><strong><em>(p.</em></strong></span> <span class='ocrx_word' id='word_1_244' title='bbox 1411 3370 1483 3455; x_wconf 83' lang='lat'>195,</span> <span class='ocrx_word' id='word_1_245' title='bbox 1505 3371 1546 3437; x_wconf 92' lang='grc'><strong><em>18</em></strong></span> <span class='ocrx_word' id='word_1_246' title='bbox 1565 3372 1606 3437; x_wconf 92' lang='lat' dir='ltr'><strong>ad</strong></span> 
     </span>
     <span class='ocr_line' id='line_1_27' title="bbox 373 3470 1606 3568; baseline 0 -23"><span class='ocrx_word' id='word_1_247' title='bbox 373 3481 490 3547; x_wconf 84' lang='lat' dir='ltr'>1409b</span> <span class='ocrx_word' id='word_1_248' title='bbox 505 3480 541 3568; x_wconf 88' lang='lat'><strong><em>8)</em></strong></span> <span class='ocrx_word' id='word_1_249' title='bbox 570 3483 621 3547; x_wconf 89' lang='grc' dir='ltr'><strong><em>δεῖ</em></strong></span> <span class='ocrx_word' id='word_1_250' title='bbox 649 3478 686 3546; x_wconf 70' lang='grc' dir='ltr'><strong><em>δὲ</em></strong></span> <span class='ocrx_word' id='word_1_251' title='bbox 713 3482 775 3565; x_wconf 82' lang='grc' dir='ltr'><strong><em>τὴν</em></strong></span> <span class='ocrx_word' id='word_1_252' title='bbox 801 3481 961 3566; x_wconf 77' lang='grc' dir='ltr'><strong><em>περίοδον</em></strong></span> <span class='ocrx_word' id='word_1_253' title='bbox 987 3480 1179 3565; x_wconf 75' lang='grc' dir='ltr'><strong><em>ἀπαρτίζειν</em></strong></span> <span class='ocrx_word' id='word_1_254' title='bbox 1207 3480 1362 3545; x_wconf 81' lang='grc' dir='ltr'><strong><em>διάνοιαν</em></strong></span> <span class='ocrx_word' id='word_1_255' title='bbox 1389 3483 1527 3562; x_wconf 85' lang='grc' dir='ltr'><strong><em>τελείαν,</em></strong></span> <span class='ocrx_word' id='word_1_256' title='bbox 1552 3470 1606 3545; x_wconf 82' lang='grc' dir='ltr'><strong><em>οἷοί</em></strong></span> 
     </span>
     <span class='ocr_line' id='line_1_28' title="bbox 371 3585 1607 3673; baseline -0.003 -18"><span class='ocrx_word' id='word_1_257' title='bbox 371 3593 435 3656; x_wconf 88' lang='grc' dir='ltr'><strong><em>εἰσι</em></strong></span> <span class='ocrx_word' id='word_1_258' title='bbox 454 3588 509 3655; x_wconf 83' lang='grc' dir='ltr'><strong><em>καὶ</em></strong></span> <span class='ocrx_word' id='word_1_259' title='bbox 527 3591 572 3655; x_wconf 79' lang='grc' dir='ltr'><strong><em>τὰ</em></strong></span> <span class='ocrx_word' id='word_1_260' title='bbox 590 3598 661 3654; x_wconf 87' lang='grc' dir='ltr'><strong><em>τοῦ</em></strong></span> <span class='ocrx_word' id='word_1_261' title='bbox 675 3588 933 3672; x_wconf 78' lang='grc' dir='ltr'><strong><em>Σοφοκλέους</em></strong></span> <span class='ocrx_word' id='word_1_262' title='bbox 952 3590 1125 3672; x_wconf 90' lang='grc' dir='ltr'><strong><em>ἰαμβεῖα·</em></strong></span> <span class='ocrx_word' id='word_1_263' title='bbox 1144 3585 1199 3653; x_wconf 81' lang='grc' dir='ltr'><strong><em>καί</em></strong></span> <span class='ocrx_word' id='word_1_264' title='bbox 1219 3588 1414 3653; x_wconf 77' lang='grc' dir='ltr'><strong><em>τὰτοιαῦτα</em></strong></span> <span class='ocrx_word' id='word_1_265' title='bbox 1433 3589 1497 3673; x_wconf 78' lang='grc' dir='ltr'><strong><em>γὰρ</em></strong></span> <span class='ocrx_word' id='word_1_266' title='bbox 1515 3609 1607 3672; x_wconf 89' lang='grc' dir='ltr'><strong><em>περι-</em></strong></span> 
     </span>
     <span class='ocr_line' id='line_1_29' title="bbox 370 3692 1605 3782; baseline -0.003 -19"><span class='ocrx_word' id='word_1_267' title='bbox 370 3698 467 3763; x_wconf 84' lang='grc' dir='ltr'><strong><em>οδικοί</em></strong></span> <span class='ocrx_word' id='word_1_268' title='bbox 492 3700 556 3763; x_wconf 90' lang='grc' dir='ltr'><strong><em>εἰσι</em></strong></span> <span class='ocrx_word' id='word_1_269' title='bbox 579 3694 633 3762; x_wconf 83' lang='grc' dir='ltr'><strong><em>καὶ</em></strong></span> <span class='ocrx_word' id='word_1_270' title='bbox 658 3695 695 3760; x_wconf 81' lang='grc' dir='ltr'><strong><em>ἐν</em></strong></span> <span class='ocrx_word' id='word_1_271' title='bbox 713 3693 791 3760; x_wconf 83' lang='grc' dir='ltr'><strong><em>δυσὶ</em></strong></span> <span class='ocrx_word' id='word_1_272' title='bbox 810 3696 930 3772; x_wconf 85' lang='grc' dir='ltr'><strong><em>κώλοις</em></strong></span> <span class='ocrx_word' id='word_1_273' title='bbox 952 3694 973 3778; x_wconf 76' lang='grc' dir='ltr'><em>ἢ</em></span> <span class='ocrx_word' id='word_1_274' title='bbox 998 3692 1047 3760; x_wconf 81' lang='grc' dir='ltr'><strong><em>ἕνί</em></strong></span> <span class='ocrx_word' id='word_1_275' title='bbox 1066 3696 1162 3782; x_wconf 86' lang='grc' dir='ltr'><strong><em>κώλφ</em></strong></span> <span class='ocrx_word' id='word_1_276' title='bbox 1187 3696 1341 3761; x_wconf 78' lang='grc' dir='ltr'><strong><em>διάνοιαν</em></strong></span> <span class='ocrx_word' id='word_1_277' title='bbox 1359 3694 1605 3779; x_wconf 83' lang='grc' dir='ltr'><strong><em>ἰιπαρτίζουσιν,</em></strong></span> 
     </span>
     <span class='ocr_line' id='line_1_30' title="bbox 370 3798 1606 3889; baseline -0.002 -20"><span class='ocrx_word' id='word_1_278' title='bbox 370 3804 415 3880; x_wconf 82' lang='grc' dir='ltr'><strong><em>ὡς</em></strong></span> <span class='ocrx_word' id='word_1_279' title='bbox 438 3805 475 3868; x_wconf 92' lang='grc' dir='ltr'><strong><em>τὸ</em></strong></span> <span class='ocrx_word' id='word_1_280' title='bbox 501 3801 587 3869; x_wconf 81' lang='grc' dir='ltr'><strong><em>“Ἀεἰ</em></strong></span> <span class='ocrx_word' id='word_1_281' title='bbox 606 3799 669 3886; x_wconf 71' lang='grc' dir='ltr'><strong><em>μέν</em></strong></span> <span class='ocrx_word' id='word_1_282' title='bbox 687 3798 712 3867; x_wconf 85' lang='grc' dir='ltr'><strong><em>ὦ</em></strong></span> <span class='ocrx_word' id='word_1_283' title='bbox 732 3812 792 3867; x_wconf 87' lang='grc' dir='ltr'><strong><em>παῖ</em></strong></span> <span class='ocrx_word' id='word_1_284' title='bbox 810 3800 1043 3889; x_wconf 78' lang='lat' dir='ltr'><strong>(Aia0.1.2)”.</strong></span> <span class='ocrx_word' id='word_1_285' title='bbox 1068 3804 1108 3867; x_wconf 82' lang='grc' dir='ltr'><strong><em>τὰ</em></strong></span> <span class='ocrx_word' id='word_1_286' title='bbox 1128 3798 1165 3867; x_wconf 74' lang='grc' dir='ltr'><strong><em>δέ</em></strong></span> <span class='ocrx_word' id='word_1_287' title='bbox 1184 3811 1245 3868; x_wconf 87' lang='grc' dir='ltr'><strong><em>τοῦ</em></strong></span> <span class='ocrx_word' id='word_1_288' title='bbox 1264 3802 1455 3886; x_wconf 80' lang='grc' dir='ltr'><strong><em>Εὐριπίδου</em></strong></span> <span class='ocrx_word' id='word_1_289' title='bbox 1474 3804 1606 3886; x_wconf 77' lang='grc' dir='ltr'><strong><em>ἰαμβεῖα</em></strong></span> 
     </span>
     <span class='ocr_line' id='line_1_31' title="bbox 371 3906 1646 3994; baseline -0.003 -19"><span class='ocrx_word' id='word_1_290' title='bbox 371 3909 584 3994; x_wconf 82' lang='grc' dir='ltr'><strong><em>εἰρομένην</em></strong></span> <span class='ocrx_word' id='word_1_291' title='bbox 608 3908 716 3987; x_wconf 82' lang='grc' dir='ltr'><strong><em>λέξιν</em></strong></span> <span class='ocrx_word' id='word_1_292' title='bbox 738 3912 865 3993; x_wconf 82' lang='grc' dir='ltr'><strong><em>ἔχουσι·</em></strong></span> <span class='ocrx_word' id='word_1_293' title='bbox 888 3911 1016 3994; x_wconf 84' lang='grc' dir='ltr'><strong><em>μακρὰς</em></strong></span> <span class='ocrx_word' id='word_1_294' title='bbox 1034 3910 1098 3993; x_wconf 80' lang='grc' dir='ltr'><strong><em>γὰρ</em></strong></span> <span class='ocrx_word' id='word_1_295' title='bbox 1122 3910 1181 3986; x_wconf 81' lang='grc' dir='ltr'><strong><em>τὰς</em></strong></span> <span class='ocrx_word' id='word_1_296' title='bbox 1200 3907 1375 3985; x_wconf 77' lang='grc' dir='ltr'><strong><em>ἀποδόσεις</em></strong></span> <span class='ocrx_word' id='word_1_297' title='bbox 1393 3906 1538 3993; x_wconf 78' lang='grc' dir='ltr'><strong><em>ἔχουσιν,</em></strong></span> <span class='ocrx_word' id='word_1_298' title='bbox 1562 3908 1606 3986; x_wconf 83' lang='grc' dir='ltr'><strong><em>ὡς</em></strong></span> <span class='ocrx_word' id='word_1_299' title='bbox 1620 3930 1646 3971; x_wconf 84' lang='grc' dir='ltr'><strong><em>ιο</em></strong></span> 
     </span>
     <span class='ocr_line' id='line_1_32' title="bbox 371 4013 1606 4102; baseline -0.001 -21"><span class='ocrx_word' id='word_1_300' title='bbox 371 4019 408 4081; x_wconf 88' lang='grc' dir='ltr'><strong><em>τὸ</em></strong></span> <span class='ocrx_word' id='word_1_301' title='bbox 433 4017 532 4098; x_wconf 65' lang='lat' dir='ltr'><strong>“itum</strong></span> <span class='ocrx_word' id='word_1_302' title='bbox 560 4027 690 4100; x_wconf 84' lang='grc' dir='ltr'><strong><em>νεκρῶν</em></strong></span> <span class='ocrx_word' id='word_1_303' title='bbox 716 4023 897 4101; x_wconf 81' lang='grc' dir='ltr'><strong><em>κευθμῶνα</em></strong></span> <span class='ocrx_word' id='word_1_304' title='bbox 924 4014 1055 4102; x_wconf 83' lang='lat' dir='ltr'><strong>(llurip.</strong></span> <span class='ocrx_word' id='word_1_305' title='bbox 1076 4015 1154 4082; x_wconf 88' lang='lat' dir='ltr'><strong>Hec.</strong></span> <span class='ocrx_word' id='word_1_306' title='bbox 1177 4013 1247 4101; x_wconf 88' lang='lat'>1)”.</span> <span class='ocrx_word' id='word_1_307' title='bbox 1280 4016 1300 4099; x_wconf 77' lang='grc' dir='ltr'><strong><em>η</em></strong></span> <span class='ocrx_word' id='word_1_308' title='bbox 1324 4016 1384 4099; x_wconf 86' lang='grc' dir='ltr'><strong><em>ὅλη</em></strong></span> <span class='ocrx_word' id='word_1_309' title='bbox 1407 4025 1493 4099; x_wconf 79' lang='grc' dir='ltr'><strong><em>γοῦν</em></strong></span> <span class='ocrx_word' id='word_1_310' title='bbox 1515 4017 1606 4099; x_wconf 88' lang='grc' dir='ltr'><strong><em>περί-</em></strong></span> 
     </span>
     <span class='ocr_line' id='line_1_33' title="bbox 371 4121 1605 4209; baseline -0.001 -21"><span class='ocrx_word' id='word_1_311' title='bbox 371 4124 450 4200; x_wconf 91' lang='grc' dir='ltr'><strong><em>οδος</em></strong></span> <span class='ocrx_word' id='word_1_312' title='bbox 475 4122 603 4207; x_wconf 75' lang='grc' dir='ltr'><strong><em>ὀφείλει</em></strong></span> <span class='ocrx_word' id='word_1_313' title='bbox 626 4121 817 4203; x_wconf 80' lang='grc' dir='ltr'><strong><em>ἀπαρτίζειν</em></strong></span> <span class='ocrx_word' id='word_1_314' title='bbox 840 4124 996 4188; x_wconf 82' lang='grc' dir='ltr'><strong><em>διάνοιαν</em></strong></span> <span class='ocrx_word' id='word_1_315' title='bbox 1017 4124 1072 4188; x_wconf 74' lang='grc' dir='ltr'><strong><em>καὶ</em></strong></span> <span class='ocrx_word' id='word_1_316' title='bbox 1097 4124 1133 4189; x_wconf 89' lang='grc' dir='ltr'><strong><em>τὸ</em></strong></span> <span class='ocrx_word' id='word_1_317' title='bbox 1153 4122 1234 4187; x_wconf 85' lang='grc' dir='ltr'><strong><em>ὅλον</em></strong></span> <span class='ocrx_word' id='word_1_318' title='bbox 1252 4129 1370 4189; x_wconf 82' lang='grc' dir='ltr'><strong><em>κῶλον.</em></strong></span> <span class='ocrx_word' id='word_1_319' title='bbox 1402 4125 1450 4208; x_wconf 79' lang='grc' dir='ltr'><strong><em>μὴ</em></strong></span> <span class='ocrx_word' id='word_1_320' title='bbox 1470 4121 1605 4209; x_wconf 85' lang='grc' dir='ltr'><strong><em>μέντοι</em></strong></span> 
     </span>
     <span class='ocr_line' id='line_1_34' title="bbox 370 4221 1606 4313; baseline -0.001 -18"><span class='ocrx_word' id='word_1_321' title='bbox 370 4253 413 4312; x_wconf 82' lang='grc' dir='ltr'><strong><em>γε</em></strong></span> <span class='ocrx_word' id='word_1_322' title='bbox 436 4230 478 4294; x_wconf 77' lang='grc' dir='ltr'><strong><em>δὲ</em></strong></span> <span class='ocrx_word' id='word_1_323' title='bbox 501 4230 793 4294; x_wconf 81' lang='grc' dir='ltr'><strong><em>διακόπτεσθαι</em></strong></span> <span class='ocrx_word' id='word_1_324' title='bbox 817 4240 889 4306; x_wconf 88' lang='grc' dir='ltr'><strong><em>ταῖς</em></strong></span> <span class='ocrx_word' id='word_1_325' title='bbox 912 4240 1079 4313; x_wconf 79' lang='grc' dir='ltr'><strong><em>στιγμαῖς,</em></strong></span> <span class='ocrx_word' id='word_1_326' title='bbox 1107 4221 1162 4295; x_wconf 82' lang='grc' dir='ltr'><strong><em>οἷοί</em></strong></span> <span class='ocrx_word' id='word_1_327' title='bbox 1185 4229 1250 4294; x_wconf 81' lang='grc' dir='ltr'><strong><em>εἰσι</em></strong></span> <span class='ocrx_word' id='word_1_328' title='bbox 1274 4230 1314 4294; x_wconf 85' lang='grc' dir='ltr'><strong><em>τὰ</em></strong></span> <span class='ocrx_word' id='word_1_329' title='bbox 1336 4230 1418 4295; x_wconf 77' lang='grc' dir='ltr'><strong><em>κατὰ</em></strong></span> <span class='ocrx_word' id='word_1_330' title='bbox 1441 4231 1606 4296; x_wconf 80' lang='grc' dir='ltr'><strong><em>σύνθεσιν</em></strong></span> 
     </span>
     <span class='ocr_line' id='line_1_35' title="bbox 371 4333 1606 4423; baseline -0.001 -22"><span class='ocrx_word' id='word_1_331' title='bbox 371 4335 425 4402; x_wconf 80' lang='grc' dir='ltr'><strong><em>καὶ</em></strong></span> <span class='ocrx_word' id='word_1_332' title='bbox 441 4337 619 4423; x_wconf 86' lang='grc' dir='ltr'><strong><em>διαίρεσιν·</em></strong></span> <span class='ocrx_word' id='word_1_333' title='bbox 638 4333 693 4401; x_wconf 81' lang='grc' dir='ltr'><strong><em>καὶ</em></strong></span> <span class='ocrx_word' id='word_1_334' title='bbox 712 4335 861 4402; x_wconf 81' lang='grc' dir='ltr'><strong><em>ἐνταῦθα</em></strong></span> <span class='ocrx_word' id='word_1_335' title='bbox 878 4338 941 4421; x_wconf 78' lang='grc' dir='ltr'><strong><em>μὲν</em></strong></span> <span class='ocrx_word' id='word_1_336' title='bbox 960 4334 1186 4414; x_wconf 81' lang='grc' dir='ltr'><strong><em>διαστίξαντες</em></strong></span> <span class='ocrx_word' id='word_1_337' title='bbox 1205 4336 1311 4419; x_wconf 75' lang='grc' dir='ltr'><strong><em>ἄλλην</em></strong></span> <span class='ocrx_word' id='word_1_338' title='bbox 1329 4337 1484 4403; x_wconf 78' lang='grc' dir='ltr'><strong><em>διάνοιαν</em></strong></span> <span class='ocrx_word' id='word_1_339' title='bbox 1502 4336 1606 4421; x_wconf 81' lang='grc' dir='ltr'><strong><em>ἀπαρ-</em></strong></span> 
     </span>
     <span class='ocr_line' id='line_1_36' title="bbox 371 4434 1604 4527; baseline 0 -20"><span class='ocrx_word' id='word_1_340' title='bbox 371 4445 520 4527; x_wconf 87' lang='grc' dir='ltr'><strong><em>τίσομεν,</em></strong></span> <span class='ocrx_word' id='word_1_341' title='bbox 544 4443 693 4509; x_wconf 76' lang='grc' dir='ltr'><strong><em>ἐνταῦθα</em></strong></span> <span class='ocrx_word' id='word_1_342' title='bbox 716 4440 753 4508; x_wconf 74' lang='grc' dir='ltr'><strong><em>δὲ</em></strong></span> <span class='ocrx_word' id='word_1_343' title='bbox 776 4440 1001 4521; x_wconf 82' lang='grc' dir='ltr'><strong><em>διαστίξαντες</em></strong></span> <span class='ocrx_word' id='word_1_344' title='bbox 1019 4444 1133 4527; x_wconf 76' lang='grc' dir='ltr'><strong><em>ἄλλην,</em></strong></span> <span class='ocrx_word' id='word_1_345' title='bbox 1157 4434 1233 4509; x_wconf 85' lang='grc' dir='ltr'><strong><em>οἷόν</em></strong></span> <span class='ocrx_word' id='word_1_346' title='bbox 1253 4442 1321 4509; x_wconf 80' lang='grc' dir='ltr'><strong><em>ἐστι</em></strong></span> <span class='ocrx_word' id='word_1_347' title='bbox 1341 4444 1378 4509; x_wconf 90' lang='grc' dir='ltr'><strong><em>τὸ</em></strong></span> <span class='ocrx_word' id='word_1_348' title='bbox 1403 4442 1604 4527; x_wconf 53' lang='grc' dir='ltr'><strong><em>ε(γένοιτο,</em></strong></span> 
     </span>
     <span class='ocr_line' id='line_1_37' title="bbox 372 4540 1605 4635; baseline 0.001 -20"><span class='ocrx_word' id='word_1_349' title='bbox 372 4555 464 4635; x_wconf 88' lang='grc' dir='ltr'><strong><em>Ζεῦ,</em></strong></span> <span class='ocrx_word' id='word_1_350' title='bbox 492 4553 561 4618; x_wconf 88' lang='grc' dir='ltr'><strong><em>τὸν</em></strong></span> <span class='ocrx_word' id='word_1_351' title='bbox 588 4561 662 4617; x_wconf 92' lang='grc' dir='ltr'><strong><em>σῦν</em></strong></span> <span class='ocrx_word' id='word_1_352' title='bbox 689 4554 928 4635; x_wconf 81' lang='grc' dir='ltr'><strong><em>καταβαλεῖν</em></strong></span> <span class='ocrx_word' id='word_1_353' title='bbox 955 4548 1048 4632; x_wconf 80' lang='grc' dir='ltr'><strong><em>ἑμέ”</em></strong></span> <span class='ocrx_word' id='word_1_354' title='bbox 1076 4550 1131 4615; x_wconf 81' lang='grc' dir='ltr'><strong><em>καί</em></strong></span> <span class='ocrx_word' id='word_1_355' title='bbox 1160 4540 1235 4616; x_wconf 86' lang='grc' dir='ltr'><strong><em>οἷόν</em></strong></span> <span class='ocrx_word' id='word_1_356' title='bbox 1262 4548 1331 4616; x_wconf 79' lang='grc' dir='ltr'><strong><em>ἐστι</em></strong></span> <span class='ocrx_word' id='word_1_357' title='bbox 1359 4548 1474 4616; x_wconf 77' lang='grc' dir='ltr'><strong><em>καὶτὸ</em></strong></span> <span class='ocrx_word' id='word_1_358' title='bbox 1499 4549 1605 4616; x_wconf 76' lang='lat' dir='ltr'><strong>“Kc-</strong></span> 
     </span>
     <span class='ocr_line' id='line_1_38' title="bbox 372 4654 1606 4743; baseline 0 -22"><span class='ocrx_word' id='word_1_359' title='bbox 372 4659 504 4723; x_wconf 86' lang='grc' dir='ltr'><strong><em>λυδὼν</em></strong></span> <span class='ocrx_word' id='word_1_360' title='bbox 526 4659 594 4742; x_wconf 72' lang='grc' dir='ltr'><strong><em>ἥδε</em></strong></span> <span class='ocrx_word' id='word_1_361' title='bbox 622 4668 716 4742; x_wconf 82' lang='grc' dir='ltr'><strong><em>γαῖα</em></strong></span> <span class='ocrx_word' id='word_1_362' title='bbox 743 4661 968 4733; x_wconf 90' lang='grc' dir='ltr'><strong><em>Πελοπείας</em></strong></span> <span class='ocrx_word' id='word_1_363' title='bbox 995 4657 1179 4741; x_wconf 79' lang='grc' dir='ltr'><strong><em>χθονός”.</em></strong></span> <span class='ocrx_word' id='word_1_364' title='bbox 1227 4659 1257 4722; x_wconf 88' lang='grc' dir='ltr'><strong><em>εἰ</em></strong></span> <span class='ocrx_word' id='word_1_365' title='bbox 1279 4654 1341 4741; x_wconf 71' lang='grc' dir='ltr'><strong><em>μέν</em></strong></span> <span class='ocrx_word' id='word_1_366' title='bbox 1364 4659 1427 4741; x_wconf 77' lang='grc' dir='ltr'><strong><em>γὰρ</em></strong></span> <span class='ocrx_word' id='word_1_367' title='bbox 1452 4654 1606 4743; x_wconf 85' lang='grc' dir='ltr'><strong><em>στίξομεν</em></strong></span> 
     </span>
     <span class='ocr_line' id='line_1_39' title="bbox 372 4762 1605 4849; baseline 0.003 -22"><span class='ocrx_word' id='word_1_368' title='bbox 372 4765 419 4839; x_wconf 85' lang='grc' dir='ltr'><strong><em>εἰς</em></strong></span> <span class='ocrx_word' id='word_1_369' title='bbox 442 4766 480 4829; x_wconf 88' lang='grc' dir='ltr'><strong><em>τὸ</em></strong></span> <span class='ocrx_word' id='word_1_370' title='bbox 503 4764 577 4848; x_wconf 74' lang='grc' dir='ltr'><strong><em>ἥδε,</em></strong></span> <span class='ocrx_word' id='word_1_371' title='bbox 605 4776 731 4832; x_wconf 89' lang='grc' dir='ltr'><strong><em>νοεῖται</em></strong></span> <span class='ocrx_word' id='word_1_372' title='bbox 759 4765 810 4831; x_wconf 81' lang='grc' dir='ltr'><strong><em>ὅτι</em></strong></span> <span class='ocrx_word' id='word_1_373' title='bbox 833 4764 916 4848; x_wconf 81' lang='grc' dir='ltr'><strong><em>αὕτη</em></strong></span> <span class='ocrx_word' id='word_1_374' title='bbox 940 4763 961 4847; x_wconf 77' lang='grc' dir='ltr'>ἡ</span> <span class='ocrx_word' id='word_1_375' title='bbox 985 4765 1153 4829; x_wconf 85' lang='grc' dir='ltr'><strong><em>Καλυδών</em></strong></span> <span class='ocrx_word' id='word_1_376' title='bbox 1176 4763 1246 4830; x_wconf 79' lang='grc' dir='ltr'><strong><em>ἐστι</em></strong></span> <span class='ocrx_word' id='word_1_377' title='bbox 1269 4774 1321 4849; x_wconf 80' lang='grc' dir='ltr'><strong><em>γη,</em></strong></span> <span class='ocrx_word' id='word_1_378' title='bbox 1348 4762 1404 4829; x_wconf 82' lang='grc' dir='ltr'><strong><em>καὶ</em></strong></span> <span class='ocrx_word' id='word_1_379' title='bbox 1427 4770 1525 4848; x_wconf 87' lang='grc' dir='ltr'><strong><em>μέρος</em></strong></span> <span class='ocrx_word' id='word_1_380' title='bbox 1547 4775 1605 4849; x_wconf 78' lang='grc' dir='ltr'><strong><em>τῆς</em></strong></span> 
     </span>
     <span class='ocr_line' id='line_1_40' title="bbox 372 4868 1603 4957; baseline 0.002 -23"><span class='ocrx_word' id='word_1_381' title='bbox 372 4873 653 4954; x_wconf 82' lang='grc' dir='ltr'><strong><em>Πελοποννήσου,</em></strong></span> <span class='ocrx_word' id='word_1_382' title='bbox 681 4872 711 4937; x_wconf 84' lang='grc' dir='ltr'><strong><em>εἰ</em></strong></span> <span class='ocrx_word' id='word_1_383' title='bbox 738 4868 775 4936; x_wconf 74' lang='grc' dir='ltr'><strong><em>δὲ</em></strong></span> <span class='ocrx_word' id='word_1_384' title='bbox 803 4869 957 4956; x_wconf 77' lang='grc' dir='ltr'><strong><em>στίξομεν</em></strong></span> <span class='ocrx_word' id='word_1_385' title='bbox 984 4872 1033 4948; x_wconf 87' lang='grc' dir='ltr'><strong><em>εἰς</em></strong></span> <span class='ocrx_word' id='word_1_386' title='bbox 1055 4872 1092 4937; x_wconf 93' lang='grc' dir='ltr'><strong><em>τὸ</em></strong></span> <span class='ocrx_word' id='word_1_387' title='bbox 1116 4870 1188 4956; x_wconf 82' lang='grc' dir='ltr'><strong><em>μέν,</em></strong></span> <span class='ocrx_word' id='word_1_388' title='bbox 1212 4883 1337 4937; x_wconf 89' lang='grc' dir='ltr'><strong><em>νοεῖται</em></strong></span> <span class='ocrx_word' id='word_1_389' title='bbox 1361 4872 1411 4937; x_wconf 83' lang='grc' dir='ltr'><strong><em>ὅτι</em></strong></span> <span class='ocrx_word' id='word_1_390' title='bbox 1434 4872 1495 4957; x_wconf 74' lang='grc' dir='ltr'><strong><em>ἥδε</em></strong></span> <span class='ocrx_word' id='word_1_391' title='bbox 1518 4871 1538 4955; x_wconf 80' lang='grc' dir='ltr'>ἡ</span> <span class='ocrx_word' id='word_1_392' title='bbox 1562 4881 1603 4955; x_wconf 82' lang='grc' dir='ltr'><strong><em>γη</em></strong></span> 
     </span>
    </p>
   </div>
   <div class='ocr_carea' id='block_1_4' title="bbox 0 0 1988 5725">
    <p class='ocr_par' dir='ltr' id='par_1_7' title="bbox 0 0 1988 5725">
     <span class='ocr_line' id='line_1_41' title="bbox 0 0 1988 5725; baseline 0 0"><span class='ocrx_word' id='word_1_393' title='bbox 0 0 1988 5725; x_wconf 95' lang='lat' dir='ltr'><strong><em> </em></strong></span> 
     </span>
    </p>
   </div>
  </div>
 </body>
</html>
