3967 5725
720 610 1023 662 coumovnasmn
1041 611 1258 663 marsuan.
1542 609 1607 675 551

372 768 526 835 hibentur
550 770 583 833 in
599 770 692 836 'hunc
715 770 847 835 modum
869 792 964 853 qnam
984 772 1096 837 maltos
1112 773 1168 854 qni
1186 774 1280 837 etimn
1299 773 1496 855 defenderent
1512 794 1608 855 qnam

371 877 484 943 maltos
498 879 553 959 qni
567 900 600 959 p.
614 883 650 942 st.
669 899 733 943 non
745 884 904 959 peterent.
928 877 1077 943 Halmius
1097 879 1237 963 quidem,
1256 879 1313 962 qui
1330 878 1450 945 librum
1469 878 1607 945 Ambro-

338 966 340 973 ¹
372 986 499 1047 sianum
517 1005 584 1047 non
603 984 769 1069 cognitum
788 985 936 1067 habebat,
956 986 1033 1069 quia
1050 985 1136 1050 idem
1155 986 1189 1049 in
1206 987 1318 1070 paucis
1332 985 1425 1052 libris
1440 987 1607 1052 deterioris

373 1091 494 1155 ordinis
523 1089 695 1175 acciderat,
723 1113 761 1155 eo
790 1094 908 1157 certius
936 1091 1074 1177 putabat
1100 1092 1242 1178 glossam
1269 1094 1409 1179 coargui
1446 1090 1510 1160 sed
1533 1093 1607 1178 quis

371 1198 482 1280 nescit,
505 1197 567 1261 hoc
591 1220 719 1281 quoque
741 1199 869 1283 saepius
888 1199 1010 1264 factum
1029 1221 1098 1263 esse
1117 1199 1151 1263 in
1170 1199 1343 1284 codicibus,
1365 1204 1403 1265 nt
1422 1222 1504 1285 quae
1522 1201 1607 1267 forte

370 1304 541 1370 scribentis
565 1305 666 1369 aciem
690 1306 869 1390 effugerant
891 1306 927 1369 in
949 1306 1094 1391 margine
1117 1307 1264 1391 apposita
1285 1328 1350 1371 non
1371 1328 1429 1372 auo
1447 1308 1519 1372 loco
1538 1330 1607 1372 rur-

370 1434 425 1476 sus
452 1412 671 1496 reciperentur
698 1412 733 1475 in
757 1412 924 1477 ordinem?
960 1412 1006 1476 Et
1027 1412 1084 1477 illa
1108 1414 1236 1497 quidem
1259 1414 1322 1479 duo
1346 1413 1418 1479 cola
1439 1413 1502 1479 hac
1525 1415 1606 1480 serie

370 1519 448 1584 ferri
475 1520 566 1583 nullo
594 1520 690 1584 modo
719 1523 877 1603 poterant.
915 1519 976 1584 His
1005 1519 1106 1606 igitur
1132 1519 1228 1585 rebus
1252 1521 1286 1584 in
1308 1525 1455 1586 neutram
1479 1528 1604 1605 partem

335 1626 544 1710 Squicqnam
574 1627 819 1691 demonstratur.
856 1624 997 1690 Firmius
1026 1627 1242 1710 quaerendum
1270 1631 1320 1691 est
1347 1626 1509 1693 iudicandi
1533 1628 1605 1692 fun-

371 1734 564 1798 damentum.
602 1731 695 1809 Quod
725 1734 831 1817 parari
858 1754 925 1798 non
953 1754 1050 1817 posse
1073 1754 1238 1798 censemus
1259 1734 1324 1799 nisi
1348 1735 1527 1800 accuratius
1552 1758 1645 1801 ex·1o

367 1839 496 1924 plorata
522 1841 694 1905 verborum
723 1841 895 1924 sententia,
923 1863 1019 1924 quam
1048 1840 1152 1906 critici
1178 1841 1244 1905 fere
1272 1864 1337 1907 non
1365 1843 1544 1928 tetigerrmt
1568 1843 1606 1906 li-

370 1948 503 2013 brorum
535 1946 729 2011 testimoniis
762 1951 795 2010 et
827 1945 883 2011 illa
911 1945 1029 2011 fiducia
1057 1948 1237 2013 confirmati
1266 1971 1329 2033 qua
1355 1948 1414 2013 has
1443 1948 1604 2032 orationes

369 2054 579 2119 multifariam
603 2054 694 2118 falsis
718 2053 943 2118 additamentis
967 2057 1078 2119 auctas
1101 2076 1170 2118 esse
1189 2053 1254 2119 sibi
1271 2059 1508 2140 persuaserunt.
1541 2054 1604 2121 Sed

367 2162 448 2227 haec
467 2163 530 2226 duo
550 2162 578 2225 si
597 2162 659 2226 hoc
678 2162 789 2226 ordine
807 2160 917 2225 iuncta
935 2164 1036 2243 erant,
1057 2182 1153 2243 qnam
1171 2162 1291 2241 multoe,
1313 2164 1369 2244 qni
1386 2183 1466 2244 qnae
1482 2184 1534 2246 epo
1553 2164 1604 2228 de·

366 2272 481 2351 ferrem
503 2290 567 2335 non
590 2270 757 2347 crederent,
778 2275 880 2351 ‘qnam
903 2269 1027 2346 mattos,
1050 2270 1106 2350 qni
1121 2275 1251 2351 propter
1272 2269 1439 2335 stultitiam
1460 2291 1524 2335 non
1544 2292 1604 2353 pn-

368 2383 477 2456 terent,
502 2398 597 2463 aegre
619 2376 816 2461 intelligeres
839 2374 918 2439 haec
941 2397 960 2438 a
984 2373 1137 2441 Cicerone
1159 2377 1306 2460 profecte
1328 2399 1397 2442 esse
1421 2381 1477 2441 aut
1500 2378 1541 2441 ab
1565 2400 1603 2442 eo

368 2506 464 2567 quem
491 2483 571 2548 haec
598 2505 658 2547 suo
686 2483 844 2548 arbitratu
871 2482 1032 2547 addidisse
1060 2484 1187 2547 volunt:
1215 2483 1293 2549 adeo
1322 2484 1372 2547 bis
1400 2484 1510 2549 eadem
1533 2506 1603 2549 sen·

367 2592 470 2655 tentia
493 2590 599 2655 afferri
622 2590 757 2655 videtur.
796 2589 880 2667 Quid
904 2590 990 2655 enim
1013 2590 1167 2655 interesse
1186 2590 1344 2655 credimus
1362 2592 1447 2655 inter
1464 2590 1521 2656 illa
1538 2613 1603 2658 non

366 2700 533 2776 crederent,
561 2718 625 2763 non
645 2698 818 2780 paterent?
855 2696 1057 2782 Quamquam
1082 2699 1110 2762 si
1137 2697 1217 2762 haec
1240 2698 1351 2762 eadem
1374 2703 1463 2783 sunt,
1491 2721 1602 2765 rursus

365 2806 490 2885 mirere,
514 2827 551 2870 ea
573 2826 640 2871 non
662 2809 776 2890 putare
800 2804 972 2871 stultitiam
997 2804 1070 2889 dici,
1092 2825 1157 2870 non
1182 2804 1308 2872 credere
1330 2827 1396 2871 non
1418 2804 1600 2873 stultitiam.
1616 2833 1642 2872 eo
1666 2822 1671 2830 '

365 2912 459 2979 Unde
482 2912 650 2998 probabile
673 2913 720 2997 fit,
744 2937 818 2978 enm
841 2936 860 2978 a
884 2935 948 2997 quo
969 2913 1050 2979 haec
1068 2914 1189 2998 scripta
1207 2917 1291 2997 sunt,
1313 2914 1436 2998 aliquid
1456 2913 1601 2979 differen-

365 3023 429 3085 tiae
462 3020 546 3085 inter
577 3026 645 3086 tam
678 3021 792 3086 similis
826 3020 1074 3107 significationis
1102 3020 1200 3085 verba
1227 3020 1423 3085 intercedere
1452 3021 1599 3086 voluisse.

327 3153 330 3168 ¹
365 3126 458 3203 Quod
483 3128 561 3212 quid
583 3128 683 3193 fuerit
705 3127 762 3192 ubi
786 3127 970 3212 quaerimus
995 3131 1027 3190 et
1048 3125 1143 3190 huius
1163 3126 1295 3191 alterius
1314 3126 1450 3190 membri
1470 3126 1600 3210 plenam

364 3234 448 3298 hanc
471 3255 539 3299 esse
563 3239 741 3299 orationem
760 3233 955 3299 attendimus
974 3233 1086 3298 maltos
1101 3233 1201 3314 fnisse
1217 3234 1273 3314 qni
1290 3253 1369 3314 qnae
1382 3253 1434 3315 epo
1449 3233 1599 3314 deferrem

358 3347 487 3424 prepter
508 3341 674 3406 stultitiam
696 3361 759 3405 non
772 3346 931 3423 paterent,
954 3339 1110 3422 dispicere
1128 3339 1276 3403 videmur
1293 3337 1372 3403 haec
1390 3338 1516 3425 integra
1532 3361 1599 3403 non
1624 3406 1627 3410 A

365 3470 447 3513 esse:
476 3471 550 3513 nam
578 3446 659 3512 illud
688 3446 817 3531 quidem
844 3451 931 3511 recte
954 3446 1018 3510 dici
1041 3449 1168 3529 poterat
1191 3445 1303 3511 multos
1322 3447 1422 3528 fnisse
1443 3447 1498 3528 qni
1519 3467 1600 3528 qnae

361 3557 514 3636 deferrem
542 3575 605 3619 nen
633 3554 788 3618 crederent
814 3554 845 3618 h.
866 3576 890 3618 e.
918 3574 985 3618 non
1012 3573 1071 3636 pro
1099 3552 1183 3616 veris
1210 3551 1380 3638 haberent,
1408 3553 1464 3618 sed
1487 3553 1598 3619 maltos

359 3665 460 3743 faiam
486 3663 541 3744 qni
567 3681 646 3743 qnae
669 3661 818 3742 deferrem
841 3682 905 3726 non
921 3665 1084 3743 paterent,
1113 3659 1147 3722 id
1170 3681 1298 3744 quoque
1320 3664 1406 3725 recte
1429 3661 1493 3725 dici
1516 3659 1598 3724 arbi·

363 3773 488 3833 tramur
511 3790 548 3834 ac
569 3789 636 3831 non
659 3768 769 3852 potius
788 3767 868 3832 hacc
887 3767 949 3831 sibi
968 3767 1043 3831 addi
1061 3767 1208 3852 flagitare
1227 3789 1308 3852 quae
1327 3771 1383 3831 aut
1402 3767 1511 3851 qualia
1529 3788 1597 3831 esse

362 3899 429 3941 non
447 3875 620 3960 putarent?
652 3875 742 3940 Haec
761 3875 836 3939 dum
855 3879 1042 3959 reputamus
1061 3878 1094 3938 et
1111 3897 1206 3939 usum
1225 3875 1315 3939 verbi
1327 3880 1443 3956 petefre
1461 3875 1593 3939 circum·
1610 3901 1637 3940 so

361 3983 528 4068 spicimus,
552 4005 589 4047 eo
614 3982 810 4067 adducimur,
834 3986 870 4047 ut
894 3982 1087 4047 sententiam
1110 4003 1265 4068 negemus
1289 3985 1435 4047 constare
1457 3979 1521 4044 nisi
1544 3981 1596 4045 ad·

361 4091 456 4155 datur
484 4089 569 4175 quod
591 4091 732 4171 putendi
761 4087 894 4153 verbum
918 4093 1031 4173 poscat
1054 4092 1110 4153 aut
1132 4088 1228 4172 ferat3
1255 4109 1371 4172 nempe
1394 4088 1596 4171 suspicamur

361 4199 409 4262 ita
432 4198 587 4283 scriptum
615 4197 715 4262 fuisse
738 4219 833 4279 qnam
856 4197 968 4262 multos
989 4198 1045 4278 qni
1061 4202 1190 4278 propter
1211 4195 1377 4261 stultitiam
1401 4211 1509 4258 rsurr
1531 4215 1596 4260 non

355 4312 514 4388 putarent.
552 4304 648 4370 Hunc
671 4305 754 4370 enim
777 4325 847 4368 esse
864 4307 978 4368 notum
998 4308 1048 4368 est
1065 4303 1268 4368 verissimum
1288 4302 1444 4367 sermonis
1463 4322 1595 4368 morem,

358 4433 427 4496 quo
451 4411 516 4478 dici
540 4412 623 4477 solet
640 4412 736 4476 nihili
747 4417 870 4493 petere,
894 4413 990 4476 aenei
1008 4433 1071 4476 non
1086 4417 1207 4492 patore,
1225 4410 1335 4491 mapni
1347 4413 1471 4490 pretore,
1487 4408 1595 4490 plenis

354 4524 479 4598 patore,
503 4519 565 4583 alia
589 4519 699 4583 multa.
736 4518 788 4582 Ex
813 4539 877 4602 quo
901 4539 1017 4603 genere
1041 4521 1091 4582 sat
1114 4517 1176 4581 erit
1199 4516 1262 4579 duo
1281 4515 1428 4579 attulisse
1448 4516 1595 4599 exempla

362 4623 525 4691 Ciceronis
544 4625 582 4690 de
602 4626 816 4691 orationibus:
840 4647 899 4709 pro
919 4624 1041 4690 Milone
1060 4625 1112 4707 23,
1131 4622 1174 4688 63
1193 4621 1267 4687 Sive
1284 4622 1368 4686 enim
1386 4621 1469 4686 dlnd
1486 4623 1593 4686 cnineo

359 4733 443 4797 bato
466 4753 503 4798 ce
519 4734 637 4814 percito
658 4735 786 4815 feneret,
808 4737 843 4797 nt
864 4733 1008 4797 incensus
1030 4731 1101 4796 odio
1124 4730 1295 4794 trucidaret
1312 4729 1485 4807 inimicum,
1509 4728 1594 4793 orbi-

359 4839 526 4905 trebontnr
553 4860 622 4904 enm
649 4842 749 4905 tenti
776 4844 902 4904 mortem
927 4837 964 4901 P.
987 4836 1096 4902 Clodii
1116 4843 1283 4918 peterse,
1310 4841 1346 4900 nt
1368 4856 1463 4918 aeone
1486 4836 1593 4900 animo
