3967 5725
392 604 462 669 312
610 607 707 658 XLIX.
727 607 842 656 INDEX
860 605 1074 656 LECTIONUM
1091 604 1324 656 AESTIVARUM
1345 606 1422 656 1899.

527 769 626 833 rostra
648 773 753 832 cetam
784 766 910 832 mune?

740 874 778 938 id
798 873 881 955 quod
902 874 993 938 malli
1016 873 1198 938 inomaus:

526 1003 606 1064 quoe
626 983 752 1062 scrqrsit
772 981 880 1062 pruris
902 987 929 1045 et
951 981 1131 1062 inperiosus
1147 986 1249 1063 poeto,
1272 981 1397 1062 scripsit
1419 1001 1483 1046 aaa
1505 986 1540 1044 ut
1557 981 1630 1046 illos

526 1090 626 1171 reptos
642 1107 766 1170 pueros,
789 1089 845 1170 qui
867 1089 934 1152 ium
957 1107 1112 1169 nusquam
1136 1093 1233 1167 aaut,
1256 1089 1311 1153 scd
1331 1093 1368 1152 ut
1388 1107 1446 1152 uos
1463 1093 1492 1152 et
1508 1093 1630 1153 uestros

440 1196 481 1262 15
527 1196 639 1261 liberos
660 1196 705 1260 ad
726 1195 861 1260 laborem
884 1200 912 1259 et
934 1195 979 1259 ud
1000 1194 1125 1259 modam
1148 1196 1300 1260 scateret.

392 1302 550 1368 Universe
578 1301 657 1368 haec
686 1302 732 1366 ita
759 1323 799 1365 ex
827 1301 922 1366 bonis
951 1300 1128 1385 codicibus,
1157 1323 1295 1385 quorum
1323 1301 1386 1366 duo
1416 1323 1490 1385 prae
1513 1301 1630 1366 ceteris

393 1409 599 1494 adhibentur,
627 1412 729 1473 tracta
757 1412 789 1472 et
816 1431 836 1472 a
858 1407 988 1472 Baitero
1014 1409 1049 1472 in
1071 1407 1238 1473 Turicensi
1262 1407 1363 1472 altera
1386 1431 1412 1472 a.
1434 1407 1519 1472 1856
1543 1408 1630 1472 edita

394 1521 478 1582 sunt.
515 1515 600 1581 Nam
622 1514 705 1579 illud
726 1515 797 1579 leve
820 1520 877 1596 est,
901 1515 987 1598 quod
1012 1516 1087 1598 quia
1109 1517 1144 1580 ic
1167 1516 1238 1580 istis
1262 1514 1427 1580 codicibus
1452 1512 1494 1600 (v.
1515 1513 1549 1600 8)
1569 1537 1628 1598 pro

394 1644 473 1706 quoe
491 1626 656 1687 exaratum
675 1626 725 1687 est
742 1643 846 1704 quare,
869 1621 944 1686 inde
962 1643 1041 1704 quae
1058 1643 1113 1688 rec
1131 1622 1338 1698 efficiendum
1353 1626 1521 1706 putarunt3
1541 1621 1629 1705 quod

357 1753 416 1800 roa
439 1729 570 1795 Klotzio
589 1729 694 1814 primo
712 1730 916 1814 propositum
934 1729 1032 1795 hodie
1051 1730 1211 1814 recipiunt
1229 1751 1348 1814 omnes,
1372 1751 1574 1813 quamquam,
1593 1733 1630 1792 ut

395 1837 458 1901 hoc
481 1835 694 1920 vituperabile
721 1858 787 1901 non
810 1837 866 1920 sit,
896 1837 952 1919 qui
975 1837 1082 1901 minus
1106 1834 1218 1902 Cicero
1247 1835 1411 1920 scripserit
1433 1857 1512 1918 quoe
1534 1835 1587 1900 ille
1608 1857 1629 1900 a

396 1942 468 2009 Iove
494 1949 580 2009 ortus
607 1965 704 2027 quam
732 1942 846 2008 scribit
867 1944 901 2008 in
925 1941 1017 2007 Tusa.
1038 1943 1119 2028 disp.
1139 1962 1178 2007 111
1198 1945 1253 2028 12,
1272 1943 1315 2008 26
1339 1943 1443 2025 qualis
1465 1945 1548 2008 caira
1572 1943 1668 2008 rimo

395 2051 448 2116 ille
474 2053 597 2116 videtin
619 2050 755 2115 Tantulo
776 2055 952 2132 procreatus
977 2054 1036 2114 cet.
1072 2049 1187 2134 Neque
1208 2053 1319 2133 prauis
1342 2047 1385 2137 (r.
1406 2047 1455 2135 8),
1483 2071 1629 2134 proquo

395 2162 444 2223 est
471 2159 506 2222 in
533 2157 634 2222 altero
664 2157 773 2222 codice
793 2177 916 2239 proras
938 2155 989 2240 (ut
1012 2181 1041 2222 r.
1063 2157 1103 2222 13
1128 2181 1187 2242 pro
1209 2159 1320 2240 prauis
1342 2157 1424 2223 alter
1444 2159 1556 2240 proicis
1579 2179 1630 2220 ex-

395 2262 510 2351 hibet),
529 2265 608 2330 satis
627 2265 707 2329 certi
726 2285 846 2346 sumus,
865 2267 974 2328 utrum
995 2263 1166 2328 delendum
1186 2267 1236 2349 sit,
1256 2266 1289 2330 id
1309 2265 1396 2348 quod
1416 2287 1488 2330 cum
1509 2262 1629 2328 Orellio

396 2370 538 2436 Cobetus
565 2370 730 2455 probavit,
757 2371 834 2435 item
858 2370 1055 2457 Madvigius,
1083 2376 1115 2436 et
1143 2376 1193 2436 est
1219 2373 1298 2436 haec
1324 2372 1428 2456 proba
1456 2371 1559 2437 oratio
1587 2372 1633 2437 ad

389 2485 558 2561 praecepio
580 2483 668 2543 caus
689 2497 753 2543 noa
775 2483 826 2556 cst,
849 2499 890 2542 an
915 2477 1148 2563 corrigendum,
1172 2479 1260 2543 velut
1279 2480 1414 2561 quamdis
1433 2478 1562 2543 Klotzio
1582 2501 1631 2544 ac-

397 2590 524 2669 ceptum
548 2585 688 2650 ferentes
706 2584 852 2668 plerique
872 2604 983 2649 omnes
1003 2586 1140 2649 nuncin
1160 2589 1249 2650 textu
1269 2589 1403 2669 ponunt,
1426 2607 1573 2650 veremur·
1590 2607 1632 2649 ne

397 2691 502 2776 specie
525 2691 657 2756 inducti.
694 2692 804 2757 Nostis
826 2696 934 2756 autem
959 2689 1002 2778 (v.
1024 2690 1094 2778 11),
1118 2693 1204 2776 quod
1229 2693 1261 2756 in
1287 2692 1380 2756 libris
1404 2693 1559 2776 scriptum
1583 2694 1634 2758 est

356 2832 383 2872 20
397 2801 524 2879 ausam,
552 2798 675 2884 pridem
705 2798 889 2864 restitutum
917 2802 974 2864 est.
1013 2796 1076 2863 Sed
1103 2798 1198 2864 nobis
1221 2800 1318 2887 longe
1341 2801 1491 2887 graviora
1513 2799 1549 2863 in
1571 2799 1633 2864 hac

396 2911 488 2991 parte
507 2905 713 2990 disceptanda
732 2910 815 2971 sunt.
852 2904 936 2970 Nam
956 2906 1043 2990 quod
1063 2905 1173 2971 Cicero
1192 2912 1267 2991 post
1285 2907 1342 2972 illa
1360 2930 1442 2992 quae
1460 2907 1539 2972 dicit
1558 2904 1632 2993 (11)

396 3016 495 3081 costis
516 3020 622 3093 celera
646 3012 764 3098 quibus
788 3034 821 3078 se
843 3013 937 3097 plura
960 3035 1000 3076 ex
1023 3014 1086 3078 ista
1109 3015 1254 3080 oratione
1277 3018 1390 3098 poetae
1415 3015 1526 3079 afferre
1545 3015 1633 3079 nolle

397 3122 528 3204 indicat,
546 3125 654 3186 tamen
671 3142 730 3205 per
748 3120 1043 3205 interrogationem,
1062 3120 1172 3185 addita
1191 3122 1358 3206 particula,
1378 3144 1416 3185 ex
1436 3122 1544 3185 eadem
1563 3144 1632 3186 ora-

398 3229 485 3295 tione
510 3249 605 3313 super
623 3227 737 3292 addere
756 3228 883 3291 videtur
900 3226 980 3293 haee
998 3227 1121 3293 conae?
1147 3227 1207 3292 “ia
1224 3228 1307 3310 quod
1324 3228 1415 3293 multi
1433 3226 1633 3307 iuvidecut”,

399 3335 516 3401 mirum
545 3358 611 3400 non
639 3339 689 3399 est
716 3335 796 3399 olim
825 3334 927 3399 doctis
955 3333 1048 3399 valde
1076 3333 1286 3419 displicuisse.
1325 3334 1468 3411 Quorum
1493 3332 1632 3399 Orellius

398 3445 544 3509 oratione
572 3465 630 3527 pro
658 3442 790 3506 Plancio
820 3463 891 3506 cum
920 3441 1150 3507 commentario
1181 3440 1346 3507 Garatonii
1375 3462 1518 3507 seorsum
1547 3442 1635 3507 edita

399 3575 427 3616 a.
453 3550 539 3614 1825
572 3553 646 3633 post
677 3545 815 3615 aliorum
844 3552 1025 3614 commenta
1052 3549 1141 3613 varia
1168 3549 1344 3614 studiosius
1373 3570 1505 3614 excussa
1532 3550 1566 3613 in
1594 3570 1633 3615 eo

398 3655 633 3742 persistendum
661 3656 835 3720 arbitratus
863 3658 925 3738 est,
955 3658 992 3718 ut
1021 3656 1141 3721 omisso
1164 3666 1259 3720 versu
1284 3656 1345 3721 “id
1366 3658 1448 3739 quod
1470 3657 1561 3721 mcclii
1583 3658 1634 3720 irr-

399 3762 562 3848 oideuffl,
585 3783 681 3845 quem
704 3763 811 3826 nescio
836 3763 909 3846 quis
928 3784 967 3825 ex
987 3765 1132 3828 oratione
1152 3761 1307 3847 Sestiana,
1330 3762 1386 3828 ubi
1407 3764 1515 3829 eadem
1534 3763 1634 3827 verba

360 3898 387 3939 so
400 3893 473 3936 cum
498 3870 643 3954 pluribus
668 3869 817 3953 citantur,
840 3868 881 3933 ad
903 3869 989 3933 hunc
1008 3868 1114 3934 locum
1133 3869 1364 3955 adscripsisset,
1387 3874 1512 3935 tantum
1531 3890 1635 3935 nouae

398 3978 556 4063 particula
574 3975 614 4040 ad
633 3974 796 4041 Ciceronis
815 3976 994 4040 orationem
1013 3976 1207 4061 traheretur3
1226 3978 1422 4061 eandemque
1441 3978 1632 4043 sententiam

399 4088 512 4170 postea
529 4081 713 4149 Wunderus
740 4082 800 4146 hae
829 4082 976 4147 oratione
1000 4104 1072 4148 cum
1095 4083 1212 4169 amplis
1236 4086 1474 4150 commentariis
1498 4107 1524 4148 a.
1547 4083 1633 4147 1830

399 4192 566 4277 publicata
592 4190 741 4276 pluribus
768 4189 865 4254 etiam
893 4190 1083 4254 confirmare
1110 4191 1234 4257 studuit
1262 4214 1292 4276 p.
1317 4209 1389 4255 nvn
1404 4213 1473 4274 sqq.
1502 4196 1533 4256 et
1560 4190 1632 4255 159.

400 4298 481 4363 Esto
504 4297 543 4362 de
566 4318 673 4362 versu:
696 4296 808 4361 sedeo
827 4297 947 4362 omisso
967 4318 1049 4381 quae
1067 4296 1194 4362 residua
1213 4302 1263 4362 est
1281 4297 1384 4364 oratio
1404 4299 1501 4363 uestis
1518 4304 1634 4363 cetera:

400 4405 524 4473 conae?
547 4426 625 4469 eane
643 4404 753 4469 decere
768 4402 953 4469 Ciceronem
973 4403 1156 4470 videbitur?
1179 4400 1318 4471 Orellius
1338 4405 1467 4488 quidem
1483 4406 1538 4489 qui
1552 4406 1635 4471 uasti

400 4512 527 4597 maluit,
555 4511 711 4596 probante
729 4510 908 4596 Wundero,
935 4534 1032 4597 quam
1055 4514 1153 4577 costis
1174 4512 1285 4599 scribi,
1308 4511 1386 4578 haec
1409 4516 1446 4576 nt
1469 4511 1508 4576 ad
1534 4532 1634 4576 unum

402 4618 548 4684 Cassium
576 4619 784 4702 referrentur,
809 4638 876 4684 non
902 4619 1026 4683 sineri
1051 4618 1189 4703 quadam
1212 4620 1295 4685 hanc
1319 4624 1476 4686 curteum
1500 4620 1635 4683 interro-

401 4724 565 4811 gationem
589 4725 662 4789 addi
685 4726 813 4810 putavit
836 4724 1000 4812 (“uoune”
1024 4726 1088 4791 scil.
1112 4726 1218 4791 uasti?
1241 4729 1338 4793 immo
1361 4728 1475 4809 optime
1492 4731 1526 4790 tu
1544 4726 1635 4804 nosti,

403 4832 503 4912 Cossi,
525 4832 614 4897 homo
637 4833 791 4897 cimicum
813 4834 932 4898 caedite
954 4829 1028 4918 cet.)
1052 4836 1084 4897 et
1106 4832 1193 4897 hunc
1215 4856 1309 4899 usum
1333 4831 1509 4917 particulae
1528 4832 1635 4896 verbis
