3967 5725
587 674 638 723 DE
656 673 832 725 VERSIBUS
851 673 1063 724 NONNULLIS
1081 673 1180 724 ACCII
1198 673 1354 725 TRAGICI.
1522 673 1590 736 453

354 837 410 902 sed
433 835 525 901 Accii
548 836 646 900 verba
669 835 715 898 sio
738 839 775 898 ut
798 856 895 919 supra
918 834 1038 918 scripta
1062 838 1137 899 sunt
1156 835 1302 899 codicum
1322 835 1524 918 testimoniis
1547 836 1591 899 le-

353 943 469 1008 viculis
493 942 685 1026 quibusdam
710 941 898 1006 differentiis
921 940 1221 1026 nonobstantibus,
1244 942 1324 1006 satis
1342 941 1510 1026 perspicue
1528 945 1595 1006 tra·

354 1050 482 1114 duntur.
515 1048 630 1133 Neque
649 1053 698 1114 est
717 1049 803 1132 quod
822 1049 1008 1132 adpetissere
1025 1047 1168 1133 verbum,
1187 1047 1272 1112 unde
1287 1049 1461 1131 adpetissia
1481 1071 1592 1132 quam-

355 1158 403 1221 vis
423 1156 587 1241 singulare
606 1160 658 1241 sit,
676 1155 891 1220 addubitetur.
924 1155 1021 1219 Metri
1044 1157 1153 1218 autem
1171 1154 1277 1218 forma
1295 1159 1406 1240 aperta
1425 1159 1475 1220 est
1487 1177 1593 1240 neque

355 1265 520 1349 ambigua:

492 1368 558 1434 Cur
579 1371 681 1434 adera
703 1375 769 1434 taur
791 1389 829 1434 ea
851 1369 915 1433 alto
938 1366 1105 1449 ddpetissis
1128 1369 1278 1448 discidia,
1306 1369 1524 1452 Apaureruua?
1540 1420 1546 1433 .
1562 1420 1592 1433 ..

355 1477 428 1543 Nisi
457 1477 543 1560 quod
571 1476 625 1540 ille
653 1475 732 1539 artis
760 1475 910 1540 metricae
935 1475 1069 1540 antistes
1094 1475 1170 1559 quia
1192 1476 1360 1560 probabile
1383 1498 1447 1541 11011
1473 1478 1516 1540 011
1540 1477 1591 1541 ‘ab

355 1583 455 1650 Accio
484 1586 612 1668 praeter
633 1583 774 1667 primum
797 1582 910 1666 pedem
933 1582 966 1645 in
990 1583 1133 1647 numeris
1156 1582 1302 1647 iambicis
1326 1583 1501 1647 admissum
1519 1604 1592 1668 pro-

355 1689 638 1774 celeusmaticum',
662 1690 846 1755 coniectura
866 1711 953 1772 usus,
977 1710 1058 1772 quae
1078 1689 1261 1774 cupientem
1280 1712 1456 1774 numquam
1475 1689 1593 1774 deficit,

354 1800 417 1864 hoc
439 1818 536 1861 versu
559 1819 653 1861 suum
676 1795 777 1861 Nonii
800 1799 926 1860 textum
950 1797 1077 1861 ornavit
1608 1823 1634 1862 ro

489 1925 545 1969 cur
561 1905 662 1968 uetera
677 1910 742 1968 tam
757 1923 794 1968 ea
808 1903 870 1968 alto
884 1902 1050 1984 cidpetissis
1064 1904 1187 1982 discidi,
1206 1904 1411 1989 Apamemao,
1430 1903 1592 1988 [iuitia].2

357 2011 410 2077 Sic
433 2010 521 2076 mille
544 2012 624 2074 locis
647 2013 816 2094 poetarum
834 2014 979 2074 veterum
998 2009 1218 2075 Romanorum
1238 2011 1389 2095 superbia
1408 2010 1593 2075 criticorum

356 2119 447 2182 vanis
479 2117 659 2203 praeceptis
687 2117 830 2181 metricis
861 2116 974 2180 inflata
1001 2118 1179 2182 orationem
1208 2116 1259 2180 vel
1287 2117 1409 2201 optime
1437 2121 1593 2182 structam

357 2248 415 2290 sua
447 2228 561 2308 sponte
595 2223 794 2288 deformavit.
840 2222 924 2288 Nam
958 2225 1031 2307 quis
1067 2223 1122 2308 qui
1155 2245 1221 2288 non
1254 2223 1370 2308 cupida
1402 2227 1510 2288 mente
1538 2223 1595 2287 sed

355 2333 459 2397 libero
477 2332 595 2396 iudicio
616 2331 794 2395 orationem
812 2330 976 2415 perspicit,
996 2352 1062 2395 non
1075 2331 1138 2396 hoc
1151 2331 1323 2417 intelligat,
1340 2337 1443 2396 uetera
1458 2331 1595 2395 discidia

356 2460 394 2504 er
412 2439 475 2503 alto
493 2440 680 2520 adpetiasere
698 2442 771 2521 apte
790 2442 823 2502 et
841 2441 878 2502 ut
896 2438 1040 2521 decebat,
1058 2460 1123 2503 non
1137 2444 1238 2503 edera
1253 2439 1382 2503 discidii
1394 2439 1492 2503 initia
1506 2436 1593 2501 dici?

358 2545 452 2622 Quod
466 2566 541 2609 vero
556 2544 755 2610 Ribbeokius
770 2545 884 2609 scribit
897 2546 1010 2627 optime
1023 2565 1119 2628 posse
1133 2567 1261 2610 versum
1277 2544 1474 2623 concludere,
1489 2544 1594 2608 inanis

358 2656 407 2717 est
430 2653 574 2736 opinatio
598 2655 631 2716 et
654 2652 744 2716 ouius
768 2651 859 2716 nulla
881 2652 964 2716 ratio
988 2655 1130 2737 apparet.
1168 2650 1214 2716 At
1237 2653 1390 2736 quoniam
1409 2673 1520 2716 versus
1539 2651 1594 2716 ille

358 2760 474 2824 cretica
496 2781 574 2823 voce
597 2758 684 2823 finiri
707 2763 836 2843 poterat
855 2764 911 2824 aut
929 2759 1077 2843 debebat,
1099 2759 1211 2842 quidni
1231 2759 1265 2822 in
1282 2759 1343 2823 hac
1362 2759 1594 2823 sententiarum

358 2869 583 2934 communione
608 2868 833 2953 coniungimus
859 2890 939 2952 quae
962 2868 1134 2933 coniuncta
1156 2868 1317 2954 integram
1341 2868 1496 2932 orationis
1520 2888 1594 2931 con·
1609 2891 1635 2929 eo

357 2975 544 3039 tinuitatem
568 2974 726 3038 efficiunt:

493 3080 558 3147 Cur
575 3083 676 3146 uetera
694 3088 760 3146 tara
775 3102 812 3145 ea
825 3081 888 3146 alto
902 3082 1069 3162 adpetistis
1083 3081 1227 3159 discidia,
1247 3080 1465 3162 Apamemuo?
1479 3081 1593 3145 occule:

491 3188 654 3253 Ndaitudo
672 3188 858 3254 oblitteretur
872 3188 1099 3269 Pelopidarum
1118 3206 1155 3251 ac
1164 3208 1224 3269 per
1238 3208 1294 3252 uos
1307 3191 1477 3252 0000100001
1488 3208 1592 3269 penus.

359 3294 418 3359 Cui
441 3296 609 3360 iuncturae
631 3296 711 3360 illud
734 3318 801 3359 non
824 3294 931 3359 obstat
954 3294 1042 3376 quod
1060 3292 1233 3358 iambicum
1252 3293 1453 3357 octonarium
1472 3293 1594 3377 excipit

357 3407 558 3487 pentameter
581 3401 777 3484 trochaicus,
800 3400 888 3484 quod
911 3422 1076 3485 genusne
1100 3398 1243 3464 Terentii
1267 3399 1396 3483 quidem
1421 3402 1523 3464 artem
1547 3420 1594 3464 re·
1625 3446 1628 3451 >

358 3510 481 3595 fugisse
509 3509 587 3573 alibi
616 3510 754 3574 diximus
783 3506 886 3595 (relat.
907 3507 992 3571 acad.
1012 3508 1032 3571 1.
1052 3527 1078 3570 c.
1096 3529 1127 3590 p.
1149 3503 1258 3592 1108).
1297 3504 1359 3570 Sed
1387 3507 1416 3570 si
1441 3508 1498 3571 illa
1521 3528 1594 3591 pro·

358 3616 510 3681 babiliter
529 3617 777 3701 composuimus,
796 3615 861 3679 iam
880 3617 1014 3697 apparet
1027 3611 1304 3699 Agamemnonem
1324 3634 1392 3677 esse
1411 3635 1484 3677 eum
1500 3635 1595 3697 quem

359 3723 414 3787 1110
437 3724 544 3788 nescio
569 3723 641 3806 quis
664 3722 775 3787 iubeat
798 3723 960 3786 occultare
984 3723 1016 3785 et
1040 3719 1203 3785 oblivione
1225 3720 1358 3784 obruere
1377 3724 1485 3784 101010
1504 3720 1595 3784 Pelo·

360 3830 507 3913 pidarum
532 3830 673 3914 discidia,
697 3850 779 3912 quae
803 3830 866 3893 iam
890 3828 923 3891 in
947 3849 984 3892 eo
1010 3829 1078 3892 erat
1102 3831 1139 3890 ut
1157 3827 1212 3891 illc
1232 3849 1270 3892 ex
1290 3826 1355 3891 alto
1375 3827 1594 3910 adpetisseret.

361 3935 439 4012 Quis
464 3958 537 4002 vero
561 3938 588 4001 is
612 3936 711 4000 fuerit
733 3936 825 4001 cuius
848 3934 927 3998 haec
949 3934 1048 3998 verba
1067 3934 1139 4017 sint,
1163 3934 1351 4020 ambiguum
1371 3936 1497 3997 0011100
1516 3933 1636 3996 0011010

360 4043 573 4127 perspicuum.
610 4044 766 4108 Putamus
790 4047 912 4125 autem,
935 4042 1073 4105 maxime
1096 4044 1231 4126 propter
1254 4040 1311 4104 illa
1332 4039 1431 4105 verba
1447 4061 1508 4122 per
1530 4059 1596 4104 uos

359 4155 529 4215 madescat
547 4171 653 4233 percus,
678 4170 759 4233 quae
782 4149 901 4212 mutari
924 4170 991 4212 non
1014 4146 1182 4231 debebant,
1204 4146 1343 4211 Menelai
1367 4168 1436 4213 0000
1459 4146 1594 4210 fratrem

360 4256 570 4322 admonentis.
607 4255 781 4321 Ribbeckii
808 4255 937 4340 quidem
965 4255 1122 4339 rationes,
1150 4255 1205 4337 qui
1232 4254 1349 4319 horum
1377 4275 1527 4317 versuum
1550 4265 1595 4317 te

360 4384 471 4427 norem
494 4386 560 4427 non
584 4364 757 4447 perspexit,
780 4364 813 4426 in
836 4361 921 4426 libro
946 4360 984 4424 de
1003 4359 1168 4446 tragoedia
1186 4359 1332 4425 Romana
1351 4384 1381 4444 p.
1401 4360 1465 4423 373
1477 4382 1524 4443 sq.
1544 4382 1596 4424 ex-

360 4470 484 4553 positae
507 4469 663 4556 (somniat
685 4470 770 4533 enim
792 4469 901 4533 nescio
926 4489 1005 4551 quas
1029 4466 1213 4532 inimicitias
1232 4465 1368 4531 Atreum
1388 4466 1596 4532 1111010111-

361 4576 513 4641 cathoum
532 4574 680 4663 fratrem)
698 4577 788 4641 nullo
807 4575 903 4640 modo
923 4579 1007 4639 stare
1024 4596 1118 4658 posse
1132 4573 1289 4655 videntur,
1308 4576 1334 4637 si
1352 4573 1479 4658 quidem
1494 4580 1596 4639 adera

361 4684 506 4761 discidia,
530 4705 611 4767 quae
630 4682 833 4769 Agamemno
853 4681 1068 4765 replicaturus
1087 4682 1165 4764 erat,
1188 4684 1244 4745 aut
1263 4680 1488 4761 Pelopidarum
1507 4682 1597 4747 uoui-

360 4789 446 4868 ludo‚
476 4810 556 4872 quae
586 4789 800 4854 oblitteranda
828 4787 1008 4872 dicebatur,
1036 4809 1101 4852 non
1128 4791 1266 4872 possunt
1294 4788 1357 4851 nisi
1385 4788 1424 4852 ad
1447 4787 1540 4853 Atrei
1564 4792 1596 4852 et

361 4895 521 4979 Thyestae
553 4895 739 4960 inimicitias
769 4896 896 4978 referri,
923 4894 1021 4978 idque
1048 4894 1251 4979 comprobari
1280 4895 1473 4959 arbitramur
1499 4916 1595 4960 versu
