3967 5725
700 630 879 680 nonnum
897 630 943 679 ur
963 604 1199 680 conmanunt
1217 630 1253 681 ιι.

484 788 543 841 ΤΗ.
563 788 638 843 Scire
656 788 715 843 uolo
733 790 799 857 quoi
816 789 970 843 reddidisti,
1003 788 1059 841 LY.
1080 789 1171 843 Misco
1190 788 1285 842 lauto
1303 795 1365 842 tao:

485 880 517 932 Is
535 878 718 933 Summanum
736 895 763 934 se
781 880 875 933 vocari
893 878 979 933 dicit:
998 880 1024 932 ei
1040 877 1165 933 reddidi:

395 971 446 1019 545
486 967 542 1037 Qui
558 968 609 1022 tas
627 968 742 1021 tabellas
760 968 918 1038 o‘tstquaras
935 968 1038 1021 attulit.
1076 966 1134 1020 ΤΗ.
1156 967 1233 1038 Quas
1252 970 1282 1022 tu
1300 969 1368 1021 milei
1386 970 1508 1035 tabellas,

486 1055 559 1127 Qrslis
577 1063 608 1110 ta
626 1058 695 1110 uselli
713 1057 801 1111 luscds
819 1057 934 1123 libertos,
953 1072 1021 1125 quos
1039 1056 1203 1111 &amamus
1220 1056 1362 1110 samaias?

483 1149 541 1200 Nec
559 1147 628 1200 milti
646 1146 755 1215 quidem
774 1148 885 1200 libatus
903 1147 997 1200 ullast.
1036 1145 1092 1199 LY.
1112 1145 1198 1200 Facis
1215 1147 1370 1214 sapientius

488 1234 577 1305 Qum
590 1252 662 1304 pars
680 1237 809 1289 lcuouum
827 1235 935 1289 libertos
954 1235 1119 1304 quitabunt
1137 1241 1163 1289 et
1180 1251 1224 1289 cos
1242 1236 1376 1289 deseruut.

396 1328 448 1377 549
486 1324 544 1378 ΤΗ.
567 1324 642 1394 Quid
659 1322 768 1390 fecisti?
799 1323 855 1377 LY.
878 1324 958 1393 <laod
976 1324 1118 1378 mandasti
1135 1324 1190 1390 feci
1207 1327 1250 1378 tui
1267 1325 1379 1379 lrouoris
1396 1327 1503 1395 pratia,

487 1416 578 1468 Tuam
596 1416 645 1483 qui
661 1416 771 1484 sipuum
790 1413 828 1467 ad
845 1430 886 1467 ure
905 1415 1041 1467 attulisset
1058 1415 1189 1467 amatium
1206 1430 1240 1468 ue
1258 1430 1418 1482 spernerem.

429 1502 460 1554 in
483 1502 610 1557 oratione
635 1502 748 1570 quidem
771 1501 845 1554 nihil
867 1519 927 1556 essa
951 1502 1118 1555 crediderim
1142 1502 1218 1571 quod
1239 1517 1294 1555 uon
1314 1502 1427 1572 egregie
1445 1501 1511 1555 huic
1531 1518 1592 1557 sen-

429 1592 583 1645 tentiarum
606 1594 635 1645 et
658 1590 794 1645 sermonis
818 1590 947 1645 decursui
971 1590 1131 1645 conveniat:
1158 1609 1224 1644 nam
1246 1593 1300 1658 feci
1323 1607 1434 1660 quoque
1458 1591 1489 1644 in
1511 1607 1594 1645 versu

430 1686 481 1734 549
500 1679 715 1748 insequentibus
734 1678 826 1733 verbis
845 1680 888 1734 tul
904 1681 1016 1736 lr-ouoris
1033 1682 1128 1751 pratia
1146 1679 1247 1735 molius
1266 1680 1365 1734 adesse
1379 1696 1494 1734 censeas
1508 1697 1593 1748 quam

430 1770 528 1825 abesse
551 1773 583 1824 ut
606 1768 710 1838 expelli
733 1768 793 1822 sine
817 1769 920 1822 damno
943 1768 1042 1837 possit.
1079 1769 1265 1838 interrogatio
1289 1771 1384 1822 autem
1409 1769 1483 1840 Quid
1505 1770 1598 1836 fecisti

428 1875 484 1913 non
502 1862 562 1913 tam
580 1858 781 1927 interrogantis
796 1860 840 1912 est
858 1858 907 1927 qui
925 1873 1090 1927 responsum
1109 1861 1254 1927 exspectet
1273 1875 1358 1927 quam
1377 1858 1545 1912 admirantis
1564 1861 1597 1912 et

427 1965 486 2001 rem
510 1947 615 2001 factam
639 1962 722 2017 aegre
741 1946 867 2000 ferentis.
900 1945 960 2011 Quo
980 1947 1109 2017 graviora
1128 1951 1194 2000 sunt
1212 1962 1285 2015 quae
1303 1947 1333 2000 in
1351 1964 1481 2001 versuum
1501 1948 1593 2001 forma

427 2036 567 2107 legentem
593 2037 763 2106 impediant,
788 2036 921 2105 quoniam
946 2038 975 2090 ct
997 2054 1021 2089 v.
1042 2041 1094 2089 545
1118 2038 1148 2090 55
1171 2042 1223 2090 549
1247 2036 1330 2090 ambo
1349 2037 1398 2091 sed
1417 2054 1474 2091 non
1492 2038 1592 2092 eodem

427 2126 511 2179 modo
539 2125 699 2196 legitimum
728 2126 950 2195 septentrionum
978 2124 1117 2179 ambitum
1145 2126 1297 2192 excedunt,
1325 2128 1358 2179 ut
1385 2125 1517 2194 frequens
1540 2125 1596 2180 illa

429 2215 617 2269 controversia
641 2217 787 2281 nascatur,
812 2214 934 2268 orationi
956 2217 1052 2268 utrum
1075 2214 1139 2282 plus
1162 2214 1251 2268 tribui
1269 2230 1305 2267 an
1324 2217 1476 2269 metrorum
1495 2231 1592 2269 neces·

427 2304 508 2359 citati
527 2305 664 2372 oporteat.
695 2303 825 2357 Fortasse
844 2302 926 2357 fallor
944 2319 997 2356 nec
1016 2302 1171 2371 quidquam
1190 2302 1300 2358 affirmo
1319 2304 1521 2359 confidentius:
1540 2303 1592 2357 sed

428 2394 503 2448 certe
521 2393 550 2446 in
570 2394 701 2461 promptu
723 2393 766 2446 est
780 2391 947 2461 exemplum,
967 2392 1059 2445 versui
1073 2397 1126 2445 545
1141 2392 1216 2459 quod
1231 2393 1375 2463 geminum
1389 2393 1435 2460 sit,
1454 2395 1483 2447 ct
1497 2392 1594 2462 ipsum

427 2481 601 2535 dubitationi
624 2481 810 2536 multifarium
834 2481 993 2535 obnoxium.
1027 2481 1146 2537 Versum
1169 2481 1232 2536 dico
1251 2482 1384 2536 Pseudoli
1403 2503 1414 2536 1
1433 2488 1462 2549 3,
1478 2488 1522 2549 tt,
1541 2483 1591 2551 qui

427 2570 469 2624 ibi
487 2570 596 2625 medius
615 2571 690 2624 inter
707 2571 845 2626 baccheos
864 2589 936 2624 unus
954 2570 1116 2625 trochaicus
1134 2571 1318 2641 interpositus
1337 2574 1394 2640 est,

1237 2661 1287 2716 ΡΒ.
1308 2663 1375 2717 Vale.

429 2752 541 2805 Mouta.
557 2750 613 2804 BA.
623 2751 728 2807 Omitte.
745 2750 909 2818 chanuto,
918 2752 995 2804 audi.
1010 2751 1067 2805 BA.
1073 2751 1183 2807 Surdus
1189 2768 1249 2806 sum
1254 2753 1378 2821 profecto
1385 2753 1592 2822 iuauilapistae.

426 2838 467 2893 De
487 2855 543 2908 qua
560 2857 656 2895 versus
676 2840 766 2895 forma
785 2839 924 2910 quidquid
943 2840 1086 2908 statuitur,
1104 2842 1216 2895 tantum
1236 2841 1299 2896 dico
1317 2842 1438 2911 profecto
1457 2856 1513 2910 qua
1526 2856 1594 2910 par·

427 2930 515 2983 ticula
538 2930 611 2984 nihil
630 2931 724 2999 aptius
743 2931 809 2985 huic
827 2930 902 2997 loco,
926 2930 999 2983 nihil
1017 2929 1194 2999 frequentius
1213 2933 1257 2986 est
1275 2931 1304 2984 in
1323 2929 1419 2985 Plauti
1437 2931 1590 2986 comoediis

426 3019 560 3088 temptari
578 3036 635 3074 non
655 3020 764 3075 debere.
797 3021 897 3075 Versui
916 3019 1000 3074 alteri
1014 3018 1189 3074 Curculionis
1204 3024 1286 3091 (549),
1305 3021 1404 3088 inquo
1419 3020 1594 3075 saneseclu·

427 3125 488 3161 sum
501 3110 555 3175 feci
567 3109 760 3164 restituendae
774 3125 922 3164 mensurae
937 3110 1006 3164 satis
1020 3110 1099 3175 fucit,
1113 3110 1164 3178 qui
1177 3110 1283 3164 similes
1297 3110 1458 3178 sintplnres
1469 3108 1590 3163 afferun-

426 3199 473 3250 tur
495 3197 524 3250 in
548 3200 627 3252 nunt.
647 3199 725 3252 acad.
748 3203 814 3252 1907
835 3217 863 3267 p.
883 3204 934 3252 706
945 3216 1019 3267 sqq.,
1044 3199 1147 3265 quibus
1170 3197 1224 3251 hoc
1247 3214 1344 3252 cavere
1368 3196 1530 3264 studebam,
1553 3214 1592 3250 ne

426 3287 493 3339 dum
512 3303 625 3340 normae
645 3286 779 3340 metricae
799 3287 986 3340 succurrimus
1008 3286 1098 3340 oratio
1118 3286 1295 3355 depravetur.

354 3374 385 3430 P.
401 3381 462 3441 551,
478 3381 510 3428 13
539 3375 680 3428 Lucienus
699 3375 789 3429 Verae
812 3375 948 3429 historiae
967 3392 1016 3429 1c.
1033 3380 1046 3427 7
1067 3373 1130 3444 (vol.
1145 3394 1167 3428 11
1180 3393 1208 3444 p.
1224 3380 1273 3442 43,
1289 3374 1415 3446 essekk.)
1434 3368 1471 3443 ἦν
1490 3375 1521 3429 ti
1541 3377 1589 3428 aul

426 3463 489 3534 ἴχνη
509 3464 561 3518 dio
580 3461 697 3531 πλησίον
716 3463 840 3531 ἀλλήλων
859 3464 904 3518 ἐπὶ
923 3462 1034 3532 πέτρας,
1052 3464 1084 3517 τὸ
1104 3462 1154 3533 μὲν
1173 3467 1351 3530 πλεθριαῖον,
1372 3464 1404 3518 τὸ
1419 3463 1450 3518 di
1466 3463 1592 3528 ἔλαττον,

427 3554 488 3621 ἐμοὶ
507 3554 612 3619 δοκεῖν,
631 3552 661 3605 τὸ
681 3552 732 3620 μὲν
746 3553 888 3607 Διονύσου
907 3553 938 3607 τὸ
957 3549 1131 3622 μικρότερον,
1150 3551 1275 3620 θάτερον
1294 3552 1326 3608 di
1344 3562 1394 3606 τοῦ
1410 3551 1589 3622 Ἡρακλέους.
