3967 5725
406 622 469 687 192
586 625 672 676 xrn.
691 624 808 675 mour
826 623 1042 675 nucrrouuu
1060 621 1302 674 HIBERNARUM
1322 618 1446 690 recusae.

401 786 500 850 missa
528 786 666 869 scriptor
692 785 733 850 ab
762 785 872 869 ὥσπερ
900 784 1059 868 particula
1082 784 1207 869 reliqua
1229 782 1368 869 pendere
1391 782 1509 866 voluit,
1536 785 1573 847 ut
1596 781 1637 846 a'd

400 913 522 957 novum
545 893 725 958 subiectum
750 893 786 957 oi
804 894 942 957 παλαιοί
963 890 1203 976 applicarentur
1221 891 1330 955 omnia
1347 911 1407 956 nec
1425 893 1638 956 reverteretur

401 999 442 1063 ad
468 999 606 1082 primam
634 999 822 1064 orationem.
859 997 891 1062 A
918 998 1036 1084 quibus
1063 1019 1129 1062 non
1156 997 1253 1083 longe
1277 997 1412 1064 discedit
1433 996 1636 1080 Plutarchus,

400 1107 492 1171 cuius
514 1105 595 1172 haec
618 1110 693 1172 sunt
717 1107 755 1170 de
778 1105 1012 1190 tranquillitate
1036 1104 1136 1170 animi
1158 1125 1184 1171 c.
1205 1103 1247 1168 10
1266 1101 1309 1192 (p.
1324 1101 1437 1191 4101)
1456 1106 1564 1169 καίτοι
1583 1105 1637 1170 καὶ

400 1221 500 1278 τοῦτο
522 1211 606 1297 μέγα
628 1214 712 1299 πρὸς
734 1213 903 1298 εὐθυμίαν
926 1211 1004 1296 ἐστι’,
1025 1213 1063 1278 τὸ
1081 1212 1223 1294 μάλιστα
1241 1208 1303 1293 μὲν
1321 1211 1426 1277 αὑτὸν
1444 1209 1637 1277 ἐπισκοπεῖν

400 1318 455 1384 καὶ
478 1322 519 1385 τά
541 1318 620 1386 καθ’
646 1320 760 1403 αὑτόν,
784 1322 816 1385 εἰ
837 1315 874 1384 δέ
897 1322 951 1404 μή,
975 1321 1055 1396 τοὺς
1077 1317 1336 1402 ὑποδεεστέρους
1355 1317 1564 1404 ἀποθεωρεῖν
1582 1316 1638 1382 καὶ

400 1428 444 1510 μὴ
472 1426 624 1511 καθάπερ
653 1427 689 1492 ολ
709 1428 827 1493 πολλοὶ
849 1427 933 1511 πρὸς
956 1429 1035 1502 τοὺς
1058 1423 1280 1510 ὑπερέχοντας
1303 1424 1638 1510 ἀντιπαρεξάγου-

401 1551 478 1617 σιν;
507 1555 588 1618 quae
615 1533 714 1621 vulgo
738 1535 817 1599 item
840 1536 925 1599 mala
947 1532 1157 1600 distinctione
1179 1532 1343 1616 laborant,
1366 1554 1567 1618 quorumque
1590 1555 1638 1596 ra-

400 1640 524 1704 tionem
551 1661 592 1704 ne
615 1639 887 1725 Wyttenbechius
915 1641 1047 1724 quidem
1079 1639 1258 1724 perspexit,
1286 1640 1405 1705 nedum
1432 1639 1636 1724 posteriores.
1654 1647 1691 1703 le

361 1774 388 1816 ro
402 1745 465 1823 Qui
488 1768 562 1812 cum
586 1751 643 1812 aut
666 1745 940 1832 ἀντιπαρεξάγειν
962 1747 1136 1833 legendum
1154 1750 1351 1832 proponeret
1368 1752 1426 1812 aut
1443 1745 1567 1830 aliquid
1586 1768 1638 1811 ex-

402 1852 517 1918 cidisse
550 1855 779 1939 suspicaretur,
810 1876 878 1920 non
910 1855 992 1919 vidit
1024 1876 1043 1918 a
1071 1854 1178 1919 verbis
1206 1852 1261 1919 καὶ
1289 1855 1333 1938 μη
1361 1854 1512 1938 καθάπερ
1540 1853 1638 1920 inter-

400 1961 548 2025 veniente
576 1983 661 2026 novo
692 1961 837 2026 subiecto
865 1960 906 2026 ad
934 1960 997 2025 hoc
1019 1961 1120 2026 relata
1143 1961 1252 2026 omnia
1276 1982 1334 2025 suo
1357 1961 1470 2026 ordine
1494 1982 1562 2026 sese
1585 1983 1637 2025 ex·

401 2066 507 2151 cipere
529 2089 634 2151 neque
658 2069 698 2133 ad
721 2069 888 2153 superiora
909 2069 1016 2134 rediri.
1054 2066 1115 2133 cui
1139 2069 1243 2133 simile
1267 2068 1449 2153 exemplum
1472 2069 1507 2133 in
1527 2068 1639 2133 eodem

400 2173 512 2239 libello
535 2175 656 2260 legitur
673 2197 699 2241 c.
717 2175 762 2240 20
779 2199 811 2260 p.
830 2175 929 2240 4771}
947 2171 997 2242 ὧν
1014 2177 1073 2242 τὸν
1092 2177 1169 2258 βίον
1187 2176 1312 2260 μύησιν
1331 2176 1413 2241 ὅντα
1431 2174 1486 2240 καὶ
1504 2175 1639 2258 τελετὴν
1708 2179 1710 2184 ’

401 2282 611 2364 τελειοτάτην
634 2281 799 2366 εὐθυμίας
823 2284 874 2348 δεῖ
896 2284 1018 2365 μεστὸν
1041 2274 1128 2348 εἶναι
1151 2283 1205 2348 καὶ
1228 2285 1368 2365 γήθους,
1391 2282 1453 2367 οὐχ
1477 2282 1586 2366 ὥσπερ
1607 2283 1654 2374 ol¹

401 2385 520 2452 πολλοὶ
547 2391 677 2470 Κρόνια
704 2387 760 2454 καὶ
783 2388 910 2455 Διάσια
939 2390 994 2455 καῖ
1019 2391 1247 2474 Παναθήναια
1273 2387 1328 2454 καὶ
1357 2390 1511 2465 τοιαύτας
1539 2390 1640 2464 ἀλλοις

402 2493 523 2579 ἡμέρας
550 2494 839 2580 περιμένουσιν
867 2495 911 2560 ἵν’
942 2498 1073 2580 ἡσθῶσι
1101 2501 1169 2562 κτλ.
1216 2494 1420 2581 Omninoque
1447 2495 1510 2560 hoc
1538 2517 1640 2582 genus

403 2601 644 2666 enuntiatorum
673 2624 814 2686 quorum
841 2607 950 2688 partes
977 2625 1036 2688 per
1062 2625 1158 2668 voces
1182 2602 1243 2687 οὐχ
1268 2604 1393 2687 ὥσπερ,
1421 2605 1464 2687 μὴ
1487 2601 1640 2684 καθάπερ

402 2707 668 2794 conglutinantur
693 2714 808 2774 notum
836 2716 885 2775 est
912 2712 1017 2776 multo
1045 2732 1106 2776 usu
1128 2709 1324 2795 frequentari
1346 2711 1434 2795 apud
1456 2710 1543 2774 hunc
1566 2709 1641 2775 scri-

361 2842 389 2888 ao
401 2819 527 2901 ptorem
551 2819 584 2880 ct
607 2817 694 2901 apud
715 2818 810 2883 alios:
834 2839 972 2903 quorum
996 2819 1237 2884 enuntiatorum
1255 2819 1322 2883 vim
1341 2822 1373 2884 ct
1391 2821 1549 2902 naturam,
1568 2839 1640 2883 cum

403 2928 516 2988 nostra
533 2924 725 3008 *quaestione
750 2926 967 3010 coniunctam,
991 2925 1069 2991 olim
1093 2926 1127 2989 in
1151 2926 1305 2991 mantissa
1328 2926 1369 2990 ad
1392 2925 1578 2991 Aristotelis
1602 2925 1641 2989 de

404 3034 473 3095 arte
504 3031 632 3114 poetica
661 3030 780 3096 librum
808 3033 933 3098 adiecta
959 3057 990 3118 p.
1015 3032 1081 3098 275
1096 3055 1143 3117 sq.
1171 3033 1283 3098 multis
1312 3031 1456 3098 collectis
1484 3032 1641 3118 exemplis

403 3137 584 3221 patefacere
608 3137 813 3203 conabamur.

494 3241 557 3309 Sed
575 3248 612 3309 ut
631 3245 781 3311 conclusa
800 3246 843 3310 sit
861 3246 955 3311 nobis
974 3246 1055 3313 haec
1074 3248 1187 3330 oratio,
1206 3248 1234 3311 si
1254 3247 1334 3331 quid
1353 3246 1547 3331 disputando
1568 3270 1641 3332 pro-

403 3351 586 3432 fecerimus,
615 3373 689 3416 cum
711 3352 775 3417 fide
798 3354 862 3417 iarn
887 3354 1025 3437 quadam
1049 3354 1231 3419 videbimur
1253 3359 1406 3437 statuere,
1431 3353 1642 3439 Apollonium

404 3456 570 3542 scripsisse
593 3479 632 3523 ea
654 3480 736 3542 quae
758 3458 837 3525 libri
859 3465 1033 3546 testantur,

1039 3630 1041 3637 ,
1070 3568 1174 3653 αὐτάρ
1199 3567 1217 3633 ὃ
1241 3570 1319 3645 τούς
1342 3592 1380 3652 με

565 3667 602 3737 εὖ
626 3673 745 3755 διαβάς
768 3672 936 3757 ἐπιόντας,
960 3676 1017 3739 ἀτε
1042 3676 1160 3751 σπιλὰς
1184 3676 1234 3740 εἰν
1258 3674 1311 3741 άλδ
1335 3674 1438 3760 πέτρη

564 3782 699 3862 μίμνει
724 3779 931 3867 ἀπειρεσίῃσι
955 3782 1140 3863 δονεύμενα
1164 3780 1278 3864 κύματ’
1307 3780 1454 3867 ἀέλλαις,

363 3911 391 3955 ιι
404 3907 542 3971 eumque
559 3886 623 3951 hoc
637 3885 742 3952 simile
756 3887 796 3951 ad
810 3909 883 3952 eum
898 3888 1031 3952 modum
1046 3910 1141 3972 quem
1155 3888 1304 3972 pluribus
1318 3889 1479 3973 persecuti
1493 3886 1642 3975 sumus*)

406 3992 570 4058 extulisse.

495 4150 558 4220 ⁴¹30)
577 4151 609 4204 ln
628 4151 813 4207 adnotatione
832 4152 963 4207 addimus
978 4152 1108 4222 exempla
1122 4152 1288 4223 Vergiliana
1303 4153 1367 4222 dno,
1382 4169 1455 4222 quae
1469 4168 1643 4223 quamquam

405 4237 509 4293 habere
523 4238 655 4293 videntur
668 4239 772 4308 quibus
785 4239 838 4295 ille
852 4240 1016 4296 confirmare
1030 4239 1125 4309 liceat,
1139 4258 1195 4295 uuo
1210 4242 1324 4297 nomine
1339 4241 1488 4298 discedunt
1497 4245 1529 4297 ut
1537 4241 1643 4297 rectius

406 4328 443 4381 ab
462 4326 521 4382 illis
539 4331 731 4399 segregentur.
763 4328 832 4384 Aen.
846 4350 865 4384 x
881 4336 932 4385 lca
1471 4340 1477 4351 '

619 4418 677 4487 ipse
695 4420 768 4473 inter
785 4421 899 4485 medios,
923 4420 1034 4475 Veneris
1052 4420 1205 4475 ῖνεῖιεεῖιαο
1223 4437 1303 4487 ocra,

620 4507 790 4563 Dardanius
807 4515 892 4578 caput
908 4525 965 4564 ecce
977 4526 1052 4580 puer
1069 4510 1186 4565 ἀεῖιυῖιιε
1203 4510 1357 4577 coemam,

621 4596 713 4666 ηαοάε
730 4614 836 4668 pemmo
854 4597 941 4653 micet
958 4599 1066 4665 [νλυυιιι
1084 4614 1154 4667 quae
1172 4598 1275 4654 diuidit
1293 4617 1407 4667 aurern,

621 4692 672 4740 out
689 4686 757 4741 collo
775 4687 858 4743 decise
877 4693 927 4742 aut
944 4688 1045 4757 capiti,
1064 4686 1105 4742 eet
1123 4688 1204 4756 quale
1217 4705 1270 4759 per
1288 4694 1373 4743 ortem

621 4776 759 4831 ιὐιλνιυιιι
778 4777 851 4831 buco
870 4782 920 4831 aut
941 4776 1035 4831 Oricia
1054 4777 1202 4835 terebintho

621 4863 698 4919 lucet
715 4866 789 4920 eber.
