3967 5725
379 589 421 653 72
583 592 721 642 xxxvn.
740 592 856 641 runnx
875 590 1089 642 nncnouuu
1106 590 1338 641 aassnsnnu
1357 592 1435 641 resa.

539 751 695 838 ἀμηχανῶ
720 753 782 836 γάρ
807 750 917 835 πότερ’
944 748 1008 836 ἔχω
1031 749 1110 815 τάδ’
1132 749 1153 833 ἢ
1175 756 1279 834 μεθῶ,

539 859 559 923 δ
582 860 709 943 πλευρὰ
732 858 817 940 τάμὰ
840 856 1076 942 προσπίτνοντ’
1103 857 1171 944 ε’ρεῖ
1193 858 1271 923 τάδε

407 968 494 1033 1380
536 964 633 1051 ’ἡμῖν
655 964 744 1031 τέκν’
770 955 853 1041 εἷλες
875 963 931 1031 καὶ
955 963 1118 1049 δάμαρθ’·
1141 963 1226 1047 ἡμᾶς
1247 962 1333 1049 ἔχεις

538 1076 780 1149 παιδοκτόνους
802 1074 903 1149 σούς.’
937 1065 994 1137 εἶτ’
1023 1071 1086 1154 ἐγὼ
1109 1070 1188 1136 τάδ’
1209 1070 1349 1148 ὠλέναις

539 1187 633 1259 oleon
656 1182 690 1246 τί
712 1180 863 1264 ordonum
886 1178 970 1245 άλλδι
993 1177 1185 1262 γυμνωθεὶς
1207 1180 1331 1262 ὅπλων,

539 1287 600 1367 ξὺν
624 1278 674 1363 οἷς
696 1288 737 1351 τά
760 1284 906 1351 κάλλιστ’
934 1284 1087 1370 ἐξέπραξ’
1109 1283 1147 1350 ἐν
1165 1283 1309 1368 Ἑλλάδι,

540 1393 676 1480 ἐχθροῖς
698 1390 843 1477 ἐμαυτὸν
865 1393 1048 1475 ὑποβαλὼν
1070 1394 1213 1478 αἰσχρῶς
1235 1393 1345 1471 θάνοις

408 1501 494 1567 1385
541 1502 582 1567 οὐ
606 1499 757 1566 λειπτέον
779 1498 865 1583 τάδ’,
888 1499 1015 1576 ἀθλίως
1039 1496 1076 1564 δὲ
1099 1498 1254 1585 σῳστέον.

378 1608 417 1675 In
439 1609 491 1674 his
513 1608 661 1674 videmur
684 1607 808 1691 aliquid
829 1606 944 1671 addere
961 1628 1058 1690 posse
1076 1606 1116 1670 ad
1135 1628 1181 1689 ea,
1205 1607 1323 1690 quibus
1341 1606 1611 1673 Wilnmowitzius

344 1716 459 1795 .,haeo
482 1716 581 1781 verba
603 1715 772 1800 explicuit3
796 1715 862 1798 qui,
886 1714 974 1797 quod
996 1713 1154 1780 Hercules
1177 1738 1265 1779 arma
1288 1737 1346 1779 sua
1367 1715 1612 1791 παιδοκτόνους

377 1823 646 1908 appellatquasi
674 1822 802 1886 eaedem
832 1843 898 1885 non
927 1820 1143 1885 voluntariam
1174 1845 1193 1885 a
1222 1844 1256 1885 se
1286 1820 1427 1900 amoliri,
1456 1821 1491 1886 in
1522 1844 1613 1886 arma

378 1932 526 1995 traiicere
548 1930 635 2014 velit,
658 1928 742 1994 hanc
764 1929 877 2011 cnlpae
899 1928 1065 1993 notionem
1088 1928 1251 1993 veteribus
1274 1928 1466 1993 familiarem
1488 1929 1612 1993 erudite

379 2038 543 2121 explanat:
571 2036 658 2121 quod
685 2039 794 2100 tamen
824 2056 889 2118 quo
916 2036 985 2099 iure
1013 2038 1048 2098 in
1075 2034 1161 2099 huno
1188 2035 1296 2099 locum
1323 2035 1436 2100 cadere
1463 2036 1611 2102 credatur

379 2144 537 2210 dubitatio
561 2147 625 2209 est:
648 2166 708 2208 nos
732 2146 817 2207 certe
835 2145 944 2206 movet
961 2143 1066 2227 magis
1085 2141 1241 2207 orationis
1260 2146 1420 2225 venustas,
1442 2165 1507 2227 qua
1524 2142 1612 2227 qnod

294 2260 298 2268 '
378 2252 448 2335 ipsa
475 2274 541 2316 non
568 2254 677 2337 potest
703 2272 769 2314 non
799 2250 942 2335 cogitare
973 2250 1153 2333 conspectis
1181 2250 1279 2313 armis
1308 2248 1375 2314 ‘his
1402 2254 1440 2314 tu
1466 2250 1551 2315 filios
1578 2233 1642 2314 ot*

379 2360 548 2445 coniugem
578 2359 741 2423 mactasti'
772 2358 805 2420 id
832 2358 903 2440 ipsa
931 2378 1021 2419 arma
1049 2356 1111 2421 sibi
1144 2356 1319 2440 opprobrio
1347 2358 1507 2421 vertentia
1532 2358 1612 2421 facit

380 2466 446 2550 ἐρεῖ
477 2468 562 2531 τάδε·
584 2464 682 2549 ’ἡμῖν
711 2462 797 2530 τέκν’
830 2454 929 2539 εἷλες.’
981 2462 1091 2547 Atque
1123 2463 1156 2527 id
1189 2485 1318 2547 quoque
1349 2464 1514 2529 veteribus
1545 2486 1613 2528 non

379 2573 559 2637 inauditum
581 2592 684 2659 genus
708 2575 765 2655 ast,
789 2594 853 2653 quo
877 2570 1069 2635 Theocritus
1092 2593 1169 2635 usus
1194 2571 1307 2635 scribit
1331 2571 1359 2653 1,
1382 2571 1426 2634 49
1450 2570 1489 2635 de
1511 2573 1613 2635 altera

379 2680 475 2764 vulpe
499 2678 519 2743 ἁ
543 2676 572 2743 δ’
601 2676 653 2743 ἐπὶ
680 2680 770 2763 πήρᾳ
797 2678 905 2743 πάντα
933 2679 1035 2741 δόλον
1059 2677 1222 2741 κεύθοιοα
1244 2678 1282 2741 τὸ
1306 2679 1444 2743 παιδίον
1466 2678 1507 2742 οὐ
1531 2676 1614 2761 πρὶν

339 2824 366 2864 ,0
380 2786 517 2871 άνησεῖν
546 2782 627 2870 φατὶ
656 2783 737 2867 πρὶν
765 2784 784 2869 ἣ
808 2784 1008 2870 άκράτιστου
1038 2781 1092 2848 ἐπὶ
1121 2782 1250 2868 ξηροῑσι
1279 2787 1415 2871 καθίξχμ
1445 2789 1478 2848 et
1506 2784 1612 2849 Xeno-

378 2894 502 2979 phanes
521 2885 613 2970 οἶνος
633 2891 662 2958 δ’
686 2891 776 2957 ἐστὶν
795 2890 934 2977 ἕτοιμος,
958 2890 994 2968 ὃς
1014 2891 1138 2956 οὔποτέ
1159 2910 1242 2976 φησι
1264 2894 1468 2978 προδώσειν;
1491 2896 1524 2956 et
1547 2893 1612 2956 An-

379 3000 545 3088 thologiae
568 3021 678 3064 versus
701 3001 731 3063 εἰ
753 2998 873 3077 κόκκυξ
896 2998 1043 3082 τέττιγος
1067 2997 1138 3082 ἐρεῖ
1160 3001 1381 3084 λιγυρώτερος
1404 2991 1501 3082 εἶναι,
1530 3021 1613 3083 quae

380 3109 421 3173 ad
442 3130 569 3194 parsum
594 3106 820 3171 Theocriteum
843 3105 1025 3170 Meinekius
1053 3106 1237 3191 adscripsit3
1265 3108 1393 3189 poterat
1415 3107 1512 3171 etiam
1536 3106 1614 3172 Pro-
1655 3143 1668 3152 ¹-

379 3216 476 3300 pertii
499 3235 609 3279 versus
627 3214 799 3278 memorari
822 3213 914 3296 1132,
933 3212 976 3276 35
1000 3233 1055 3278 aee
1073 3216 1179 3278 minus
1196 3215 1233 3278 ia
1251 3214 1333 3278 οοάο
1350 3234 1470 3296 semper
1486 3214 1615 3279 lunesto

377 3325 441 3405 fuit
459 3321 597 3406 (Vernis)
621 3321 771 3402 Quamuis
789 3321 853 3384 Ida
869 3322 965 3403 prius
981 3326 1142 3401 pastorem
1164 3321 1250 3385 dicct
1271 3341 1395 3385 amasse
1411 3321 1515 3402 Atque
1531 3323 1615 3386 inter

373 3431 507 3512 μκκάαε
529 3428 706 3493 αοαδαλεεο
728 3424 866 3514 άοουι*).
912 3427 964 3490 Ad
986 3427 1071 3491 hano
1095 3427 1339 3492 similitudinem
1362 3428 1419 3491 illa
1437 3427 1614 3512 Euripidae

380 3537 529 3603 accedere
552 3535 710 3617 videntur,
733 3555 928 3618 quamquam
952 3533 1107 3617 politiora
1129 3535 1226 3600 etiarn
1251 3538 1283 3599 et
1305 3534 1613 3618 venustiorasquod

379 3643 479 3708 armis
502 3644 581 3727 ipsis
606 3665 687 3727 quae
710 3641 821 3706 dicunt
841 3641 941 3705 verba
963 3640 1192 3706 attribuuntur.

469 3750 498 3814 3.
522 3749 560 3814 ln
584 3749 684 3813 altera
706 3752 797 3833 parte
820 3748 1019 3834 tragoediae,
1047 3749 1082 3812 in
1105 3771 1168 3832 qua
1190 3749 1309 3814 Λύσσα
1332 3754 1460 3835 regnat,
1486 3752 1613 3815 contro·

338 3897 366 3936 ,ο
380 3858 483 3922 versia
505 3860 594 3921 mota
617 3860 666 3920 est
689 3856 727 3919 de
749 3855 896 3919 versibus
920 3854 1038 3939 quibus
1061 3855 1127 3938 illa,
1149 3859 1359 3940 posteaquam
1378 3854 1457 3922 Irim
1480 3859 1613 3940 atquae

329 3981 334 3992 ’
381 3986 450 4028 eam
478 3963 568 4028 misit
594 3963 751 4028 Iunonem
776 3985 795 4026 a
818 3961 961 4026 consiliis
990 3984 1072 4045 quae
1100 3966 1252 4045 ceperant
1278 3962 1451 4028 Herculem
1479 3963 1613 4028 immani
1628 3960 1671 4017 Ν

382 4070 470 4134 clade
493 4069 647 4153 perdendi
671 4069 835 4133 dehortari
858 4069 979 4133 trustra
1002 4073 1117 4133 conata
1139 4072 1197 4151 ost,
1221 4091 1254 4133 se
1277 4073 1423 4153 paratam
1446 4092 1516 4134 esse
1535 4070 1614 4134 dicit

381 4177 513 4259 exsequi
537 4176 624 4260 quod
646 4176 720 4240 illae
743 4177 903 4240 iusserint.

542 4274 611 4367 εἶμί
631 4281 681 4366 μ’·
705 4285 782 4348 οὔτε
805 4285 925 4358 πόντος
949 4282 1036 4346 οὕτω
1059 4283 1183 4367 κύμασι
1206 4283 1332 4349 στένων
1356 4284 1493 4370 λάβροις

430 4430 432 4434 .
543 4391 619 4454 οὔτε
642 4399 702 4474 γῆς
725 4391 858 4474 σεισμὸς
880 4398 1046 4474 κεραυνοῦ
1070 4389 1099 4453 τ’
1126 4385 1258 4476 οἶστρος
1281 4392 1404 4467 ὠδῖνας
1426 4389 1569 4475 πνέοντα,

453 4583 519 4652 *26)
540 4583 706 4653 [Aeschylus
725 4583 877 4636 Tantalum
895 4582 967 4636 facit
985 4582 1127 4636 dicentem
1145 4583 1176 4636 in
1194 4583 1286 4639 Niobe
1306 4586 1367 4652 (159
1387 4583 1495 4638 Nauck.
1510 4588 1543 4654 11)

669 4673 754 4741 οὑμὸς
772 4671 804 4726 δὲ
822 4669 927 4740 πότμος
946 4673 1058 4743 οὐρανῷ
1076 4681 1170 4739 κυρῶν
1190 4672 1250 4727 door

668 4761 747 4828 ἔραζε
765 4758 860 4815 πίπτει
878 4758 928 4816 κατ’
946 4781 979 4829 με
998 4771 1162 4830 προσφωνεῖ
1177 4762 1258 4817 τάδε’

670 4847 816 4920 ’γίγνωσκε
834 4851 1017 4919 τάνθρώπεια
1035 4850 1072 4920 μὴ
1091 4849 1183 4924 σέβειν
1201 4852 1311 4924 ἄγοιτ’]
