3967 5725
601 608 651 657 DE
669 608 799 658 TRIBUS
817 608 923 660 LOCIS
942 609 1124 660 HERCULIS
1143 611 1371 661 EURIPIDEAE.
1535 608 1600 673 265

412 784 466 831 un.
513 769 651 833 Mortem
673 769 798 850 aliquid
818 770 903 834 νίύνα
925 771 990 836 esi?
1037 787 1114 835 sue.
1158 773 1244 854 Vite,
1268 773 1297 836 si
1319 773 1429 852 cupias
1452 774 1550 850 mori;

369 895 563 958 quamquam
595 875 680 940 idem
711 897 812 959 paene
839 876 983 942 dolemus
1013 879 1101 962 quod
1129 879 1251 963 sprevit
1278 900 1359 962 quae
1388 879 1602 963 insequuntur

368 981 509 1046 eiusdem
533 981 685 1068 Aegisthi
707 983 804 1048 verba
1209 1004 1213 1012 ·

528 1089 686 1172 Abripite,
706 1091 837 1172 famuli,
862 1098 1034 1156 ιαααείνιινα
1057 1097 1084 1156 et
1107 1099 1244 1158 ανειίιινι
1261 1094 1373 1174 prose

535 1195 643 1262 Uitru
666 1197 848 1280 Mycenas
870 1198 1001 1263 altimo
1024 1199 1065 1263 iu
1086 1201 1193 1281 requi
1216 1200 1352 1282 ανριιίο

318 1317 352 1371 ll
536 1304 656 1369 Vincite
677 1310 817 1386 saeptam
839 1311 924 1370 uode
945 1306 1096 1372 tenebrosi
1117 1320 1235 1388 specus,

535 1410 576 1477 Ut
597 1412 769 1492 inquietam
792 1413 945 1494 eirqiuem
969 1433 1073 1478 carcer
1096 1414 1197 1478 domet

369 1539 472 1600 neque
494 1518 536 1581 iis
558 1518 608 1581 uti
630 1517 735 1582 voluit
757 1517 797 1581 ad
821 1519 989 1584 tutandam
1010 1519 1181 1605 Sophoclis
1203 1521 1381 1585 orationem
1401 1543 1483 1606 quae
1502 1521 1603 1586 estin

370 1624 478 1688 eadem
502 1622 632 1689 Electra
654 1622 750 1711 (379)

530 1731 688 1812 μέλλουσι
711 1733 773 1816 γάρ
797 1731 842 1814 o’,
866 1735 896 1797 εί
918 1734 1025 1798 τῶνδε
1048 1735 1092 1817 μὴ
1115 1733 1223 1818 λήξεις
1246 1737 1352 1820 γόων,
1617 1767 1644 1808 ιι

531 1838 679 1903 ἐνταῦθα
701 1837 845 1920 πέμψειν
867 1836 953 1904 ἔνθα
975 1842 1020 1923 μή
1043 1840 1123 1905 ποθ’
1150 1842 1247 1925 ἡλίου

531 1946 655 2031 φέγγος
678 1949 855 2031 προσόψει,
880 1951 966 2026 ζῶσα
989 1946 1019 2012 d'
1047 1947 1083 2012 ἐν
1105 1961 1286 2033 κατηρεφεῖ

531 2053 629 2139 στέγῃ
653 2055 779 2138 χθονὸς
801 2053 900 2136 τῆσδ’
923 2053 1016 2131 ἐκτὸς
1038 2055 1196 2140 ὑμνήσεις
1219 2058 1311 2122 κακαί.

371 2159 433 2226 Sed
451 2183 511 2226 nos
531 2162 587 2245 qui
605 2161 668 2226 hoc
686 2162 823 2246 agimus,
841 2165 878 2225 ut
898 2161 1052 2228 studiosis
1072 2163 1328 2228 adolescentibus
1347 2164 1433 2228 viam
1448 2169 1604 2228 monstro

370 2290 442 2332 mus
470 2290 533 2352 que
560 2270 613 2332 via
641 2268 675 2331 in
701 2268 753 2332 his
777 2268 1019 2352 quaestionibus
1042 2270 1253 2334 incedendum
1277 2271 1333 2354 sit,
1361 2271 1395 2335 iu
1418 2274 1604 2335 transcursu

370 2375 508 2440 alterum
531 2376 717 2440 adiiciamus
740 2377 932 2460 exemplum,
954 2376 1116 2442 levidense
1135 2377 1216 2441 illud
1234 2377 1363 2462 quidem
1382 2378 1438 2442 sed
1458 2378 1545 2462 quod
1564 2377 1603 2440 ad

371 2483 593 2547 declarandam
616 2505 685 2548 rem
709 2505 803 2567 quam
828 2483 976 2547 volumus
999 2506 1065 2548 non
1088 2485 1203 2549 inutile
1228 2485 1277 2548 sit.

458 2589 498 2655 In
520 2589 633 2654 Medea
655 2590 765 2655 nutrix
789 2590 828 2655 de
852 2612 986 2656 erasus
1009 2591 1088 2655 haec
1112 2591 1192 2657 dicit
1215 2588 1257 2678 (v.
1277 2589 1334 2678 36)

532 2709 647 2782 στυγεῖ
669 2698 707 2762 δὲ
729 2699 849 2774 παῖδας
872 2696 943 2763 οὐδ’
972 2696 1073 2784 ὁρῶσ’
1101 2699 1325 2783 εὐφραίνεται.

370 2805 420 2871 De
443 2827 508 2891 quo
532 2827 626 2871 versu
649 2805 696 2870 ita
718 2805 862 2890 disputat
882 2804 1153 2872 Wilemovvitzius
1176 2807 1211 2872 iu
1234 2805 1342 2873 Herm.
1362 2825 1410 2872 xv
1428 2830 1459 2891 p.
1479 2808 1544 2873 522
1567 2811 1604 2872 ut
1618 2836 1646 2878 ao

370 2916 577 3000 languescere
600 2913 734 2978 alteram
757 2917 881 2997 partem
906 2914 1055 2995 affirmet,
1078 2914 1142 2978 nisi
1167 2914 1278 2998 ὁρῶσα
1301 2915 1508 3000 participium
1532 2936 1604 2980 eum

372 3021 585 3104 εὐφραίνεται
618 3020 825 3085 coniunctum
858 3005 954 3085 etiam
988 3021 1028 3084 ad
1060 3033 1175 3103 στυγεῖ
1206 3023 1367 3106 pertinere
1399 3022 1604 3087 intellexeris.

370 3125 484 3211 Itaque
501 3126 564 3192 hoc
583 3126 765 3210 exemplum
785 3128 818 3192 in
838 3128 983 3192 ordinem
1002 3128 1124 3212 recepit
1142 3130 1176 3193 in
1195 3133 1364 3193 comment.
1384 3127 1513 3196 Hercul.
1530 3129 1604 3214 237,

373 3257 446 3300 cnm
469 3235 591 3321 figurae
613 3256 721 3319 usum,
749 3257 845 3318 quam
869 3234 933 3299 ἀπὸ
957 3244 1075 3300 κοινοῦ
1098 3236 1302 3319 grammatici
1326 3239 1456 3318 vocant,
1479 3236 1605 3301 abunde

372 3342 507 3407 materia
530 3341 664 3406 collecta
687 3343 734 3405 ita
755 3341 930 3406 illustravit
953 3345 990 3405 ut
1012 3363 1053 3405 ne
1076 3363 1095 3403 a
1113 3343 1245 3428 tragicis
1264 3343 1393 3427 quidem
1411 3343 1516 3426 poetis
1535 3364 1605 3407 eam

373 3449 509 3514 alienam
531 3448 632 3513 fuisse
655 3448 895 3513 demonstraret.
933 3447 1037 3524 Quem
1057 3448 1308 3531 disputationem
1327 3471 1400 3514 cum
1420 3450 1606 3532 ceteroquin

373 3557 465 3621 valde
487 3556 664 3635 laudemus,
687 3558 722 3620 in
743 3555 807 3621 hoc
830 3577 894 3619 uno
918 3553 1104 3619 dubitemus
1127 3576 1223 3638 quem
1247 3561 1332 3621 reete
1351 3557 1489 3641 figuram
1509 3579 1605 3643 agno-

372 3663 464 3728 verit.
502 3662 582 3728 (lum
606 3664 691 3728 enim
715 3662 940 3727 contendimus
963 3683 1045 3745 quae
1070 3659 1179 3725 Cicero
1204 3662 1316 3726 scribit
1339 3663 1373 3728 in
1391 3662 1481 3726 Verr.
1501 3667 1560 3727 aot.
1580 3681 1606 3726 11

373 3769 428 3834 lib.
447 3788 487 3835 111
505 3793 530 3835 o.
550 3771 580 3853 9,
599 3770 642 3834 23
666 3776 788 3835 tautam
809 3769 900 3833 babet
922 3789 1044 3833 νιονανι
1062 3768 1236 3833 similitudo
1255 3770 1498 3833 coniunctionem
1517 3775 1607 3851 atque

374 3879 578 3962 concordiam,
600 3884 635 3943 νί
652 3878 823 3959 Apronius,
847 3878 902 3958 qui
924 3876 1000 3941 eliis
1022 3876 1216 3941 iubemuuus
1238 3896 1276 3939 oe
1292 3876 1453 3955 barbarus,
1477 3878 1532 3941 isti
1548 3878 1606 3941 ναί
1619 3904 1647 3945 so

374 3986 550 4050 commodus
577 4005 614 4049 ue
641 3985 775 4050 disertus
800 3984 967 4062 uideretur,
995 3989 1030 4047 αί
1056 4004 1145 4065 quem
1172 4004 1276 4048 ονιαεε
1302 3984 1469 4048 odissent
1495 4004 1607 4065 oeque

373 4094 498 4158 uidere
525 4092 673 4170 veilent,
704 4093 773 4156 είαι
799 4112 832 4155 eo
859 4092 918 4155 iste
944 4111 1007 4155 esse
1034 4111 1097 4155 τινα
1119 4096 1234 4172 posse,
1268 4094 1323 4154 aut
1351 4112 1433 4174 quae
1460 4089 1544 4154 idem
1573 4090 1607 4155 in

374 4198 481 4263 Pison.
505 4221 531 4265 c.
550 4200 608 4283 27,
626 4200 670 4263 64
697 4221 766 4281 αρε,
793 4204 919 4263 senatus
945 4197 1025 4262 odit
1051 4203 1079 4262 ie
1102 4246 1109 4259 .
1129 4247 1135 4260 .
1156 4247 1162 4260 .
1185 4199 1311 4263 videre
1333 4198 1446 4280 equites
1468 4198 1608 4263 Romani

374 4328 447 4371 nou
468 4313 641 4389 possunt,
668 4311 797 4371 tantum
822 4304 1002 4389 intelligere
1026 4303 1184 4387 videmur,
1211 4305 1312 4371 odisse
1335 4304 1475 4390 aliquem
1499 4309 1530 4369 ct
1553 4306 1608 4369 ali-

376 4435 471 4497 quem
494 4415 598 4479 videre
619 4414 706 4493 nolle,
730 4414 835 4478 uidere
857 4432 920 4477 τινα
937 4430 1030 4492 posse
1052 4406 1123 4493 pari
1147 4411 1180 4474 vi
1203 4413 1353 4496 componi
1377 4412 1493 4496 solere;
1521 4412 1608 4495 quod

376 4521 403 4584 si
431 4522 478 4585 ita
505 4526 567 4604 est,
593 4521 678 4585 idem
706 4521 740 4585 in
763 4519 886 4585 Graeco
909 4539 1004 4581 versu
1028 4521 1218 4600 statuentes,
1246 4520 1293 4583 sic
1315 4520 1393 4584 haec
1416 4521 1608 4601 evolvamus,

376 4640 492 4711 στυγεῖ
514 4633 632 4704 παῖδας
650 4630 778 4712 plenam
796 4648 865 4692 esse
884 4624 1072 4707 orationem,
1096 4625 1149 4688 cui
1167 4624 1249 4690 nihil
1268 4629 1416 4710 oporteat
1434 4626 1609 4692 asciscatur

377 4757 417 4799 ex
439 4735 540 4800 altera
562 4739 663 4819 parte,
686 4734 823 4800 alterum
847 4730 919 4798 οὐδ’
947 4728 1046 4816 ὁρῶσ’
1074 4730 1288 4816 εὐφραίνεται
1309 4732 1387 4796 item
1406 4755 1464 4815 per
1482 4755 1516 4796 se
1536 4755 1608 4798 oon-

377 4846 461 4907 stare
479 4864 539 4907 nec
557 4842 745 4928 languidum
765 4863 842 4926 esse,
864 4840 919 4904 sed
937 4840 1018 4903 haec
1037 4838 1100 4902 duo
1119 4848 1234 4920 στυγεῖ
1252 4837 1322 4904 οὐὸν
1348 4838 1452 4923 ὁρῶσ’
1471 4840 1608 4925 εὐφραί
