<?xml version="1.0" encoding="UTF-8"?>
<!DOCTYPE html PUBLIC "-//W3C//DTD XHTML 1.0 Transitional//EN"
    "http://www.w3.org/TR/xhtml1/DTD/xhtml1-transitional.dtd">
<html xmlns="http://www.w3.org/1999/xhtml" xml:lang="en" lang="en">
 <head>
  <title>
</title>
<meta http-equiv="Content-Type" content="text/html;charset=utf-8" />
  <meta name='ocr-system' content='tesseract 3.04.00' />
  <meta name='ocr-capabilities' content='ocr_page ocr_carea ocr_par ocr_line ocrx_word'/>
</head>
<body>
  <div class='ocr_page' id='page_1' title='image "./iohannisvahleni00vahlgoog/iohannisvahleni00vahlgoog_0048.png"; bbox 0 0 3967 5725; ppageno 0'>
   <div class='ocr_carea' id='block_1_1' title="bbox 393 586 1457 670">
    <p class='ocr_par' dir='ltr' id='par_1_1' title="bbox 393 586 1457 670">
     <span class='ocr_line' id='line_1_1' title="bbox 393 586 1457 670; baseline 0 -19"><span class='ocrx_word' id='word_1_1' title='bbox 393 586 435 663; x_wconf 81' lang='lat'><strong>38</strong></span> <span class='ocrx_word' id='word_1_2' title='bbox 559 600 682 651; x_wconf 72' lang='lat' dir='ltr'><strong>xxxvi</strong></span> <span class='ocrx_word' id='word_1_3' title='bbox 701 600 816 650; x_wconf 85' lang='lat' dir='ltr'><strong>mnnx</strong></span> <span class='ocrx_word' id='word_1_4' title='bbox 834 587 1049 651; x_wconf 75' lang='lat' dir='ltr'><strong>nncrronu&#39;n</strong></span> <span class='ocrx_word' id='word_1_5' title='bbox 1065 600 1307 652; x_wconf 71' lang='lat' dir='ltr'><strong>manuninum</strong></span> <span class='ocrx_word' id='word_1_6' title='bbox 1326 603 1457 670; x_wconf 56' lang='lat' dir='ltr'><strong>recales.</strong></span> 
     </span>
    </p>
   </div>
   <div class='ocr_carea' id='block_1_2' title="bbox 299 760 1662 4588">
    <p class='ocr_par' dir='ltr' id='par_1_2' title="bbox 299 760 1662 4588">
     <span class='ocr_line' id='line_1_2' title="bbox 320 760 1626 845; baseline 0 -20"><span class='ocrx_word' id='word_1_7' title='bbox 320 808 322 813; x_wconf 85' lang='lat'>-</span> <span class='ocrx_word' id='word_1_8' title='bbox 392 762 470 826; x_wconf 87' lang='lat' dir='ltr'><strong>culis</strong></span> <span class='ocrx_word' id='word_1_9' title='bbox 498 767 669 841; x_wconf 55' lang='lat' dir='ltr'><strong>siccarent,¹</strong></span> <span class='ocrx_word' id='word_1_10' title='bbox 678 761 859 844; x_wconf 76' lang='lat' dir='ltr'><strong>pestilentia</strong></span> <span class='ocrx_word' id='word_1_11' title='bbox 886 763 997 845; x_wconf 76' lang='lat' dir='ltr'><strong>mperss</strong></span> <span class='ocrx_word' id='word_1_12' title='bbox 1021 767 1099 826; x_wconf 89' lang='lat' dir='ltr'><strong>orta.</strong></span> <span class='ocrx_word' id='word_1_13' title='bbox 1147 760 1289 838; x_wconf 84' lang='lat' dir='ltr'><strong>Quomm</strong></span> <span class='ocrx_word' id='word_1_14' title='bbox 1315 761 1398 827; x_wconf 83' lang='lat' dir='ltr'><strong>haee·</strong></span> <span class='ocrx_word' id='word_1_15' title='bbox 1422 760 1626 826; x_wconf 83' lang='lat' dir='ltr'><strong>manifestum</strong></span> 
     </span>
     <span class='ocr_line' id='line_1_3' title="bbox 392 863 1626 952; baseline 0 -21"><span class='ocrx_word' id='word_1_16' title='bbox 392 870 442 932; x_wconf 91' lang='lat' dir='ltr'><strong>est</strong></span> <span class='ocrx_word' id='word_1_17' title='bbox 467 868 506 931; x_wconf 89' lang='lat' dir='ltr'><strong>ab</strong></span> <span class='ocrx_word' id='word_1_18' title='bbox 530 867 637 932; x_wconf 79' lang='lat' dir='ltr'><strong>Ennio</strong></span> <span class='ocrx_word' id='word_1_19' title='bbox 661 868 766 932; x_wconf 90' lang='lat' dir='ltr'><strong>aliena</strong></span> <span class='ocrx_word' id='word_1_20' title='bbox 789 889 866 951; x_wconf 80' lang='lat' dir='ltr'><strong>esre,</strong></span> <span class='ocrx_word' id='word_1_21' title='bbox 888 868 945 933; x_wconf 93' lang='lat' dir='ltr'><strong>illa</strong></span> <span class='ocrx_word' id='word_1_22' title='bbox 966 868 1051 932; x_wconf 88' lang='lat' dir='ltr'>nihil</span> <span class='ocrx_word' id='word_1_23' title='bbox 1074 872 1159 933; x_wconf 87' lang='lat' dir='ltr'><strong>certe</strong></span> <span class='ocrx_word' id='word_1_24' title='bbox 1177 863 1303 933; x_wconf 85' lang='lat' dir='ltr'><strong>babent</strong></span> <span class='ocrx_word' id='word_1_25' title='bbox 1325 868 1412 952; x_wconf 91' lang='lat' dir='ltr'><strong>quod</strong></span> <span class='ocrx_word' id='word_1_26' title='bbox 1435 890 1508 933; x_wconf 91' lang='lat' dir='ltr'><strong>cum</strong></span> <span class='ocrx_word' id='word_1_27' title='bbox 1531 890 1626 932; x_wconf 84' lang='lat' dir='ltr'><strong>versu</strong></span> 
     </span>
     <span class='ocr_line' id='line_1_4' title="bbox 299 960 1626 1060; baseline 0.001 -21"><span class='ocrx_word' id='word_1_28' title='bbox 299 1017 302 1024; x_wconf 91' lang='lat'>-</span> <span class='ocrx_word' id='word_1_29' title='bbox 391 960 503 1039; x_wconf 86' lang='lat' dir='ltr'><strong>nostro</strong></span> <span class='ocrx_word' id='word_1_30' title='bbox 517 975 710 1040; x_wconf 51' lang='lat' dir='ltr'><strong>¹conteratur</strong></span> <span class='ocrx_word' id='word_1_31' title='bbox 731 976 794 1039; x_wconf 91' lang='lat' dir='ltr'><strong>nisi</strong></span> <span class='ocrx_word' id='word_1_32' title='bbox 813 974 900 1059; x_wconf 91' lang='lat' dir='ltr'><strong>quod</strong></span> <span class='ocrx_word' id='word_1_33' title='bbox 918 977 953 1039; x_wconf 91' lang='lat' dir='ltr'><strong>in</strong></span> <span class='ocrx_word' id='word_1_34' title='bbox 972 980 1079 1060; x_wconf 77' lang='lat' dir='ltr'><strong>strage</strong></span> <span class='ocrx_word' id='word_1_35' title='bbox 1098 975 1216 1041; x_wconf 91' lang='lat' dir='ltr'><strong>bellica</strong></span> <span class='ocrx_word' id='word_1_36' title='bbox 1234 977 1331 1040; x_wconf 89' lang='lat' dir='ltr'><strong>etiam</strong></span> <span class='ocrx_word' id='word_1_37' title='bbox 1349 975 1536 1059; x_wconf 70' lang='lat' dir='ltr'><strong>pestilentia</strong></span> <span class='ocrx_word' id='word_1_38' title='bbox 1554 979 1626 1040; x_wconf 86' lang='lat' dir='ltr'><strong>orta</strong></span> 
     </span>
     <span class='ocr_line' id='line_1_5' title="bbox 392 1072 1626 1167; baseline 0 -22"><span class='ocrx_word' id='word_1_39' title='bbox 392 1072 516 1147; x_wconf 86' lang='lat' dir='ltr'><strong>dicitur.</strong></span> <span class='ocrx_word' id='word_1_40' title='bbox 563 1081 642 1147; x_wconf 83' lang='lat' dir='ltr'><strong>Sed·</strong></span> <span class='ocrx_word' id='word_1_41' title='bbox 659 1082 740 1147; x_wconf 90' lang='lat' dir='ltr'><strong>illud</strong></span> <span class='ocrx_word' id='word_1_42' title='bbox 772 1082 859 1165; x_wconf 88' lang='lat' dir='ltr'><strong>quod</strong></span> <span class='ocrx_word' id='word_1_43' title='bbox 886 1081 1010 1146; x_wconf 81' lang='lat' dir='ltr'><strong>Merula</strong></span> <span class='ocrx_word' id='word_1_44' title='bbox 1042 1083 1146 1167; x_wconf 90' lang='lat' dir='ltr'><strong>primo</strong></span> <span class='ocrx_word' id='word_1_45' title='bbox 1174 1082 1247 1147; x_wconf 91' lang='lat' dir='ltr'><strong>loco</strong></span> <span class='ocrx_word' id='word_1_46' title='bbox 1275 1082 1385 1166; x_wconf 89' lang='lat' dir='ltr'><strong>posuit</strong></span> <span class='ocrx_word' id='word_1_47' title='bbox 1413 1081 1564 1166; x_wconf 89' lang='lat' dir='ltr'><strong>quodque</strong></span> <span class='ocrx_word' id='word_1_48' title='bbox 1592 1083 1626 1145; x_wconf 90' lang='lat' dir='ltr'><strong>in</strong></span> 
     </span>
     <span class='ocr_line' id='line_1_6' title="bbox 391 1188 1626 1275; baseline 0.002 -24"><span class='ocrx_word' id='word_1_49' title='bbox 391 1188 574 1274; x_wconf 85' lang='lat' dir='ltr'><strong>digerendis</strong></span> <span class='ocrx_word' id='word_1_50' title='bbox 597 1188 743 1272; x_wconf 86' lang='lat' dir='ltr'><strong>reliquiis</strong></span> <span class='ocrx_word' id='word_1_51' title='bbox 767 1192 893 1253; x_wconf 89' lang='lat' dir='ltr'><strong>secutus</strong></span> <span class='ocrx_word' id='word_1_52' title='bbox 912 1193 966 1253; x_wconf 91' lang='lat' dir='ltr'><strong>est</strong></span> <span class='ocrx_word' id='word_1_53' title='bbox 983 1188 1071 1253; x_wconf 86' lang='lat' dir='ltr'><strong>baud</strong></span> <span class='ocrx_word' id='word_1_54' title='bbox 1089 1188 1204 1253; x_wconf 90' lang='lat' dir='ltr'><strong>inscite</strong></span> <span class='ocrx_word' id='word_1_55' title='bbox 1223 1190 1440 1275; x_wconf 88' lang='lat' dir='ltr'><strong>excogitatum</strong></span> <span class='ocrx_word' id='word_1_56' title='bbox 1460 1192 1510 1252; x_wconf 91' lang='lat' dir='ltr'><strong>est</strong></span> <span class='ocrx_word' id='word_1_57' title='bbox 1528 1192 1561 1253; x_wconf 91' lang='lat' dir='ltr'><strong>et</strong></span> <span class='ocrx_word' id='word_1_58' title='bbox 1577 1189 1626 1253; x_wconf 88' lang='lat' dir='ltr'><strong>in-</strong></span> 
     </span>
     <span class='ocr_line' id='line_1_7' title="bbox 390 1294 1625 1380; baseline 0 -21"><span class='ocrx_word' id='word_1_59' title='bbox 390 1296 504 1379; x_wconf 84' lang='lat' dir='ltr'><strong>primis</strong></span> <span class='ocrx_word' id='word_1_60' title='bbox 528 1296 692 1361; x_wconf 70' lang='lat' dir='ltr'><strong>subtiliter</strong></span> <span class='ocrx_word' id='word_1_61' title='bbox 714 1294 875 1361; x_wconf 84' lang='lat' dir='ltr'><strong>intellexit</strong></span> <span class='ocrx_word' id='word_1_62' title='bbox 898 1317 994 1380; x_wconf 88' lang='lat' dir='ltr'><strong>posse</strong></span> <span class='ocrx_word' id='word_1_63' title='bbox 1012 1295 1111 1360; x_wconf 81' lang='lat' dir='ltr'><strong>Ennii</strong></span> <span class='ocrx_word' id='word_1_64' title='bbox 1132 1296 1230 1361; x_wconf 82' lang='lat' dir='ltr'><strong>rerba</strong></span> <span class='ocrx_word' id='word_1_65' title='bbox 1247 1318 1313 1360; x_wconf 92' lang='lat' dir='ltr'><strong>non</strong></span> <span class='ocrx_word' id='word_1_66' title='bbox 1331 1296 1493 1360; x_wconf 87' lang='lat' dir='ltr'><strong>narrantis</strong></span> <span class='ocrx_word' id='word_1_67' title='bbox 1510 1298 1625 1379; x_wconf 85' lang='lat' dir='ltr'><strong>poetae</strong></span> 
     </span>
     <span class='ocr_line' id='line_1_8' title="bbox 390 1401 1624 1486; baseline -0.002 -19"><span class='ocrx_word' id='word_1_68' title='bbox 390 1401 446 1467; x_wconf 90' lang='lat' dir='ltr'><strong>sed</strong></span> <span class='ocrx_word' id='word_1_69' title='bbox 470 1403 539 1467; x_wconf 93' lang='lat' dir='ltr'><strong>eius</strong></span> <span class='ocrx_word' id='word_1_70' title='bbox 562 1423 631 1467; x_wconf 87' lang='lat' dir='ltr'><strong>esse</strong></span> <span class='ocrx_word' id='word_1_71' title='bbox 655 1403 710 1486; x_wconf 90' lang='lat' dir='ltr'><strong>qui</strong></span> <span class='ocrx_word' id='word_1_72' title='bbox 734 1402 785 1467; x_wconf 88' lang='lat' dir='ltr'><strong>his</strong></span> <span class='ocrx_word' id='word_1_73' title='bbox 809 1402 933 1467; x_wconf 90' lang='lat' dir='ltr'><strong>duabus</strong></span> <span class='ocrx_word' id='word_1_74' title='bbox 958 1405 1062 1467; x_wconf 91' lang='lat' dir='ltr'><strong>causis</strong></span> <span class='ocrx_word' id='word_1_75' title='bbox 1086 1403 1121 1467; x_wconf 91' lang='lat' dir='ltr'><strong>in</strong></span> <span class='ocrx_word' id='word_1_76' title='bbox 1144 1402 1324 1467; x_wconf 86' lang='lat' dir='ltr'><strong>excusando</strong></span> <span class='ocrx_word' id='word_1_77' title='bbox 1347 1403 1399 1466; x_wconf 86' lang='lat' dir='ltr'><strong>vel</strong></span> <span class='ocrx_word' id='word_1_78' title='bbox 1417 1402 1624 1467; x_wconf 78' lang='lat' dir='ltr'><strong>detrectando</strong></span> 
     </span>
     <span class='ocr_line' id='line_1_9' title="bbox 389 1508 1626 1593; baseline 0 -20"><span class='ocrx_word' id='word_1_79' title='bbox 389 1530 467 1574; x_wconf 89' lang='lat' dir='ltr'><strong>usus</strong></span> <span class='ocrx_word' id='word_1_80' title='bbox 498 1510 596 1574; x_wconf 90' lang='lat' dir='ltr'><strong>fuerit</strong></span> <span class='ocrx_word' id='word_1_81' title='bbox 624 1531 696 1573; x_wconf 88' lang='lat' dir='ltr'><strong>eum</strong></span> <span class='ocrx_word' id='word_1_82' title='bbox 725 1509 845 1574; x_wconf 88' lang='lat' dir='ltr'><strong>diceret</strong></span> <span class='ocrx_word' id='word_1_83' title='bbox 872 1512 996 1593; x_wconf 85' lang='lat' dir='ltr'><strong>partem</strong></span> <span class='ocrx_word' id='word_1_84' title='bbox 1023 1508 1192 1574; x_wconf 91' lang='lat' dir='ltr'><strong>hominum</strong></span> <span class='ocrx_word' id='word_1_85' title='bbox 1219 1509 1305 1574; x_wconf 93' lang='lat' dir='ltr'><strong>bello</strong></span> <span class='ocrx_word' id='word_1_86' title='bbox 1332 1508 1468 1593; x_wconf 83' lang='lat' dir='ltr'><strong>perisse,</strong></span> <span class='ocrx_word' id='word_1_87' title='bbox 1500 1512 1626 1592; x_wconf 88' lang='lat' dir='ltr'><strong>partem</strong></span> 
     </span>
     <span class='ocr_line' id='line_1_10' title="bbox 390 1614 1626 1700; baseline 0 -21"><span class='ocrx_word' id='word_1_88' title='bbox 390 1619 496 1680; x_wconf 88' lang='lat' dir='ltr'><strong>eutem</strong></span> <span class='ocrx_word' id='word_1_89' title='bbox 517 1614 649 1680; x_wconf 87' lang='lat' dir='ltr'><strong>alteram</strong></span> <span class='ocrx_word' id='word_1_90' title='bbox 668 1615 781 1681; x_wconf 89' lang='lat' dir='ltr'><strong>morbo</strong></span> <span class='ocrx_word' id='word_1_91' title='bbox 802 1636 870 1681; x_wconf 89' lang='lat' dir='ltr'><strong>esse</strong></span> <span class='ocrx_word' id='word_1_92' title='bbox 890 1616 1101 1700; x_wconf 83' lang='lat' dir='ltr'><strong>absumptam.</strong></span> <span class='ocrx_word' id='word_1_93' title='bbox 1134 1615 1382 1681; x_wconf 86' lang='lat' dir='ltr'><strong>Verumtamen</strong></span> <span class='ocrx_word' id='word_1_94' title='bbox 1400 1616 1436 1679; x_wconf 93' lang='lat' dir='ltr'><strong>in</strong></span> <span class='ocrx_word' id='word_1_95' title='bbox 1452 1616 1524 1700; x_wconf 90' lang='lat' dir='ltr'><strong>ipsa</strong></span> <span class='ocrx_word' id='word_1_96' title='bbox 1541 1614 1626 1680; x_wconf 82' lang='lat' dir='ltr'><strong>Livii</strong></span> 
     </span>
     <span class='ocr_line' id='line_1_11' title="bbox 349 1715 1626 1807; baseline 0.002 -24"><span class='ocrx_word' id='word_1_97' title='bbox 349 1732 376 1783; x_wconf 80' lang='grc' dir='ltr'><strong>ιο·</strong></span> <span class='ocrx_word' id='word_1_98' title='bbox 389 1724 572 1787; x_wconf 89' lang='lat' dir='ltr'><strong>narratione</strong></span> <span class='ocrx_word' id='word_1_99' title='bbox 601 1743 665 1806; x_wconf 86' lang='lat' dir='ltr'><strong>qua</strong></span> <span class='ocrx_word' id='word_1_100' title='bbox 691 1722 771 1787; x_wconf 89' lang='lat' dir='ltr'><strong>baec</strong></span> <span class='ocrx_word' id='word_1_101' title='bbox 798 1722 907 1807; x_wconf 90' lang='lat' dir='ltr'><strong>opinio</strong></span> <span class='ocrx_word' id='word_1_102' title='bbox 935 1723 1052 1787; x_wconf 90' lang='lat' dir='ltr'><strong>nititur</strong></span> <span class='ocrx_word' id='word_1_103' title='bbox 1079 1723 1141 1787; x_wconf 88' lang='lat' dir='ltr'><strong>ista</strong></span> <span class='ocrx_word' id='word_1_104' title='bbox 1170 1722 1289 1807; x_wconf 89' lang='lat' dir='ltr'><strong>duplex</strong></span> <span class='ocrx_word' id='word_1_105' title='bbox 1310 1715 1399 1787; x_wconf 84' lang='lat' dir='ltr'><strong>ratio</strong></span> <span class='ocrx_word' id='word_1_106' title='bbox 1417 1721 1554 1807; x_wconf 80' lang='lat' dir='ltr'><strong>inopiae</strong></span> <span class='ocrx_word' id='word_1_107' title='bbox 1569 1722 1626 1786; x_wconf 93' lang='lat' dir='ltr'><strong>ho·</strong></span> 
     </span>
     <span class='ocr_line' id='line_1_12' title="bbox 389 1827 1662 1912; baseline 0.001 -20"><span class='ocrx_word' id='word_1_108' title='bbox 389 1830 511 1893; x_wconf 91' lang='lat' dir='ltr'><strong>minum</strong></span> <span class='ocrx_word' id='word_1_109' title='bbox 543 1849 608 1892; x_wconf 92' lang='lat' dir='ltr'><strong>non</strong></span> <span class='ocrx_word' id='word_1_110' title='bbox 637 1829 768 1893; x_wconf 88' lang='lat' dir='ltr'><strong>affertur</strong></span> <span class='ocrx_word' id='word_1_111' title='bbox 796 1828 851 1894; x_wconf 90' lang='lat' dir='ltr'><strong>sed</strong></span> <span class='ocrx_word' id='word_1_112' title='bbox 878 1827 958 1894; x_wconf 91' lang='lat' dir='ltr'><strong>baec</strong></span> <span class='ocrx_word' id='word_1_113' title='bbox 986 1851 1068 1912; x_wconf 85' lang='lat' dir='ltr'><strong>quae</strong></span> <span class='ocrx_word' id='word_1_114' title='bbox 1096 1830 1208 1894; x_wconf 78' lang='lat' dir='ltr'><strong>scribit</strong></span> <span class='ocrx_word' id='word_1_115' title='bbox 1234 1835 1357 1894; x_wconf 73' lang='lat' dir='ltr'><strong>tuatim</strong></span> <span class='ocrx_word' id='word_1_116' title='bbox 1384 1830 1546 1895; x_wconf 78' lang='lat' dir='ltr'><strong>luminum</strong></span> <span class='ocrx_word' id='word_1_117' title='bbox 1573 1830 1662 1893; x_wconf 74' lang='lat' dir='ltr'><strong>‹ie-5</strong></span> 
     </span>
     <span class='ocr_line' id='line_1_13' title="bbox 389 1928 1626 2020; baseline -0.001 -20"><span class='ocrx_word' id='word_1_118' title='bbox 389 1942 545 2001; x_wconf 81' lang='lat' dir='ltr'><strong>mortuum</strong></span> <span class='ocrx_word' id='word_1_119' title='bbox 573 1928 647 2015; x_wconf 83' lang='lat' dir='ltr'><strong>esse,</strong></span> <span class='ocrx_word' id='word_1_120' title='bbox 675 1941 797 2001; x_wconf 76' lang='lat' dir='ltr'><strong>tanetum</strong></span> <span class='ocrx_word' id='word_1_121' title='bbox 823 1937 935 2018; x_wconf 79' lang='lat' dir='ltr'><strong>ubique</strong></span> <span class='ocrx_word' id='word_1_122' title='bbox 961 1957 1125 2019; x_wconf 76' lang='lat' dir='ltr'><strong>caprorum</strong></span> <span class='ocrx_word' id='word_1_123' title='bbox 1148 1935 1309 2000; x_wconf 88' lang='lat' dir='ltr'><strong>adunam</strong></span> <span class='ocrx_word' id='word_1_124' title='bbox 1332 1935 1550 2020; x_wconf 88' lang='lat' dir='ltr'><strong>pestilentiam</strong></span> <span class='ocrx_word' id='word_1_125' title='bbox 1574 1958 1626 2001; x_wconf 87' lang='lat' dir='ltr'><strong>ex·</strong></span> 
     </span>
     <span class='ocr_line' id='line_1_14' title="bbox 389 2042 1625 2127; baseline -0.001 -21"><span class='ocrx_word' id='word_1_126' title='bbox 389 2042 565 2107; x_wconf 88' lang='lat' dir='ltr'><strong>tollendam</strong></span> <span class='ocrx_word' id='word_1_127' title='bbox 588 2042 758 2127; x_wconf 90' lang='lat' dir='ltr'><strong>pertinent.</strong></span> <span class='ocrx_word' id='word_1_128' title='bbox 795 2042 908 2127; x_wconf 85' lang='lat' dir='ltr'><strong>Itaque</strong></span> <span class='ocrx_word' id='word_1_129' title='bbox 930 2066 997 2107; x_wconf 92' lang='lat' dir='ltr'><strong>non</strong></span> <span class='ocrx_word' id='word_1_130' title='bbox 1020 2045 1261 2127; x_wconf 80' lang='lat' dir='ltr'><strong>acquiescemus</strong></span> <span class='ocrx_word' id='word_1_131' title='bbox 1282 2042 1343 2107; x_wconf 90' lang='lat' dir='ltr'><strong>bac</strong></span> <span class='ocrx_word' id='word_1_132' title='bbox 1361 2042 1503 2107; x_wconf 86' lang='lat' dir='ltr'><strong>Merulae</strong></span> <span class='ocrx_word' id='word_1_133' title='bbox 1526 2042 1625 2127; x_wconf 82' lang='lat' dir='ltr'><strong>expli·</strong></span> 
     </span>
     <span class='ocr_line' id='line_1_15' title="bbox 389 2149 1624 2235; baseline 0.001 -22"><span class='ocrx_word' id='word_1_134' title='bbox 389 2149 527 2234; x_wconf 85' lang='lat' dir='ltr'><strong>catione;</strong></span> <span class='ocrx_word' id='word_1_135' title='bbox 561 2150 617 2215; x_wconf 92' lang='lat' dir='ltr'><strong>sed</strong></span> <span class='ocrx_word' id='word_1_136' title='bbox 644 2172 682 2215; x_wconf 93' lang='lat' dir='ltr'><strong>eo</strong></span> <span class='ocrx_word' id='word_1_137' title='bbox 711 2151 798 2234; x_wconf 91' lang='lat' dir='ltr'><strong>quod</strong></span> <span class='ocrx_word' id='word_1_138' title='bbox 825 2172 936 2215; x_wconf 81' lang='lat' dir='ltr'><strong>verum</strong></span> <span class='ocrx_word' id='word_1_139' title='bbox 964 2153 1014 2215; x_wconf 89' lang='lat' dir='ltr'><strong>est</strong></span> <span class='ocrx_word' id='word_1_140' title='bbox 1040 2150 1075 2213; x_wconf 93' lang='lat' dir='ltr'><strong>in</strong></span> <span class='ocrx_word' id='word_1_141' title='bbox 1102 2173 1139 2215; x_wconf 88' lang='lat' dir='ltr'><strong>ea</strong></span> <span class='ocrx_word' id='word_1_142' title='bbox 1166 2150 1216 2215; x_wconf 91' lang='lat' dir='ltr'><strong>usi</strong></span> <span class='ocrx_word' id='word_1_143' title='bbox 1245 2149 1319 2213; x_wconf 90' lang='lat' dir='ltr'><strong>dum</strong></span> <span class='ocrx_word' id='word_1_144' title='bbox 1349 2150 1624 2235; x_wconf 89' lang='lat' dir='ltr'><strong>circumspicimus</strong></span> 
     </span>
     <span class='ocr_line' id='line_1_16' title="bbox 388 2255 1623 2341; baseline 0.001 -22"><span class='ocrx_word' id='word_1_145' title='bbox 388 2277 465 2320; x_wconf 90' lang='lat' dir='ltr'><strong>num</strong></span> <span class='ocrx_word' id='word_1_146' title='bbox 488 2277 550 2340; x_wconf 83' lang='lat' dir='ltr'><strong>qua</strong></span> <span class='ocrx_word' id='word_1_147' title='bbox 569 2255 654 2321; x_wconf 84' lang='lat' dir='ltr'><strong>forte</strong></span> <span class='ocrx_word' id='word_1_148' title='bbox 672 2257 878 2322; x_wconf 84' lang='lat' dir='ltr'><strong>inveniantur</strong></span> <span class='ocrx_word' id='word_1_149' title='bbox 897 2280 978 2341; x_wconf 90' lang='lat' dir='ltr'><strong>quae</strong></span> <span class='ocrx_word' id='word_1_150' title='bbox 998 2258 1178 2322; x_wconf 87' lang='lat' dir='ltr'><strong>accuratius</strong></span> <span class='ocrx_word' id='word_1_151' title='bbox 1196 2256 1338 2322; x_wconf 81' lang='lat' dir='ltr'><strong>Enniani</strong></span> <span class='ocrx_word' id='word_1_152' title='bbox 1356 2278 1468 2321; x_wconf 83' lang='lat' dir='ltr'><strong>versus</strong></span> <span class='ocrx_word' id='word_1_153' title='bbox 1485 2258 1623 2321; x_wconf 85' lang='lat' dir='ltr'><strong>formam</strong></span> 
     </span>
     <span class='ocr_line' id='line_1_17' title="bbox 388 2362 1624 2449; baseline 0.001 -23"><span class='ocrx_word' id='word_1_154' title='bbox 388 2362 558 2447; x_wconf 85' lang='lat' dir='ltr'><strong>recipiant,</strong></span> <span class='ocrx_word' id='word_1_155' title='bbox 587 2364 757 2429; x_wconf 86' lang='lat' dir='ltr'><strong>incidimus</strong></span> <span class='ocrx_word' id='word_1_156' title='bbox 785 2366 817 2428; x_wconf 92' lang='lat' dir='ltr'><strong>in</strong></span> <span class='ocrx_word' id='word_1_157' title='bbox 847 2364 926 2428; x_wconf 88' lang='lat' dir='ltr'><strong>talia</strong></span> <span class='ocrx_word' id='word_1_158' title='bbox 954 2365 1048 2447; x_wconf 90' lang='lat' dir='ltr'><strong>quale</strong></span> <span class='ocrx_word' id='word_1_159' title='bbox 1070 2364 1134 2429; x_wconf 94' lang='lat' dir='ltr'><strong>boc</strong></span> <span class='ocrx_word' id='word_1_160' title='bbox 1157 2369 1205 2428; x_wconf 89' lang='lat' dir='ltr'><strong>est</strong></span> <span class='ocrx_word' id='word_1_161' title='bbox 1227 2365 1314 2449; x_wconf 89' lang='lat' dir='ltr'><strong>apud</strong></span> <span class='ocrx_word' id='word_1_162' title='bbox 1338 2364 1472 2429; x_wconf 90' lang='lat' dir='ltr'><strong>eundem</strong></span> <span class='ocrx_word' id='word_1_163' title='bbox 1495 2362 1624 2428; x_wconf 84' lang='lat' dir='ltr'><strong>bivium</strong></span> 
     </span>
     <span class='ocr_line' id='line_1_18' title="bbox 388 2460 1625 2558; baseline 0.002 -25"><span class='ocrx_word' id='word_1_164' title='bbox 388 2469 443 2533; x_wconf 91' lang='lat' dir='ltr'><strong>lib.</strong></span> <span class='ocrx_word' id='word_1_165' title='bbox 463 2460 587 2534; x_wconf 66' lang='lat' dir='ltr'><strong>xnxvn</strong></span> <span class='ocrx_word' id='word_1_166' title='bbox 605 2469 657 2555; x_wconf 83' lang='lat'><strong>46,</strong></span> <span class='ocrx_word' id='word_1_167' title='bbox 672 2469 693 2533; x_wconf 90' lang='grc'>9</span> <span class='ocrx_word' id='word_1_168' title='bbox 708 2469 749 2558; x_wconf 80' lang='lat' dir='ltr'><strong>(n.</strong></span> <span class='ocrx_word' id='word_1_169' title='bbox 764 2493 794 2535; x_wconf 90' lang='lat' dir='ltr'><strong>u.</strong></span> <span class='ocrx_word' id='word_1_170' title='bbox 810 2468 890 2558; x_wconf 79' lang='lat'>564)</span> <span class='ocrx_word' id='word_1_171' title='bbox 910 2492 947 2535; x_wconf 86' lang='lat' dir='ltr'><strong>en</strong></span> <span class='ocrx_word' id='word_1_172' title='bbox 968 2470 1080 2536; x_wconf 79' lang='lat' dir='ltr'><strong>Gallia</strong></span> <span class='ocrx_word' id='word_1_173' title='bbox 1098 2471 1212 2553; x_wconf 76' lang='lat' dir='ltr'><strong>lepatm</strong></span> <span class='ocrx_word' id='word_1_174' title='bbox 1231 2471 1487 2536; x_wconf 76' lang='lat' dir='ltr'><strong>Placentinorum</strong></span> <span class='ocrx_word' id='word_1_175' title='bbox 1505 2476 1533 2535; x_wconf 85' lang='lat' dir='ltr'><strong>et</strong></span> <span class='ocrx_word' id='word_1_176' title='bbox 1552 2468 1625 2535; x_wconf 78' lang='lat' dir='ltr'><strong>Ore</strong></span> 
     </span>
     <span class='ocr_line' id='line_1_19' title="bbox 387 2577 1625 2659; baseline 0.001 -18"><span class='ocrx_word' id='word_1_177' title='bbox 387 2578 582 2642; x_wconf 84' lang='lat' dir='ltr'><strong>monensium</strong></span> <span class='ocrx_word' id='word_1_178' title='bbox 596 2577 634 2641; x_wconf 86' lang='lat' dir='ltr'><strong>L.</strong></span> <span class='ocrx_word' id='word_1_179' title='bbox 645 2577 877 2643; x_wconf 71' lang='lat' dir='ltr'><strong>Aurunculeius</strong></span> <span class='ocrx_word' id='word_1_180' title='bbox 884 2583 1015 2659; x_wconf 71' lang='lat' dir='ltr'><strong>prodor</strong></span> <span class='ocrx_word' id='word_1_181' title='bbox 1027 2579 1064 2641; x_wconf 89' lang='lat' dir='ltr'><strong>in</strong></span> <span class='ocrx_word' id='word_1_182' title='bbox 1076 2584 1219 2643; x_wconf 81' lang='lat' dir='ltr'><strong>serratum</strong></span> <span class='ocrx_word' id='word_1_183' title='bbox 1232 2579 1423 2642; x_wconf 78' lang='lat' dir='ltr'><strong>introdusit:</strong></span> <span class='ocrx_word' id='word_1_184' title='bbox 1443 2578 1486 2641; x_wconf 86' lang='lat' dir='ltr'><strong>iis</strong></span> <span class='ocrx_word' id='word_1_185' title='bbox 1498 2598 1625 2659; x_wconf 79' lang='lat' dir='ltr'><strong>pumen·</strong></span> 
     </span>
     <span class='ocr_line' id='line_1_20' title="bbox 387 2683 1625 2767; baseline 0.002 -20"><span class='ocrx_word' id='word_1_186' title='bbox 387 2684 469 2748; x_wconf 73' lang='lat' dir='ltr'><strong>telins</strong></span> <span class='ocrx_word' id='word_1_187' title='bbox 496 2686 639 2767; x_wconf 88' lang='lat' dir='ltr'><strong>inopiam</strong></span> <span class='ocrx_word' id='word_1_188' title='bbox 662 2685 850 2763; x_wconf 86' lang='lat' dir='ltr'><strong>colonorum,</strong></span> <span class='ocrx_word' id='word_1_189' title='bbox 878 2684 975 2749; x_wconf 89' lang='lat' dir='ltr'><strong>aliis</strong></span> <span class='ocrx_word' id='word_1_190' title='bbox 998 2683 1086 2749; x_wconf 84' lang='lat' dir='ltr'><strong>belli</strong></span> <span class='ocrx_word' id='word_1_191' title='bbox 1108 2684 1270 2763; x_wconf 81' lang='lat' dir='ltr'><strong>nasibus,</strong></span> <span class='ocrx_word' id='word_1_192' title='bbox 1298 2684 1393 2749; x_wconf 90' lang='lat' dir='ltr'><strong>aliis</strong></span> <span class='ocrx_word' id='word_1_193' title='bbox 1416 2683 1536 2749; x_wconf 86' lang='lat' dir='ltr'><strong>morbo</strong></span> <span class='ocrx_word' id='word_1_194' title='bbox 1559 2685 1625 2749; x_wconf 86' lang='lat' dir='ltr'><strong>ab·</strong></span> 
     </span>
     <span class='ocr_line' id='line_1_21' title="bbox 351 2790 1623 2874; baseline 0.006 -25"><span class='ocrx_word' id='word_1_195' title='bbox 351 2792 562 2874; x_wconf 71' lang='lat' dir='ltr'><strong>resumptis,</strong></span> <span class='ocrx_word' id='word_1_196' title='bbox 590 2791 741 2874; x_wconf 79' lang='lat' dir='ltr'><strong>quosdam</strong></span> <span class='ocrx_word' id='word_1_197' title='bbox 767 2792 869 2857; x_wconf 85' lang='lat' dir='ltr'><strong>taedio</strong></span> <span class='ocrx_word' id='word_1_198' title='bbox 897 2791 1073 2855; x_wconf 84' lang='lat' dir='ltr'><strong>ascelmum</strong></span> <span class='ocrx_word' id='word_1_199' title='bbox 1099 2791 1264 2856; x_wconf 76' lang='lat' dir='ltr'><strong>Gallorum</strong></span> <span class='ocrx_word' id='word_1_200' title='bbox 1291 2791 1452 2873; x_wconf 70' lang='lat' dir='ltr'><strong>reliquisse</strong></span> <span class='ocrx_word' id='word_1_201' title='bbox 1478 2790 1623 2870; x_wconf 74' lang='lat' dir='ltr'><strong>munim,</strong></span> 
     </span>
     <span class='ocr_line' id='line_1_22' title="bbox 386 2891 1623 2984; baseline 0.002 -22"><span class='ocrx_word' id='word_1_202' title='bbox 386 2891 673 2984; x_wconf 62' lang='lat' dir='ltr'><strong>decreveramus,</strong></span> <span class='ocrx_word' id='word_1_203' title='bbox 696 2900 744 2964; x_wconf 89' lang='lat' dir='ltr'><strong>uti</strong></span> <span class='ocrx_word' id='word_1_204' title='bbox 765 2898 799 2964; x_wconf 85' lang='lat'><strong>0.</strong></span> <span class='ocrx_word' id='word_1_205' title='bbox 818 2899 948 2964; x_wconf 84' lang='lat' dir='ltr'><strong>Laelius</strong></span> <span class='ocrx_word' id='word_1_206' title='bbox 970 2899 1084 2979; x_wconf 65' lang='lat' dir='ltr'><strong>misul,</strong></span> <span class='ocrx_word' id='word_1_207' title='bbox 1107 2901 1137 2964; x_wconf 82' lang='lat' dir='ltr'><strong>si</strong></span> <span class='ocrx_word' id='word_1_208' title='bbox 1159 2901 1189 2964; x_wconf 88' lang='lat' dir='ltr'><strong>ei</strong></span> <span class='ocrx_word' id='word_1_209' title='bbox 1209 2900 1372 2979; x_wconf 65' lang='lat' dir='ltr'><strong>videaur,</strong></span> <span class='ocrx_word' id='word_1_210' title='bbox 1395 2905 1507 2980; x_wconf 86' lang='lat' dir='ltr'><strong>septem</strong></span> <span class='ocrx_word' id='word_1_211' title='bbox 1531 2899 1623 2964; x_wconf 89' lang='lat' dir='ltr'><strong>milia</strong></span> 
     </span>
     <span class='ocr_line' id='line_1_23' title="bbox 385 3005 1624 3092; baseline 0.001 -24"><span class='ocrx_word' id='word_1_212' title='bbox 385 3005 588 3086; x_wconf 77' lang='lat' dir='ltr'><strong>familiarum</strong></span> <span class='ocrx_word' id='word_1_213' title='bbox 602 3007 801 3072; x_wconf 74' lang='lat' dir='ltr'><strong>consueberat</strong></span> <span class='ocrx_word' id='word_1_214' title='bbox 813 3009 941 3088; x_wconf 77' lang='lat' dir='ltr'><strong>quaein</strong></span> <span class='ocrx_word' id='word_1_215' title='bbox 955 3027 1009 3072; x_wconf 89' lang='lat' dir='ltr'><strong>eos</strong></span> <span class='ocrx_word' id='word_1_216' title='bbox 1022 3007 1159 3072; x_wconf 78' lang='lat' dir='ltr'><strong>cabanas</strong></span> <span class='ocrx_word' id='word_1_217' title='bbox 1173 3007 1393 3072; x_wconf 80' lang='lat' dir='ltr'><strong>dividerentur.</strong></span> <span class='ocrx_word' id='word_1_218' title='bbox 1429 3005 1519 3070; x_wconf 89' lang='lat' dir='ltr'><strong>Haec</strong></span> <span class='ocrx_word' id='word_1_219' title='bbox 1532 3009 1624 3092; x_wconf 87' lang='lat' dir='ltr'><strong>gesta</strong></span> 
     </span>
     <span class='ocr_line' id='line_1_24' title="bbox 387 3110 1622 3200; baseline 0.002 -25"><span class='ocrx_word' id='word_1_220' title='bbox 387 3117 462 3176; x_wconf 89' lang='lat' dir='ltr'><strong>sunt</strong></span> <span class='ocrx_word' id='word_1_221' title='bbox 494 3111 591 3197; x_wconf 87' lang='lat' dir='ltr'><strong>paulo</strong></span> <span class='ocrx_word' id='word_1_222' title='bbox 623 3118 698 3197; x_wconf 90' lang='lat' dir='ltr'><strong>post</strong></span> <span class='ocrx_word' id='word_1_223' title='bbox 730 3136 826 3198; x_wconf 87' lang='lat' dir='ltr'><strong>quarn</strong></span> <span class='ocrx_word' id='word_1_224' title='bbox 849 3113 906 3179; x_wconf 83' lang='lat' dir='ltr'><strong>-M’.</strong></span> <span class='ocrx_word' id='word_1_225' title='bbox 926 3112 1051 3180; x_wconf 86' lang='lat' dir='ltr'><strong>Acilius</strong></span> <span class='ocrx_word' id='word_1_226' title='bbox 1079 3114 1279 3198; x_wconf 91' lang='lat' dir='ltr'><strong>triumphum</strong></span> <span class='ocrx_word' id='word_1_227' title='bbox 1312 3114 1350 3178; x_wconf 94' lang='lat' dir='ltr'><strong>de</strong></span> <span class='ocrx_word' id='word_1_228' title='bbox 1379 3110 1509 3179; x_wconf 83' lang='lat' dir='ltr'><strong>Aetolia</strong></span> <span class='ocrx_word' id='word_1_229' title='bbox 1540 3115 1622 3200; x_wconf 77' lang='lat' dir='ltr'><strong>egit3</strong></span> 
     </span>
     <span class='ocr_line' id='line_1_25' title="bbox 385 3218 1622 3304; baseline 0.002 -22"><span class='ocrx_word' id='word_1_230' title='bbox 385 3222 599 3303; x_wconf 87' lang='lat' dir='ltr'><strong>poterantque</strong></span> <span class='ocrx_word' id='word_1_231' title='bbox 632 3220 671 3284; x_wconf 85' lang='lat' dir='ltr'><strong>ab</strong></span> <span class='ocrx_word' id='word_1_232' title='bbox 699 3220 806 3285; x_wconf 81' lang='lat' dir='ltr'><strong>Ennio</strong></span> <span class='ocrx_word' id='word_1_233' title='bbox 839 3220 950 3286; x_wconf 86' lang='lat' dir='ltr'><strong>referri</strong></span> <span class='ocrx_word' id='word_1_234' title='bbox 982 3221 1017 3285; x_wconf 90' lang='lat' dir='ltr'><strong>in</strong></span> <span class='ocrx_word' id='word_1_235' title='bbox 1045 3220 1153 3284; x_wconf 87' lang='lat' dir='ltr'><strong>annuli</strong></span> <span class='ocrx_word' id='word_1_236' title='bbox 1182 3221 1304 3286; x_wconf 92' lang='lat' dir='ltr'><strong>decimo</strong></span> <span class='ocrx_word' id='word_1_237' title='bbox 1334 3225 1457 3304; x_wconf 90' lang='lat' dir='ltr'><strong>quarto.</strong></span> <span class='ocrx_word' id='word_1_238' title='bbox 1504 3218 1567 3296; x_wconf 82' lang='lat' dir='ltr'><strong>Qui</strong></span> <span class='ocrx_word' id='word_1_239' title='bbox 1590 3220 1622 3287; x_wconf 87' lang='lat' dir='ltr'><strong>si</strong></span> 
     </span>
     <span class='ocr_line' id='line_1_26' title="bbox 385 3326 1622 3412; baseline 0.002 -23"><span class='ocrx_word' id='word_1_240' title='bbox 385 3347 496 3390; x_wconf 86' lang='lat' dir='ltr'><strong>revera</strong></span> <span class='ocrx_word' id='word_1_241' title='bbox 519 3326 643 3412; x_wconf 89' lang='lat' dir='ltr'><strong>legatos</strong></span> <span class='ocrx_word' id='word_1_242' title='bbox 664 3328 702 3391; x_wconf 89' lang='lat' dir='ltr'><strong>de</strong></span> <span class='ocrx_word' id='word_1_243' title='bbox 722 3328 909 3392; x_wconf 90' lang='lat' dir='ltr'><strong>colonomm</strong></span> <span class='ocrx_word' id='word_1_244' title='bbox 929 3328 1040 3412; x_wconf 89' lang='lat' dir='ltr'><strong>inopia</strong></span> <span class='ocrx_word' id='word_1_245' title='bbox 1059 3332 1289 3411; x_wconf 90' lang='lat' dir='ltr'><strong>conquerentes</strong></span> <span class='ocrx_word' id='word_1_246' title='bbox 1308 3328 1487 3411; x_wconf 84' lang='lat' dir='ltr'><strong>induxerat,</strong></span> <span class='ocrx_word' id='word_1_247' title='bbox 1511 3348 1622 3391; x_wconf 90' lang='lat' dir='ltr'><strong>eornm</strong></span> 
     </span>
     <span class='ocr_line' id='line_1_27' title="bbox 386 3433 1624 3520; baseline 0.002 -25"><span class='ocrx_word' id='word_1_248' title='bbox 386 3433 564 3498; x_wconf 87' lang='lat' dir='ltr'><strong>orationem</strong></span> <span class='ocrx_word' id='word_1_249' title='bbox 593 3434 720 3520; x_wconf 82' lang='lat' dir='ltr'><strong>egregie</strong></span> <span class='ocrx_word' id='word_1_250' title='bbox 748 3434 903 3498; x_wconf 89' lang='lat' dir='ltr'><strong>decebant</strong></span> <span class='ocrx_word' id='word_1_251' title='bbox 930 3435 1030 3500; x_wconf 85' lang='lat' dir='ltr'><strong>verba</strong></span> <span class='ocrx_word' id='word_1_252' title='bbox 1056 3434 1126 3500; x_wconf 88' lang='lat' dir='ltr'><strong>Hos</strong></span> <span class='ocrx_word' id='word_1_253' title='bbox 1147 3437 1246 3516; x_wconf 68' lang='lat' dir='ltr'><strong>pedis</strong></span> <span class='ocrx_word' id='word_1_254' title='bbox 1271 3436 1386 3512; x_wconf 85' lang='lat' dir='ltr'><strong>necuit,</strong></span> <span class='ocrx_word' id='word_1_255' title='bbox 1408 3454 1491 3516; x_wconf 80' lang='lat' dir='ltr'><strong>pars</strong></span> <span class='ocrx_word' id='word_1_256' title='bbox 1513 3435 1624 3499; x_wconf 83' lang='lat' dir='ltr'><strong>oceidit</strong></span> 
     </span>
     <span class='ocr_line' id='line_1_28' title="bbox 385 3538 1623 3627; baseline 0 -23"><span class='ocrx_word' id='word_1_257' title='bbox 385 3540 444 3604; x_wconf 81' lang='lat' dir='ltr'><strong>ella</strong></span> <span class='ocrx_word' id='word_1_258' title='bbox 473 3539 592 3606; x_wconf 81' lang='lat' dir='ltr'><strong>duellis</strong></span> <span class='ocrx_word' id='word_1_259' title='bbox 640 3538 704 3604; x_wconf 83' lang='lat' dir='ltr'><strong>Sed</strong></span> <span class='ocrx_word' id='word_1_260' title='bbox 725 3561 766 3605; x_wconf 91' lang='lat' dir='ltr'><strong>ne</strong></span> <span class='ocrx_word' id='word_1_261' title='bbox 789 3563 854 3605; x_wconf 91' lang='lat' dir='ltr'><strong>uno</strong></span> <span class='ocrx_word' id='word_1_262' title='bbox 878 3541 975 3606; x_wconf 81' lang='lat' dir='ltr'><strong>allato</strong></span> <span class='ocrx_word' id='word_1_263' title='bbox 1001 3542 1148 3627; x_wconf 87' lang='lat' dir='ltr'><strong>exemplo</strong></span> <span class='ocrx_word' id='word_1_264' title='bbox 1172 3541 1316 3606; x_wconf 88' lang='lat' dir='ltr'><strong>defuncti</strong></span> <span class='ocrx_word' id='word_1_265' title='bbox 1339 3540 1518 3623; x_wconf 83' lang='lat' dir='ltr'><strong>videamur,</strong></span> <span class='ocrx_word' id='word_1_266' title='bbox 1546 3546 1623 3605; x_wconf 89' lang='lat' dir='ltr'><strong>sunt</strong></span> 
     </span>
     <span class='ocr_line' id='line_1_29' title="bbox 385 3641 1622 3739; baseline 0.002 -30"><span class='ocrx_word' id='word_1_267' title='bbox 385 3646 449 3712; x_wconf 87' lang='lat' dir='ltr'><strong>elia</strong></span> <span class='ocrx_word' id='word_1_268' title='bbox 473 3648 507 3711; x_wconf 92' lang='lat' dir='ltr'><strong>in</strong></span> <span class='ocrx_word' id='word_1_269' title='bbox 529 3651 684 3732; x_wconf 91' lang='lat' dir='ltr'><strong>promptu</strong></span> <span class='ocrx_word' id='word_1_270' title='bbox 707 3647 746 3712; x_wconf 88' lang='lat' dir='ltr'><strong>ad</strong></span> <span class='ocrx_word' id='word_1_271' title='bbox 769 3645 853 3712; x_wconf 92' lang='lat' dir='ltr'><strong>hanc</strong></span> <span class='ocrx_word' id='word_1_272' title='bbox 876 3670 944 3712; x_wconf 91' lang='lat' dir='ltr'><strong>rem</strong></span> <span class='ocrx_word' id='word_1_273' title='bbox 969 3670 1065 3732; x_wconf 91' lang='lat' dir='ltr'><strong>quam</strong></span> <span class='ocrx_word' id='word_1_274' title='bbox 1089 3641 1216 3739; x_wconf 84' lang='lat' dir='ltr'><strong>agimus¹</strong></span> <span class='ocrx_word' id='word_1_275' title='bbox 1234 3668 1301 3712; x_wconf 91' lang='lat' dir='ltr'><strong>non</strong></span> <span class='ocrx_word' id='word_1_276' title='bbox 1319 3647 1425 3711; x_wconf 90' lang='lat' dir='ltr'><strong>minus</strong></span> <span class='ocrx_word' id='word_1_277' title='bbox 1444 3667 1622 3712; x_wconf 87' lang='lat' dir='ltr'><strong>accommo-</strong></span> 
     </span>
     <span class='ocr_line' id='line_1_30' title="bbox 386 3753 1623 3840; baseline 0.002 -24"><span class='ocrx_word' id='word_1_278' title='bbox 386 3753 468 3818; x_wconf 86' lang='lat' dir='ltr'><strong>data.</strong></span> <span class='ocrx_word' id='word_1_279' title='bbox 510 3753 586 3819; x_wconf 89' lang='lat' dir='ltr'><strong>Non</strong></span> <span class='ocrx_word' id='word_1_280' title='bbox 609 3754 667 3819; x_wconf 90' lang='lat' dir='ltr'><strong>illa</strong></span> <span class='ocrx_word' id='word_1_281' title='bbox 689 3753 825 3818; x_wconf 89' lang='lat' dir='ltr'><strong>dicimus</strong></span> <span class='ocrx_word' id='word_1_282' title='bbox 849 3775 931 3838; x_wconf 85' lang='lat' dir='ltr'><strong>quae</strong></span> <span class='ocrx_word' id='word_1_283' title='bbox 955 3759 1031 3820; x_wconf 88' lang='lat' dir='ltr'><strong>sunt</strong></span> <span class='ocrx_word' id='word_1_284' title='bbox 1054 3755 1139 3840; x_wconf 87' lang='lat' dir='ltr'><strong>apud</strong></span> <span class='ocrx_word' id='word_1_285' title='bbox 1162 3754 1290 3820; x_wconf 83' lang='lat' dir='ltr'><strong>bivium</strong></span> <span class='ocrx_word' id='word_1_286' title='bbox 1313 3753 1368 3818; x_wconf 90' lang='lat' dir='ltr'><strong>lib.</strong></span> <span class='ocrx_word' id='word_1_287' title='bbox 1388 3771 1428 3818; x_wconf 91' lang='lat'><strong>111</strong></span> <span class='ocrx_word' id='word_1_288' title='bbox 1448 3753 1511 3835; x_wconf 77' lang='lat'><strong>7‚6</strong></span> <span class='ocrx_word' id='word_1_289' title='bbox 1534 3754 1623 3819; x_wconf 83' lang='lat' dir='ltr'><strong>laud</strong></span> 
     </span>
     <span class='ocr_line' id='line_1_31' title="bbox 344 3859 1622 3944; baseline 0.003 -22"><span class='ocrx_word' id='word_1_290' title='bbox 344 3878 372 3920; x_wconf 81' lang='lat' dir='ltr'><strong>se</strong></span> <span class='ocrx_word' id='word_1_291' title='bbox 386 3861 490 3926; x_wconf 83' lang='lat' dir='ltr'><strong>minor</strong></span> <span class='ocrx_word' id='word_1_292' title='bbox 513 3861 633 3926; x_wconf 86' lang='lat' dir='ltr'><strong>Romae</strong></span> <span class='ocrx_word' id='word_1_293' title='bbox 658 3861 696 3943; x_wconf 78' lang='lat' dir='ltr'><strong>fil</strong></span> <span class='ocrx_word' id='word_1_294' title='bbox 722 3859 825 3926; x_wconf 85' lang='lat' dir='ltr'><strong>morbo</strong></span> <span class='ocrx_word' id='word_1_295' title='bbox 852 3866 970 3944; x_wconf 76' lang='lat' dir='ltr'><strong>strapas</strong></span> <span class='ocrx_word' id='word_1_296' title='bbox 996 3883 1092 3943; x_wconf 76' lang='lat' dir='ltr'><strong>quom</strong></span> <span class='ocrx_word' id='word_1_297' title='bbox 1114 3867 1234 3944; x_wconf 81' lang='lat' dir='ltr'><strong>quanta</strong></span> <span class='ocrx_word' id='word_1_298' title='bbox 1254 3862 1338 3943; x_wconf 84' lang='lat' dir='ltr'><strong>ferro</strong></span> <span class='ocrx_word' id='word_1_299' title='bbox 1361 3863 1513 3926; x_wconf 83' lang='lat' dir='ltr'><strong>socierum</strong></span> <span class='ocrx_word' id='word_1_300' title='bbox 1534 3862 1622 3942; x_wconf 86' lang='lat' dir='ltr'><strong>facta</strong></span> 
     </span>
     <span class='ocr_line' id='line_1_32' title="bbox 385 3963 1621 4055; baseline 0.002 -25"><span class='ocrx_word' id='word_1_301' title='bbox 385 3973 453 4031; x_wconf 87' lang='lat' dir='ltr'><strong>erat</strong></span> <span class='ocrx_word' id='word_1_302' title='bbox 475 3963 530 4053; x_wconf 88' lang='lat' dir='ltr'><strong>(cf.</strong></span> <span class='ocrx_word' id='word_1_303' title='bbox 546 3967 576 4051; x_wconf 78' lang='grc' dir='ltr'><strong>λ,</strong></span> <span class='ocrx_word' id='word_1_304' title='bbox 590 3965 635 4055; x_wconf 81' lang='lat'><strong>8),</strong></span> <span class='ocrx_word' id='word_1_305' title='bbox 659 3989 853 4051; x_wconf 88' lang='lat' dir='ltr'><strong>quamquam</strong></span> <span class='ocrx_word' id='word_1_306' title='bbox 877 3989 917 4032; x_wconf 92' lang='lat' dir='ltr'><strong>ne</strong></span> <span class='ocrx_word' id='word_1_307' title='bbox 939 3969 1019 4033; x_wconf 89' lang='lat' dir='ltr'><strong>baec</strong></span> <span class='ocrx_word' id='word_1_308' title='bbox 1043 3968 1172 4051; x_wconf 90' lang='lat' dir='ltr'><strong>quidem</strong></span> <span class='ocrx_word' id='word_1_309' title='bbox 1195 3969 1264 4032; x_wconf 90' lang='lat' dir='ltr'><strong>sine</strong></span> <span class='ocrx_word' id='word_1_310' title='bbox 1288 3968 1424 4033; x_wconf 91' lang='lat' dir='ltr'><strong>consilio</strong></span> <span class='ocrx_word' id='word_1_311' title='bbox 1444 3968 1621 4050; x_wconf 79' lang='lat' dir='ltr'><strong>afferimus5</strong></span> 
     </span>
     <span class='ocr_line' id='line_1_33' title="bbox 385 4071 1621 4157; baseline 0.002 -21"><span class='ocrx_word' id='word_1_312' title='bbox 385 4072 441 4136; x_wconf 89' lang='lat' dir='ltr'><strong>sed</strong></span> <span class='ocrx_word' id='word_1_313' title='bbox 469 4094 551 4156; x_wconf 86' lang='lat' dir='ltr'><strong>quae</strong></span> <span class='ocrx_word' id='word_1_314' title='bbox 578 4072 720 4157; x_wconf 83' lang='lat'><strong>1135,8</strong></span> <span class='ocrx_word' id='word_1_315' title='bbox 748 4074 890 4141; x_wconf 85' lang='lat' dir='ltr'><strong>Marcius</strong></span> <span class='ocrx_word' id='word_1_316' title='bbox 914 4073 1104 4140; x_wconf 80' lang='lat' dir='ltr'><strong>Coriolanus</strong></span> <span class='ocrx_word' id='word_1_317' title='bbox 1132 4079 1165 4139; x_wconf 91' lang='lat' dir='ltr'><strong>et</strong></span> <span class='ocrx_word' id='word_1_318' title='bbox 1192 4071 1303 4139; x_wconf 89' lang='lat' dir='ltr'><strong>Attius</strong></span> <span class='ocrx_word' id='word_1_319' title='bbox 1331 4074 1457 4139; x_wconf 82' lang='lat' dir='ltr'><strong>Tullius</strong></span> <span class='ocrx_word' id='word_1_320' title='bbox 1481 4074 1621 4140; x_wconf 87' lang='lat' dir='ltr'><strong>Volscus</strong></span> 
     </span>
     <span class='ocr_line' id='line_1_34' title="bbox 385 4179 1620 4265; baseline 0.003 -23"><span class='ocrx_word' id='word_1_321' title='bbox 385 4179 472 4244; x_wconf 90' lang='lat' dir='ltr'><strong>inter</strong></span> <span class='ocrx_word' id='word_1_322' title='bbox 505 4201 537 4243; x_wconf 91' lang='lat' dir='ltr'><strong>se</strong></span> <span class='ocrx_word' id='word_1_323' title='bbox 565 4180 738 4265; x_wconf 86' lang='lat' dir='ltr'><strong>agitavisse</strong></span> <span class='ocrx_word' id='word_1_324' title='bbox 766 4181 918 4247; x_wconf 89' lang='lat' dir='ltr'><strong>dicuntur</strong></span> <span class='ocrx_word' id='word_1_325' title='bbox 945 4182 1075 4247; x_wconf 89' lang='lat' dir='ltr'><strong>multis</strong></span> <span class='ocrx_word' id='word_1_326' title='bbox 1105 4201 1214 4264; x_wconf 83' lang='lat' dir='ltr'><strong>saepe</strong></span> <span class='ocrx_word' id='word_1_327' title='bbox 1241 4180 1367 4262; x_wconf 85' lang='lat' dir='ltr'><strong>bellis,</strong></span> <span class='ocrx_word' id='word_1_328' title='bbox 1394 4182 1620 4263; x_wconf 83' lang='lat' dir='ltr'><strong>pestilentia</strong></span> 
     </span>
     <span class='ocr_line' id='line_1_35' title="bbox 379 4287 1620 4372; baseline 0.001 -21"><span class='ocrx_word' id='word_1_329' title='bbox 379 4293 567 4368; x_wconf 85' lang='lat' dir='ltr'><strong>postremo</strong></span> <span class='ocrx_word' id='word_1_330' title='bbox 588 4287 731 4352; x_wconf 88' lang='lat' dir='ltr'><strong>amissa</strong></span> <span class='ocrx_word' id='word_1_331' title='bbox 749 4289 938 4354; x_wconf 82' lang='lat' dir='ltr'><strong>iuventute</strong></span> <span class='ocrx_word' id='word_1_332' title='bbox 954 4290 1071 4370; x_wconf 71' lang='lat' dir='ltr'><strong>frames</strong></span> <span class='ocrx_word' id='word_1_333' title='bbox 1088 4289 1220 4371; x_wconf 79' lang='lat' dir='ltr'><strong>spiritus</strong></span> <span class='ocrx_word' id='word_1_334' title='bbox 1237 4309 1315 4366; x_wconf 85' lang='lat' dir='ltr'><strong>esse;</strong></span> <span class='ocrx_word' id='word_1_335' title='bbox 1334 4295 1401 4354; x_wconf 88' lang='lat' dir='ltr'><strong>arte</strong></span> <span class='ocrx_word' id='word_1_336' title='bbox 1414 4290 1569 4372; x_wconf 73' lang='lat' dir='ltr'><strong>agendum</strong></span> <span class='ocrx_word' id='word_1_337' title='bbox 1583 4291 1620 4352; x_wconf 88' lang='lat' dir='ltr'><strong>iu</strong></span> 
     </span>
     <span class='ocr_line' id='line_1_36' title="bbox 384 4392 1619 4482; baseline 0.002 -25"><span class='ocrx_word' id='word_1_338' title='bbox 384 4393 496 4458; x_wconf 78' lang='lat' dir='ltr'><strong>escleta</strong></span> <span class='ocrx_word' id='word_1_339' title='bbox 510 4395 578 4458; x_wconf 80' lang='lat' dir='ltr'><strong>iarn</strong></span> <span class='ocrx_word' id='word_1_340' title='bbox 590 4398 737 4460; x_wconf 69' lang='lat' dir='ltr'><strong>adunate</strong></span> <span class='ocrx_word' id='word_1_341' title='bbox 749 4395 829 4474; x_wconf 81' lang='lat' dir='ltr'><strong>odio,</strong></span> <span class='ocrx_word' id='word_1_342' title='bbox 841 4402 877 4461; x_wconf 90' lang='lat' dir='ltr'><strong>ut</strong></span> <span class='ocrx_word' id='word_1_343' title='bbox 889 4397 1003 4461; x_wconf 82' lang='lat' dir='ltr'><strong>recenti</strong></span> <span class='ocrx_word' id='word_1_344' title='bbox 1016 4394 1126 4477; x_wconf 78' lang='lat' dir='ltr'><strong>aliqua</strong></span> <span class='ocrx_word' id='word_1_345' title='bbox 1138 4396 1191 4459; x_wconf 88' lang='lat' dir='ltr'><strong>ira</strong></span> <span class='ocrx_word' id='word_1_346' title='bbox 1200 4396 1456 4462; x_wconf 76' lang='lat' dir='ltr'><strong>exacerbarentur</strong></span> <span class='ocrx_word' id='word_1_347' title='bbox 1464 4392 1619 4482; x_wconf 81' lang='lat' dir='ltr'><strong>animi*);</strong></span> 
     </span>
     <span class='ocr_line' id='line_1_37' title="bbox 386 4497 1619 4588; baseline 0.002 -24"><span class='ocrx_word' id='word_1_348' title='bbox 386 4504 442 4565; x_wconf 90' lang='lat' dir='ltr'><strong>aut</strong></span> <span class='ocrx_word' id='word_1_349' title='bbox 475 4521 555 4583; x_wconf 86' lang='lat' dir='ltr'><strong>quae</strong></span> <span class='ocrx_word' id='word_1_350' title='bbox 587 4517 687 4564; x_wconf 86' lang='lat' dir='ltr'><strong>xxvn</strong></span> <span class='ocrx_word' id='word_1_351' title='bbox 715 4500 750 4584; x_wconf 88' lang='lat'><strong>9,</strong></span> <span class='ocrx_word' id='word_1_352' title='bbox 777 4502 797 4565; x_wconf 85' lang='lat'><strong>3</strong></span> <span class='ocrx_word' id='word_1_353' title='bbox 826 4501 867 4588; x_wconf 85' lang='lat' dir='ltr'><strong>(a.</strong></span> <span class='ocrx_word' id='word_1_354' title='bbox 891 4525 920 4566; x_wconf 90' lang='lat' dir='ltr'><strong>u.</strong></span> <span class='ocrx_word' id='word_1_355' title='bbox 945 4497 1025 4587; x_wconf 79' lang='lat'>545)</span> <span class='ocrx_word' id='word_1_356' title='bbox 1054 4525 1073 4566; x_wconf 94' lang='lat' dir='ltr'><strong>a</strong></span> <span class='ocrx_word' id='word_1_357' title='bbox 1098 4501 1257 4566; x_wconf 90' lang='lat' dir='ltr'><strong>militibus</strong></span> <span class='ocrx_word' id='word_1_358' title='bbox 1283 4503 1319 4568; x_wconf 91' lang='lat' dir='ltr'><strong>in</strong></span> <span class='ocrx_word' id='word_1_359' title='bbox 1346 4502 1489 4568; x_wconf 83' lang='lat' dir='ltr'><strong>Siciliam</strong></span> <span class='ocrx_word' id='word_1_360' title='bbox 1516 4507 1619 4568; x_wconf 88' lang='lat' dir='ltr'><strong>trans·</strong></span> 
     </span>
    </p>
   </div>
   <div class='ocr_carea' id='block_1_3' title="bbox 382 4649 1619 4926">
    <p class='ocr_par' dir='ltr' id='par_1_3' title="bbox 382 4649 1619 4926">
     <span class='ocr_line' id='line_1_38' title="bbox 476 4649 1618 4748; baseline 0.001 -19"><span class='ocrx_word' id='word_1_361' title='bbox 476 4676 541 4747; x_wconf 71' lang='lat' dir='ltr'><strong>res)</strong></span> <span class='ocrx_word' id='word_1_362' title='bbox 559 4649 622 4730; x_wconf 70' lang='lat' dir='ltr'><strong>nen</strong></span> <span class='ocrx_word' id='word_1_363' title='bbox 636 4675 777 4733; x_wconf 76' lang='lat' dir='ltr'><strong>inutiliter</strong></span> <span class='ocrx_word' id='word_1_364' title='bbox 791 4676 1031 4748; x_wconf 76' lang='lat' dir='ltr'><strong>comparabuntur</strong></span> <span class='ocrx_word' id='word_1_365' title='bbox 1044 4676 1129 4732; x_wconf 80' lang='lat' dir='ltr'><strong>etiam</strong></span> <span class='ocrx_word' id='word_1_366' title='bbox 1146 4676 1574 4747; x_wconf 67' lang='lat' dir='ltr'><strong>nasequs01³1uurehusnbu</strong></span> <span class='ocrx_word' id='word_1_367' title='bbox 1588 4677 1618 4731; x_wconf 77' lang='lat' dir='ltr'><strong>n</strong></span> 
     </span>
     <span class='ocr_line' id='line_1_39' title="bbox 382 4759 1619 4837; baseline 0 -19"><span class='ocrx_word' id='word_1_368' title='bbox 382 4759 448 4818; x_wconf 50' lang='lat' dir='ltr'><strong>‘vita</strong></span> <span class='ocrx_word' id='word_1_369' title='bbox 459 4760 601 4820; x_wconf 82' lang='lat' dir='ltr'><strong>Coriolani</strong></span> <span class='ocrx_word' id='word_1_370' title='bbox 610 4761 633 4821; x_wconf 86' lang='lat' dir='ltr'><strong>c.</strong></span> <span class='ocrx_word' id='word_1_371' title='bbox 646 4771 714 4832; x_wconf 81' lang='lat'><strong>1³‚2</strong></span> <span class='ocrx_word' id='word_1_372' title='bbox 730 4760 789 4821; x_wconf 78' lang='grc' dir='ltr'><strong>εἶτα</strong></span> <span class='ocrx_word' id='word_1_373' title='bbox 804 4763 895 4834; x_wconf 74' lang='grc' dir='ltr'><strong><em>ὥσπερ</em></strong></span> <span class='ocrx_word' id='word_1_374' title='bbox 911 4767 962 4820; x_wconf 77' lang='grc' dir='ltr'><strong>οὐκ</strong></span> <span class='ocrx_word' id='word_1_375' title='bbox 976 4765 1170 4835; x_wconf 67' lang='lat' dir='ltr'><strong>&amp;succutaneus</strong></span> <span class='ocrx_word' id='word_1_376' title='bbox 1181 4767 1248 4829; x_wconf 74' lang='grc' dir='ltr'><strong><em>τοὺς</em></strong></span> <span class='ocrx_word' id='word_1_377' title='bbox 1257 4763 1308 4837; x_wconf 70' lang='grc' dir='ltr'><strong>μὲν</strong></span> <span class='ocrx_word' id='word_1_378' title='bbox 1317 4766 1372 4821; x_wconf 77' lang='grc' dir='ltr'><strong>ὑπὸ</strong></span> <span class='ocrx_word' id='word_1_379' title='bbox 1383 4770 1463 4835; x_wconf 84' lang='grc' dir='ltr'><strong><em>λιμοῦ</em></strong></span> <span class='ocrx_word' id='word_1_380' title='bbox 1474 4767 1619 4822; x_wconf 73' lang='grc' dir='ltr'><em>διολλύναι</em></span> 
     </span>
     <span class='ocr_line' id='line_1_40' title="bbox 383 4851 1618 4926; baseline 0 -19"><span class='ocrx_word' id='word_1_381' title='bbox 383 4863 439 4909; x_wconf 82' lang='grc' dir='ltr'><strong>τῶν</strong></span> <span class='ocrx_word' id='word_1_382' title='bbox 460 4857 581 4910; x_wconf 78' lang='grc' dir='ltr'><strong><em>πολιτῶν</em></strong></span> <span class='ocrx_word' id='word_1_383' title='bbox 599 4855 665 4917; x_wconf 75' lang='grc' dir='ltr'><strong><em>’τοὺς</em></strong></span> <span class='ocrx_word' id='word_1_384' title='bbox 684 4851 714 4910; x_wconf 75' lang='lat' dir='ltr'><strong>si</strong></span> <span class='ocrx_word' id='word_1_385' title='bbox 734 4857 819 4926; x_wconf 78' lang='grc' dir='ltr'><strong><em>λοιμῷ</em></strong></span> <span class='ocrx_word' id='word_1_386' title='bbox 838 4854 1031 4926; x_wconf 69' lang='grc' dir='ltr'><strong>προσβάλλειν,</strong></span> <span class='ocrx_word' id='word_1_387' title='bbox 1050 4855 1090 4910; x_wconf 76' lang='grc' dir='ltr'><strong>ἔτι</strong></span> <span class='ocrx_word' id='word_1_388' title='bbox 1105 4856 1154 4910; x_wconf 83' lang='lat' dir='ltr'><strong>nal</strong></span> <span class='ocrx_word' id='word_1_389' title='bbox 1167 4853 1289 4926; x_wconf 78' lang='grc' dir='ltr'><strong><em>πόλεμον</em></strong></span> <span class='ocrx_word' id='word_1_390' title='bbox 1303 4853 1476 4923; x_wconf 73' lang='grc' dir='ltr'><strong><em>αὐθαίρετον</em></strong></span> <span class='ocrx_word' id='word_1_391' title='bbox 1491 4855 1618 4926; x_wconf 66' lang='grc' dir='ltr'><strong>ἐπάγειν.</strong></span> 
     </span>
    </p>
   </div>
   <div class='ocr_carea' id='block_1_4' title="bbox 0 0 1988 5725">
    <p class='ocr_par' dir='ltr' id='par_1_4' title="bbox 0 0 1988 5725">
     <span class='ocr_line' id='line_1_41' title="bbox 0 0 1988 5725; baseline 0 2"><span class='ocrx_word' id='word_1_392' title='bbox 0 0 1988 5725; x_wconf 95' lang='lat' dir='ltr'><strong> </strong></span> 
     </span>
    </p>
   </div>
  </div>
 </body>
</html>
