3967 5725
419 1578 580 1651 XXXVI.
608 1576 761 1649 INDEX
789 1576 1070 1650 LEO'HONUM
1098 1576 1427 1650 HIBERNARUM
1457 1574 1618 1676 1812193.

490 1752 659 1817 Lectiones
691 1751 887 1816 academicus
919 1752 1078 1836 proximis
1107 1752 1272 1815 mensibus
1298 1751 1444 1817 hibernis
1471 1752 1673 1819 habandans

401 1882 475 1925 cum
497 1860 679 1941 indicimus,
701 1881 742 1923 ne
766 1860 848 1924 desit
872 1880 908 1923 ea
932 1881 1028 1943 quam
1051 1858 1214 1942 praemitti
1237 1859 1337 1923 moris
1361 1864 1410 1924 est
1432 1860 1577 1944 prolusio
1597 1884 1636 1925 ax

399 1966 518 2031 litteris
536 1967 639 2051 petita
657 1967 735 2031 olim
755 1966 981 2031 communibus
1000 1987 1087 2029 nunc
1104 1986 1280 2049 paucorum
1299 1968 1405 2051 gratia
1423 1988 1517 2054 aegre
1532 1968 1636 2032 suble-

399 2074 492 2156 vatis,
516 2072 553 2150 Q.
568 2072 667 2137 Ennii
691 2095 800 2137 versus
823 2073 1000 2137 nonnullos
1019 2073 1197 2157 singulares
1217 2073 1395 2157 disceptare
1414 2074 1573 2157 volumus,
1596 2098 1635 2139 ex

399 2181 569 2245 annalibus
598 2181 672 2244 illos
701 2180 829 2265 quidem
858 2180 1012 2244 oriundos
1036 2179 1089 2243 sed
1114 2179 1153 2243 de
1176 2201 1313 2263 quorum
1335 2181 1410 2245 sede
1434 2204 1531 2265 quam
1554 2163 1636 2247 obti'-

398 2289 528 2352 ruerint
553 2288 586 2351 in
609 2287 701 2352 libris
726 2288 888 2351 annalium
911 2286 995 2351 nihil
1013 2290 1214 2371 compertum
1233 2292 1282 2352 est
1300 2288 1505 2353 testimoniis.
1541 2286 1635 2353 Iurat

399 2395 485 2459 enim
500 2394 676 2479 periclitari
690 2394 848 2477 numquid
861 2395 945 2459 forte
960 2393 1056 2457 etiam
1071 2394 1106 2457 in
1119 2393 1216 2459 huius
1226 2394 1314 2457 modi
1323 2395 1471 2460 versibus
1482 2397 1635 2481 cognosci

398 2504 503 2585 possit
523 2502 562 2565 de
581 2502 749 2566 occasione
769 2523 832 2583 qua
851 2502 884 2564 in
900 2500 999 2564 Ennii
1015 2500 1154 2564 carmine
1168 2500 1245 2564 elati
1258 2501 1387 2565 fuerint.
1426 2500 1518 2578 Quod
1533 2524 1634 2589 genus

358 2634 384 2673 ro
400 2609 574 2673 disserendi
601 2630 667 2672 non
697 2611 883 2693 ignoramus
907 2611 1021 2692 suapte
1044 2611 1159 2671 natura
1181 2607 1341 2672 lubricum
1365 2631 1434 2673 esse
1458 2613 1489 2673 et
1512 2611 1547 2673 in
1570 2632 1634 2693 quo

398 2716 525 2800 saepius
551 2736 680 2800 operam
702 2715 794 2779 ludas
819 2737 915 2799 quam
935 2714 1016 2779 certi
1035 2715 1206 2798 quicquam
1225 2716 1448 2781 ratiocinando
1468 2717 1634 2781 efficiatur.

396 2821 511 2907 Neque
535 2826 644 2887 tamen
666 2821 884 2907 praetermitti
908 2821 1039 2888 omnino
1063 2821 1131 2886 sine
1155 2821 1346 2888 detrimento
1369 2826 1487 2908 potest,
1510 2823 1536 2888 si
1561 2825 1634 2909 quis

397 2932 493 2994 etiam
527 2929 653 2995 disiecti
686 2931 828 2994 membra
855 2934 969 3015 poetae
998 2951 1110 2994 curare
1138 2933 1170 2994 et
1198 2930 1389 2994 concinnare
1418 2931 1559 2995 animum
1587 2934 1634 2996 in-

397 3037 505 3102 ducat:
533 3037 594 3100 nisi
620 3037 707 3121 quod
730 3059 794 3121 quo
819 3039 923 3123 magis
946 3037 1139 3119 impeditum
1163 3040 1212 3099 est
1237 3037 1298 3101 iter
1321 3038 1407 3121 quod
1431 3059 1561 3102 necesse
1584 3044 1633 3103 est

398 3146 568 3208 insistatur
596 3166 634 3208 10
662 3144 781 3208 maiore
806 3144 953 3208 cautione
976 3144 1132 3207 utendum
1155 3165 1194 3207 ne
1218 3165 1372 3230 vagemur
1395 3149 1427 3209 et
1449 3148 1541 3210 vanis
1565 3146 1634 3230 opi·

396 3252 549 3316 nionibus
584 3253 747 3335 rapiamur
797 3249 841 3313 Et
868 3272 1110 3333 nonnumquam
1134 3252 1186 3314 vel
1208 3251 1287 3314 illud
1310 3251 1459 3316 nonnihil
1481 3253 1633 3317 utilitatis

397 3357 498 3422 habet
527 3357 720 3444 intelligere,
748 3379 814 3422 101
844 3379 926 3440 quae
953 3357 1074 3420 fuerint
1097 3357 1152 3420 sed
1175 3380 1256 3442 quae
1279 3358 1350 3421 fieri
1373 3359 1546 3441 potuerint.
1588 3360 1634 3426 Ut

381 3469 507 3534 ,1111111
536 3466 570 3530 in
597 3465 659 3529 hcc
683 3468 874 3549 argumento
899 3463 1119 3549 ambiguitatis
1143 3465 1239 3548 pleno
1262 3464 1444 3547 probabilia
1467 3470 1633 3550 sectemur,

398 3572 581 3636 asciscenda
607 3571 735 3654 quidem
760 3573 835 3634 sunt
859 3571 954 3635 etiam
979 3570 1106 3634 aliunde
1130 3572 1157 3634 si
1181 3593 1245 3655 qua
1268 3571 1511 3636 similitudinem
1534 3595 1632 3656 quan-

356 3703 383 3744 10
400 3678 472 3742 dam
492 3701 566 3744 cum
585 3679 730 3742 versibus
750 3677 846 3741 Ennii
866 3698 943 3761 prae
962 3699 996 3740 se
1010 3677 1093 3742 ferre
1107 3678 1286 3759 rideantur,
1305 3678 1361 3741 sed
1375 3678 1522 3762 inprimis
1537 3702 1634 3764 quam

398 3787 635 3849 accuratissime
663 3785 734 3869 ipsa
758 3783 924 3849 Ennianus
953 3785 1108 3848 orationis
1136 3785 1240 3849 forma
1268 3785 1475 3869 expendenda
1503 3790 1566 3870 est,
1594 3809 1633 3850 111

399 3915 436 3956 11
459 3896 495 3955 ut
519 3893 546 3956 si
571 3891 654 3956 forte
679 3913 881 3978 auguramur,
905 3913 968 3975 quo
992 3892 1059 3955 fere
1082 3897 1193 3956 tenore
1212 3914 1322 3955 versus
1342 3891 1376 3956 in
1395 3894 1548 3958 continuo
1567 3915 1633 3958 car·

398 3999 483 4063 mine
503 3998 615 4063 haberi
634 3999 812 4082 potuerint:
832 3999 866 4062 in
886 4021 949 4082 qua
963 4021 997 4062 re
1012 3999 1068 4081 qui
1081 4020 1186 4082 nuper
1199 4003 1232 4062 et
1246 3999 1302 4082 qui
1316 4000 1394 4063 olim
1409 3999 1630 4065 Ennianorum

398 4106 575 4169 carminum
606 4105 751 4188 reliquiis
775 4105 964 4191 colligendis
988 4109 1021 4168 et
1044 4105 1242 4189 explicandis
1266 4127 1375 4169 curam
1399 4106 1632 4191 impendenmt,

395 4234 461 4277 non
491 4213 535 4274 ita
563 4233 635 4276 raro
664 4234 683 4275 a
714 4233 789 4275 vera
817 4215 942 4277 ratione
971 4212 1158 4276 aberrarunt
1186 4234 1260 4276 cum
1287 4235 1340 4277 eas
1364 4234 1432 4277 esse
1456 4214 1631 4278 sententias

395 4323 509 4402 poetae
537 4318 650 4382 volunt
679 4339 760 4402 quae
789 4337 861 4383 cum
884 4318 991 4382 verbis
1016 4319 1084 4383 eius
1108 4319 1271 4384 conciliari
1294 4341 1360 4384 non
1382 4323 1528 4404 possunt.
1569 4319 1632 4384 lta·

396 4447 457 4508 que
484 4425 568 4488 redit
594 4425 674 4490 haec
703 4446 801 4509 opera
828 4427 965 4489 maxime
993 4425 1034 4488 ad
1060 4426 1294 4508 interpretandi
1320 4427 1501 4513 negotium,
1530 4432 1561 4491 et
1591 4427 1632 4491 ad

394 4532 649 4616 interpretandos
673 4532 801 4615 quidem
827 4530 887 4594 hos
910 4553 1021 4595 versus
1045 4553 1127 4615 quos
1149 4536 1324 4596 tractamus
1343 4532 1467 4616 aliquid
1485 4535 1631 4599 conferre

394 4637 489 4703 nobis
512 4639 667 4721 ridemur,
690 4638 816 4702 etiamsi
838 4637 975 4702 fortasse
999 4659 1066 4701 non
1089 4639 1261 4724 contigerit
1284 4643 1321 4703 ut
1340 4661 1450 4704 eorum
1469 4640 1576 4704 locum
1597 4644 1630 4704 et

354 4771 381 4812 ao
396 4745 594 4811 occasionem
619 4747 736 4809 certius
760 4744 972 4808 definiremus.

482 4853 510 4916 1.
542 4849 720 4935 incipimus
744 4873 763 4914 a
785 4871 881 4914 versu
905 4847 1000 4937 (559)
