3967 5725
699 583 750 633 DE
769 581 1032 632 ARISTOPHANIS
1050 581 1254 644 EQUITIBUS.
1526 582 1590 645 277

323 753 341 807 8
359 745 508 809 bitamus.
545 743 622 809 Non
644 765 704 808 nos
728 743 813 829 fugit
830 741 1081 826 Aristophanem
1100 745 1231 808 nonita
1249 766 1322 808 raro
1339 746 1438 829 paulo
1457 745 1592 810 liberius

184 858 190 865 ‘
358 852 455 918 verba
481 852 516 916 in
543 873 639 916 versu
666 851 853 934 collocasse,
882 871 963 933 quae
990 869 1041 913 res
1069 851 1124 914 hic
1150 849 1219 914 illic
1246 850 1436 917 emendandi
1459 853 1594 937 cupidos

357 959 505 1024 irretivit.
541 957 663 1023 Verum
694 978 781 1022 nuno
813 957 911 1020 verba
943 956 1088 1033 πλεύσας
1121 956 1226 1022 ἐκεῖσε
1258 960 1305 1023 ita
1336 960 1443 1024 media
1472 959 1507 1024 in
1534 960 1595 1025 hac

357 1066 459 1129 altera
482 1066 628 1129 oratione
649 1065 756 1148 posita
779 1067 877 1149 sunt,
893 1072 930 1128 ut
952 1064 992 1127 ab
1018 1085 1054 1127 ea
1078 1065 1204 1150 seiungi
1227 1087 1267 1129 ne
1290 1067 1323 1129 vi
1347 1066 1476 1150 quidem
1498 1089 1594 1152 posse

357 1172 540 1236 videantur:
567 1173 647 1247 τοὺς
673 1170 709 1236 ἐκ
733 1172 853 1236 Πύλου
876 1171 1021 1247 πλεύσας
1045 1169 1149 1236 ἐκεῖσε
1171 1173 1435 1249 τοὺςἉιίκωνας
1457 1175 1593 1257 ἤγαγον.

359 1277 452 1354 Quod
476 1279 504 1342 si
527 1277 573 1343 ita
596 1282 654 1364 est,
676 1278 881 1364 intelligitur,
903 1299 969 1342 non
988 1277 1066 1342 satis
1086 1281 1159 1362 apte
1178 1278 1219 1342 iis
1238 1280 1410 1364 separatim
1429 1281 1595 1364 praemitti

358 1384 456 1449 verba
474 1387 534 1450 τὸν
553 1385 740 1469 στρατηγὸν
757 1384 974 1469 ὑποδραμὼν,
993 1385 1019 1448 si
1042 1384 1170 1469 quidem
1191 1385 1270 1451 haec
1288 1385 1328 1450 ad
1341 1385 1593 1452 Demosthenem

358 1491 471 1556 referri
500 1512 582 1576 opus
610 1497 683 1557 est·
704 1489 818 1574 Itaque
845 1490 1049 1556 redeundum¹
1071 1496 1120 1556 est
1147 1493 1187 1556 ad
1216 1492 1408 1576 scripturam
1435 1493 1593 1558 librorum

359 1599 423 1663 fide
455 1602 619 1683 acceptam
651 1610 720 1663 τῶν
752 1609 946 1685 στρατηγῶν
977 1597 1244 1683 ὑποδραμόντων
1276 1599 1311 1664 ἐκ
1344 1602 1479 1684 Πύλου,
1512 1622 1594 1684 quae

358 1705 486 1770 facilem
514 1707 715 1790 explicatum
748 1705 876 1769 habent.
922 1704 972 1769 Ea
1004 1707 1090 1770 enim
1121 1728 1188 1770 non
1219 1711 1358 1790 possunt
1384 1707 1448 1772 nisi
1475 1707 1515 1772 ad
1543 1729 1593 1772 res
1609 1730 1634 1770 ro

358 1817 465 1898 gestas
502 1811 639 1877 Athenis
677 1817 751 1876 ante
786 1812 1019 1895 profectionem
1054 1811 1182 1878 Cleonis
1219 1816 1253 1876 et
1288 1814 1329 1878 ad
1366 1814 1593 1879 contumeliam

357 1918 470 1984 Niciae
499 1922 534 1984 in
561 1920 711 1984 contione
737 1919 778 1982 ab
802 1940 839 1982 eo
862 1919 982 1984 factem
1004 1919 1117 1984 redire.
1156 1918 1244 1994 Quae
1268 1942 1341 1986 oum
1365 1943 1384 1984 a
1407 1920 1595 2004 Thucydide

357 2029 404 2091 ita
426 2027 604 2109 tradantur,
627 2029 665 2090 ut
689 2024 840 2090 Cleonem
864 2025 1023 2090 dicentem
1047 2025 1144 2092 faciat
1168 2025 1387 2114 (1v27),ucl
1412 2027 1445 2104 ἐς
1467 2031 1594 2092 Νικίαν

360 2135 418 2199 τὸν
442 2134 636 2218 Νικηράτου
660 2133 848 2217 στρατηγὸν
871 2134 952 2198 ὄντα
975 2131 1211 2216 ἀπεσήμαινεν,
1235 2132 1357 2220 ἐχθρὸς
1381 2135 1429 2201 ὢν
1451 2135 1506 2199 καὶ
1525 2133 1593 2200 ἐπι-

358 2251 476 2324 τιμῶν,
495 2236 614 2326 ῥᾴδιον
633 2232 718 2305 εἶναι
737 2250 940 2325 παρασκευῇ,
960 2242 989 2305 εἰ
1008 2242 1129 2324 ἄνδρες
1147 2232 1215 2304 εἷεν
1235 2242 1266 2305 ol
1287 2243 1476 2327 στρατηγοί,
1494 2242 1594 2306 πλεύ-

358 2365 480 2424 σαντας
499 2350 613 2430 λαβεῖν
632 2349 709 2422 τοὺς
730 2345 767 2412 ἐν
785 2356 824 2431 τῇ
843 2348 944 2434 νήσῳ,
966 2345 1022 2411 καὶ
1042 2348 1142 2424 αὑτός
1160 2347 1197 2431 γ’
1213 2349 1266 2430 ύν,
1286 2350 1315 2413 εί
1328 2343 1438 2434 ἦρχεν,
1457 2357 1594 2431 ποιησαι

357 2462 456 2519 τοῦτο
479 2458 511 2517 et
533 2452 631 2537 paulo
655 2457 731 2538 post
752 2453 849 2518 addat
867 2449 969 2531 αὖθις
989 2450 1026 2518 ὑὲ
1045 2453 1062 2519 ὁ
1082 2457 1205 2533 Νικίας
1223 2453 1353 2520 ἐκέλευε
1371 2456 1426 2520 καὶ
1445 2452 1593 2532 ἐξίστατο

358 2570 415 2644 της
438 2558 492 2626 ἐπὶ
516 2561 621 2648 Πύλῳ
644 2560 756 2644 ἀρχῆς,
781 2561 858 2624 satis
882 2564 1017 2645 apparet
1040 2583 1104 2644 quo
1129 2561 1198 2627 iure
1217 2560 1317 2626 Cleon
1335 2560 1593 2646 Aristophaneus

358 2667 462 2732 dicere
484 2669 629 2750 potuerit
650 2669 853 2754 praetoribus
877 2668 995 2752 aPylo
1020 2668 1331 2754 subterfugientibus
1355 2691 1389 2734 se
1411 2668 1489 2734 illuc
1507 2670 1595 2732 navi-

357 2795 450 2862 gasse
474 2779 508 2838 et
525 2773 669 2839 Laconas
692 2775 871 2839 adduxisse.
910 2773 999 2850 Quae
1022 2774 1062 2838 eb
1081 2773 1309 2861 Aristophanis
1329 2771 1436 2840 meiito
1455 2797 1522 2839 non
1540 2774 1593 2839 ab·
1608 2814 1634 2854 m

357 2882 487 2948 horrere
510 2882 630 2947 indicio
654 2884 721 2947 sint
743 2904 824 2966 qnae
848 2881 949 2947 Cleon
970 2905 999 2947 v.
1020 2882 1086 2947 355
1110 2884 1188 2947 dicit
1211 2884 1302 2960 ὅστις
1325 2884 1430 2961 εύθὺς
1449 2884 1593 2948 θύννεια

358 2991 467 3074 θερμὰ
494 2991 710 3073 καταφαγών,
737 2984 809 3054 κᾶτ’
840 2988 982 3055 ἐπιπιὼν
1010 2989 1155 3073 ἀκράτου
1184 2991 1280 3055 οἴνου
1313 2999 1373 3073 χοᾶ
1396 2991 1593 3072 κασαλβάσω

357 3099 436 3173 τοὺς
459 3094 496 3161 ἐν
516 3098 620 3184 Πύλῳ
644 3098 849 3182 στρατηγούς
861 3096 940 3160 coll.
959 3120 988 3161 v.
1008 3096 1083 3161 358.
1119 3096 1345 3181 Allantopoles
1366 3100 1482 3189 autem,
1506 3096 1593 3179 quod

357 3204 453 3268 istam
476 3204 683 3269 iactationem
708 3201 837 3268 Cleonis
860 3204 912 3267 his
935 3204 1042 3269 verbis
1065 3204 1207 3270 ludibrio
1231 3205 1329 3289 habet

573 3310 637 3394 ἐγὼ
661 3307 699 3374 dt
722 3322 913 3394 repenarde
936 3309 966 3393 μ’
995 3309 1049 3374 ἀπ’
1077 3310 1297 3395 ἐργαστηρίου

571 3416 710 3494 ἕψοντος
734 3416 848 3501 ἑτέρου
872 3419 934 3502 την
956 3418 1083 3502 χύτραν
1106 3418 1307 3502 ὑφειλόμην,

358 3545 424 3588 non
447 3528 496 3589 est
519 3524 606 3607 quod
629 3525 849 3608 vituperemus
870 3523 986 3588 autad
1005 3544 1117 3588 eorum
1136 3546 1282 3589 normam
1303 3526 1468 3610 superiora
1487 3525 1594 3611 eriga-

357 3653 442 3696 mus:
465 3631 619 3695 nimirum
642 3630 698 3695 ille
720 3653 787 3695 non
810 3632 872 3695 hoc
896 3632 976 3715 egit,
1002 3652 1065 3715 quo
1089 3630 1172 3694 nihil
1196 3653 1277 3715 opus
1301 3636 1382 3715 eret,
1405 3637 1442 3696 ut
1466 3632 1594 3719 singula

358 3737 495 3823 singulis
526 3737 772 3822 responderent,
804 3738 860 3802 sed
891 3738 1041 3802 universe
1073 3736 1202 3803 Cleonis
1235 3738 1364 3822 facinus
1391 3738 1592 3804 luculentum

358 3846 452 3926 quale
478 3846 577 3909 fuerit
605 3846 746 3909 ostendit
774 3844 927 3909 collatum
959 3867 1032 3910 oum
1061 3866 1098 3909 eo
1128 3846 1184 3929 qui
1205 3843 1290 3909 nihil
1314 3867 1411 3931 agens
1436 3849 1594 3929 coquente
1607 3883 1634 3923 ³0

357 3952 458 4015 altero
487 3952 585 4017 ollam
611 3952 641 4016 ei
665 3952 835 4036 subripuit.
874 3950 979 4027 Quare
1002 3950 1165 4016 Kookium
1189 3952 1376 4036 probmnus,
1406 3954 1462 4036 qui
1486 3974 1595 4036 quam-

356 4080 454 4140 quam
477 4060 512 4123 in
535 4059 667 4123 eandem
691 4081 764 4122 cnm
788 4056 931 4143 Sauppio
956 4060 1175 4142 opinationem
1199 4059 1368 4142 inciderat,
1391 4063 1499 4123 tamen
1522 4082 1593 4123 eam

356 4170 547 4249 aspernatus
571 4165 706 4250 propius
730 4188 749 4229 a
769 4165 927 4229 librorum
946 4166 1107 4249 scriptura
1125 4165 1226 4230 edidit
1245 4166 1295 4230 ὅτι
1314 4176 1382 4231 τῶν
1400 4173 1594 4251 στρατηγῶν

354 4258 615 4356 ὑποτρεμύντων
642 4272 678 4337 ἐκ
702 4274 838 4357 Πύλου,
865 4272 929 4336 nisi
952 4273 1040 4355 quod
1064 4277 1096 4335 et
1119 4272 1157 4337 de
1180 4272 1269 4336 verbi
1292 4272 1397 4337 forma
1421 4274 1460 4337 ab
1485 4294 1522 4337 eo
1547 4294 1594 4335 re-

355 4378 474 4443 stituta
501 4379 661 4443 dubitatio
688 4380 799 4444 haeret
824 4383 856 4443 et
879 4379 917 4443 de
940 4379 1122 4443 rationibus
1147 4380 1265 4463 quibus
1288 4379 1377 4444 illam
1401 4380 1593 4464 scripturam

353 4486 547 4551 confirmare
571 4486 702 4551 studuit.
787 4537 789 4540 -

421 4610 472 4656 ·Π
506 4592 630 4659 Chorus
658 4594 805 4678 equitum
837 4599 1050 4680 posteaquam
1081 4616 1174 4657 suum
1206 4592 1288 4658 illud
1317 4603 1393 4659 παῖε
1424 4606 1501 4659 παῖε
1533 4596 1592 4683 τὸν

313 4707 552 4784 ρπανοῦργον
584 4705 651 4765 κτλ.
684 4697 824 4787 (247)*)
857 4700 1008 4765 incedens
1041 4701 1200 4783 recitavit,
1239 4703 1271 4764 et
1304 4699 1471 4787 Paphlago
1504 4705 1592 4765 metu

446 4837 509 4911 ‘38)
529 4839 609 4905 Quod
629 4839 699 4893 dicit
717 4842 790 4910 (249)
