3967 5725
631 625 681 675 DE
699 625 857 676 DRLICIIS
877 625 1072 677 ORATIONlS
1092 624 1354 678 CATULLIANAE.
1544 623 1608 688 231

378 784 545 869 Zephyrus
572 786 657 852 veris
683 788 819 851 nuntius
847 792 911 870 est,
937 790 995 852 aut
1022 787 1204 872 utriusque,
1231 791 1269 851 ut
1291 787 1378 870 apud
1401 785 1553 854 Senecam
1576 785 1611 852 in

377 890 517 957 Hercule
540 891 660 958 Oetaeo
686 893 750 957 730
1283 959 1286 966 Δ

590 1002 679 1066 aives
699 1007 734 1066 ut
756 1001 866 1066 Emtae
887 1000 978 1066 soluit
999 1006 1057 1066 cat
1077 1002 1200 1083 tepidus
1223 999 1337 1080 Notas,

591 1127 671 1188 qaus
692 1127 760 1172 cere
775 1109 884 1189 priam
906 1108 1030 1174 baidus
1045 1108 1154 1190 perdit
1176 1108 1314 1187 Mimos,

376 1212 435 1278 ubi
457 1214 593 1279 alterum
617 1217 649 1279 et
672 1214 803 1279 tertium
825 1215 1009 1298 insequitur
1033 1215 1146 1298 simile,
1170 1214 1307 1299 denique
1330 1214 1534 1284 concluditur

592 1323 639 1386 sic
659 1321 785 1404 laapaet
805 1342 895 1386 emere
912 1321 1016 1388 cellas.
1558 1357 1560 1364 ν
1595 1359 1597 1364 -

377 1427 475 1513 Apud
490 1426 724 1494 Callimachum
743 1428 831 1512 quod
849 1431 1098 1494 commemorato
1113 1427 1264 1498 Mimanti
1281 1429 1385 1494 monti
1402 1429 1485 1494 nihil
1500 1447 1611 1500 eorum

378 1535 538 1600 adiectum
566 1539 628 1620 est,
655 1534 835 1601 Meinekius
863 1535 904 1599 ad
930 1535 1011 1601 haec
1034 1536 1078 1612 ὡς
1100 1535 1138 1602 δὲ
1161 1537 1312 1620 Miaccum
1335 1536 1419 1620 χιών
1445 1557 1486 1601 ex
1513 1536 1612 1600 altera

378 1645 470 1726 parte
493 1642 607 1707 ascisci
630 1642 744 1726 voluit,
767 1643 854 1725 quod
874 1641 986 1708 abesse
1004 1663 1071 1708 non
1088 1646 1214 1728 posset,
1237 1643 1294 1708 sed
1311 1664 1352 1708 ne
1372 1642 1523 1724 dicamus,
1546 1664 1613 1706 non

377 1753 463 1814 recte
490 1749 553 1813 isto
582 1749 711 1813 vinculo
738 1750 832 1836 iungi
857 1748 937 1816 haec
963 1749 1082 1815 similia
1109 1750 1186 1832 duo,
1214 1771 1295 1833 qnae
1319 1754 1465 1834 separata
1488 1770 1557 1815 esse
1580 1753 1612 1814 et
1628 1774 1653 1816 ιο

378 1855 555 1941 separanda
583 1857 741 1921 sententia
767 1856 863 1922 fidem
890 1857 969 1922 facit
996 1856 1046 1944 (at
1066 1859 1125 1924 nia
1146 1858 1182 1922 ia
1205 1863 1318 1936 mate,
1344 1863 1472 1922 at'aera
1494 1858 1530 1921 in
1551 1856 1614 1922 sole

378 1961 539 2049 haimai),
561 1984 628 2029 non
647 1963 820 2028 desiderari
838 1962 946 2049 qualia
963 1962 1144 2029 Meinelxius
1163 1963 1376 2049 exspectabat,
1399 1985 1465 2028 non
1483 1962 1613 2046 quidem

379 2068 539 2155 Odysseae
566 2071 727 2155 exemplo,
755 2071 843 2154 quod
866 2068 1079 2137 Schneiderus
1107 2069 1269 2154 adhibuit,
1296 2070 1352 2135 sed
1375 2071 1427 2134 vel
1449 2068 1612 2136 Theocriti

379 2179 523 2243 versibus
546 2178 702 2263 probatur
725 2178 782 2262 qui
805 2182 882 2242 sunt
903 2179 938 2242 in
960 2177 1074 2261 idyllia
1098 2195 1148 2242 vu
1168 2177 1210 2241 76

539 2281 613 2351 εὖτε
635 2285 719 2370 χιὼν
742 2285 1073 2362 &sargumentum
1096 2285 1225 2369 μακρὸν
1248 2282 1307 2369 ὑφ’
1335 2275 1446 2368 Αἷμον

538 2390 667 2476 strom
690 2390 891 2476 ἢῬσδόπαν
913 2390 933 2475 ἢ
958 2391 1139 2458 Καύκασον
1161 2390 1375 2477 ἐσχατόωντα.

379 2498 442 2564 Sed
456 2498 637 2564 Meinekins
656 2500 690 2563 in
705 2496 894 2564 Callimachi
912 2520 1006 2563 versu
1025 2499 1122 2564 etiam
1141 2504 1268 2584 μᾶλλον
1286 2499 1365 2583 poni
1383 2498 1499 2564 maluit
1515 2519 1611 2584 quam

378 2611 499 2691 μεῖζον,
522 2627 604 2690 quae
626 2605 737 2671 eadem
757 2605 871 2672 Cobeti
894 2606 1052 2671 sententia
1075 2606 1139 2671 fuit
1157 2604 1372 2693 (Mnemosyn.
1390 2628 1422 2670 n.
1441 2628 1464 2671 s.
1483 2623 1507 2668 x
1522 2603 1611 2691 395).

379 2713 440 2791 Qui
467 2716 617 2779 neutrum
645 2712 807 2798 probavit,
835 2711 1062 2799 SchneideruS,
1090 2735 1163 2781 cum
1192 2713 1316 2784 ederet
1325 2711 1380 2779 καὶ
1405 2713 1535 2779 τούτων
1558 2711 1611 2777 ἐπὶ

378 2832 507 2908 μᾶσσον
528 2821 559 2887 h.
579 2843 604 2886 e.
628 2819 750 2886 diutius
772 2818 855 2907 (sive
873 2819 1017 2908 lentius),
1040 2824 1142 2887 totam
1160 2842 1228 2887 rem
1247 2821 1416 2907 pervertit3
1440 2820 1496 2905 qui
1514 2821 1612 2886 etiam
1626 2843 1653 2887 sc

312 2954 327 2977 κ
378 2932 413 2994 in
435 2928 590 3015 proximis
613 2928 732 2993 mirum
755 2929 789 2994 in
812 2929 944 2994 modum
962 2928 1115 2995 aberrans
1134 2927 1333 2994 emendando
1351 2932 1465 3014 poetae
1484 2950 1613 2993 sensum

378 3036 563 3103 obscuravit
590 3041 623 3101 et
648 3037 802 3120 corrupit
839 3034 902 3101 Sed
925 3035 1006 3101 hacc
1034 3040 1071 3100 ut
1099 3037 1278 3118 mittamus,
1305 3035 1362 3101 illa
1390 3036 1446 3119 qui
1473 3056 1539 3099 non
1563 3057 1612 3100 oc-

379 3148 496 3230 cupata
522 3148 629 3209 mente
656 3144 831 3227 examinat,
864 3164 930 3208 non
955 3147 1064 3227 potest
1090 3165 1158 3208 non
1184 3163 1390 3230 cognoscere,
1417 3142 1481 3208 hoc
1508 3142 1612 3207 dicere

380 3249 611 3317 Callimachum
636 3250 873 3335 ‘Erysichthon
899 3254 937 3315 ut
964 3251 1021 3315 nix
1048 3250 1083 3315 in
1108 3254 1231 3332 monte,
1258 3254 1296 3315 ut
1319 3270 1390 3315 cera
1411 3247 1537 3327 insola
1561 3247 1611 3336 (li-

379 3357 530 3444 quescit),
558 3362 592 3422 ct
618 3359 722 3445 magis
745 3357 843 3423 etiam
866 3379 963 3441 qnam
986 3356 1074 3443 illae,
1102 3358 1260 3443 extabuit,
1287 3377 1390 3441 usque
1413 3356 1454 3420 ad
1476 3356 1612 3421 uervos’.

378 3464 501 3542 Quodsi
523 3486 590 3550 non
612 3464 693 3530 haec
715 3465 874 3531 sententia
897 3464 960 3529 fuit
981 3467 1110 3550 poetae,
1137 3466 1192 3529 vix
1215 3464 1293 3529 satis
1316 3463 1524 3550 intelligitur,
1548 3484 1612 3547 quo

379 3571 513 3637 consilio
533 3594 607 3636 eum
624 3570 676 3637 his
694 3571 900 3656 potissimum
920 3570 1079 3636 similibus
1098 3592 1192 3635 usum
1211 3592 1281 3637 esse
1299 3571 1454 3655 dicamus,
1475 3592 1611 3655 quorum

379 3701 416 3743 ea
446 3683 561 3744 nature
593 3682 655 3763 est,
686 3680 739 3743 cui
767 3676 955 3743 Schneideri
986 3678 1097 3762 opinio
1130 3677 1275 3742 adhiberi
1307 3678 1438 3743 omnino
1467 3682 1613 3762 nequeat·

380 3784 465 3851 Satis
483 3789 552 3850 erat
569 3785 656 3850 haud
674 3785 770 3851 dubie
789 3784 852 3851 dici
871 3786 916 3861 ὡς
933 3785 1016 3870 χιὼν
1034 3788 1196 3867 Mapoura,
1218 3785 1261 3861 ὡς
1280 3784 1317 3848 ἐν
1336 3783 1434 3872 ἀελίῳ
1453 3784 1613 3866 stayros

379 3891 521 3976 ἐτάκετο,
540 3915 622 3977 quae
640 3914 690 3957 res
705 3896 774 3956 erat
789 3892 922 3959 minime
935 3893 1025 3958 levis.
1063 3891 1126 3957 Sed
1139 3896 1236 3977 poeta
1250 3890 1409 3955 sentiebat
1421 3891 1484 3955 hoc
1497 3904 1611 3975 parum
1625 3912 1652 3953 so

379 4021 456 4084 esse,
478 4000 542 4065 nisi
565 4022 661 4085 super
679 3999 850 4063 adderetur
867 3999 958 4083 illud,
981 4003 1018 4064 ut
1035 4000 1082 4067 ita
1100 3999 1229 4082 diceret,
1253 3997 1435 4063 extabuisse
1454 4019 1527 4069 eum
1546 4018 1613 4062 non

379 4107 484 4171 solum
508 4110 545 4171 ut
566 4108 687 4190 nivem,
714 4109 752 4170 ut
773 4128 895 4191 ceram,
922 4106 978 4170 sed
1001 4107 1105 4193 magis
1127 4107 1225 4171 etiam
1249 4128 1346 4192 quam
1369 4104 1490 4188 nivem,
1516 4125 1612 4189 quam

378 4235 492 4279 ceram.
533 4211 623 4279 Haec
655 4217 704 4277 cst
731 4213 788 4278 illa
814 4213 953 4299 augendi
980 4217 1013 4277 et
1041 4214 1265 4279 accumulandi
1293 4211 1451 4297 cupiditas
1479 4215 1511 4275 et
1539 4232 1612 4276 oon-

378 4320 524 4404 suetudo,
546 4342 644 4403 quam
662 4318 842 4404 explanare,
861 4320 888 4384 si
907 4342 1088 4404 possumus,
1107 4322 1284 4405 studemus3
1304 4341 1367 4403 qua
1386 4320 1413 4384 si
1432 4317 1511 4403 quid
1528 4316 1612 4381 forte

379 4448 566 4512 expressum
594 4430 656 4511 est,
684 4428 771 4512 quod
797 4426 894 4491 fidem
922 4428 1073 4492 excedere
1100 4428 1259 4512 videatur,
1283 4426 1459 4492 cavendum
1482 4426 1545 4508 est,
1572 4446 1612 4488 ne

327 4546 364 4604 17
380 4534 455 4598 dum
484 4532 726 4618 interpretando
757 4534 795 4598 ad
824 4534 934 4598 vivum
962 4555 1141 4599 resecamus
1169 4534 1321 4599 illiberali
1349 4532 1516 4618 diligentia
1545 4552 1612 4597 cor-

378 4644 547 4726 rumpatur
571 4640 656 4725 quod
676 4642 804 4726 egregie
822 4641 942 4705 elatum
963 4644 1038 4704 erat.
1071 4639 1124 4705 An
1143 4641 1205 4705 erit
1224 4641 1280 4725 qui
1299 4638 1485 4705 Ciceronem
1504 4638 1613 4723 culpet

378 4750 436 4811 aut
461 4769 560 4832 prave
587 4747 761 4832 intelligat,
789 4770 862 4813 oum
890 4747 936 4811 ita
963 4748 1041 4812 dicit
1065 4744 1114 4833 (in
1132 4746 1223 4811 Verr.
1242 4765 1268 4811 11
1288 4739 1353 4811 3'c.
1374 4746 1429 4829 10,
1448 4744 1505 4832 25)
1531 4746 1612 4829 ‘Epo

378 4860 501 4921 meam
524 4857 606 4935 dem,
629 4861 780 4938 pacatam
802 4855 856 4920 ille
875 4853 1067 4937 poposcerit?
1089 4860 1194 4936 poscet
1216 4875 1305 4920 omae
1326 4858 1477 4935 quantem
1501 4872 1613 4917 caora-
