3967 5725
425 602 488 667 112
618 607 743 657 XXXIX.
762 607 877 656 INDEX
895 607 1109 658 LEOTIONUM
1127 605 1360 659 AESTIVARUM
1379 610 1456 660 1894.

421 767 570 849 serimus,
600 768 805 852 perspicuum
835 768 874 832 fit
904 768 959 833 illa
991 789 1072 851 quae
1102 768 1220 833 tradita
1250 774 1325 833 sunt
1355 770 1389 832 in
1419 769 1528 834 codice
1553 767 1654 856 (511.)

422 874 594 939 moimibcs
615 876 699 939 caim
721 876 836 939 acatis
858 880 923 939 iam
944 875 1052 955 facilis
1075 876 1110 938 ia
1128 875 1301 940 mendaciis
1318 876 1397 958 fides
1412 877 1476 957 fcit
1492 883 1529 941 ci
1546 882 1656 941 temere

419 982 609 1046 crediderint
630 983 725 1046 eiiam
747 983 815 1046 olio
839 986 1043 1063 mebaracau,
1066 983 1151 1045 mic
1174 981 1330 1047 miracula
1352 1003 1419 1046 non
1440 984 1542 1047 itaut
1561 965 1675 1067 oporss

419 1089 509 1153 tabat
537 1088 669 1153 tractari
697 1111 716 1151 a
744 1088 855 1153 doctis.
901 1087 941 1152 ln
974 1088 1091 1171 quibus
1119 1088 1201 1152 illud
1234 1087 1363 1172 quidem
1391 1088 1475 1154 olim*
1497 1088 1653 1154 Oehlerus

420 1195 595 1278 intellexit,
627 1218 693 1259 non
723 1197 807 1260 miro
837 1196 891 1260 sed
922 1216 1009 1259 acero
1039 1196 1194 1260 miraculo
1227 1195 1430 1260 scribendum
1462 1197 1575 1261 fuisse:
1608 1197 1654 1260 sic

421 1300 544 1367 Gellius
563 1303 691 1367 locutus
711 1306 759 1366 est
780 1300 855 1389 (xlv
870 1303 901 1386 6,
915 1300 950 1389 3)
970 1308 1005 1367 ai
1021 1324 1102 1385 quae
1119 1303 1164 1367 ibi
1181 1305 1298 1384 sarbia
1317 1309 1414 1382 cami,
1430 1324 1489 1385 pro
1504 1304 1654 1386 Iuppiter,

421 1430 507 1476 mico
526 1410 699 1487 mirccalo;
723 1408 833 1473 Cicero
854 1409 983 1493 quidem
1007 1406 1063 1494 (ad
1082 1408 1201 1473 Att1v
1217 1410 1245 1492 7,
1262 1408 1295 1495 1)
1315 1430 1402 1473 ciero
1420 1411 1500 1474 mibi
1517 1416 1656 1475 morcaro

420 1518 594 1581 nuntiarat.
632 1514 695 1579 Sed
713 1515 872 1598 Halmius,
896 1516 952 1600 qui
975 1513 1105 1579 Oehleri
1129 1515 1296 1580 inventum
1320 1540 1360 1581 ne
1378 1518 1569 1581 memoravit
1587 1516 1657 1601 qui·

185 1688 186 1703 ,
421 1623 507 1705 dem,
535 1622 649 1687 maluit
676 1622 714 1685 de
742 1620 883 1689 Vonckii
917 1623 1070 1705 opinione
1097 1622 1189 1687 edere
1215 1629 1325 1689 temere
1352 1625 1540 1689 crediderint
1561 1626 1655 1689 eiiam

184 1706 187 1833 1
380 1758 407 1796 lo
421 1730 502 1794 iulio
529 1735 723 1794 monstruoso
751 1730 920 1809 miracala,
953 1729 1131 1813 iisdemque
1159 1730 1307 1816 vestigiis
1335 1731 1519 1796 insistentes
1551 1751 1655 1795 recen-

420 1837 547 1919 tissimi,
567 1834 808 1901 Cornelissenus
826 1835 1114 1919 Baehrensiusque,
1133 1837 1212 1901 haec
1230 1843 1339 1902 mmm
1357 1839 1545 1903 crediderint
1562 1839 1656 1902 eiiam

421 1939 503 2027 (sive
517 1943 558 2030 ei)
578 1944 736 2008 caiaeolic
750 1950 953 2023 mmsccosc,
972 1964 1059 2008 mero
1074 1945 1231 2008 miraculo
1243 1944 1442 2009 restituenda
1456 1948 1655 2008 curavenmt.

421 2049 451 2113 A
480 2049 596 2133 quibus
624 2072 683 2114 nos
712 2049 758 2115 ita
788 2050 995 2133 discedimus,
1025 2055 1062 2115 ut
1091 2051 1249 2134 quidquid
1277 2052 1316 2115 de
1345 2052 1409 2116 illis
1433 2050 1655 2116 conaminibus

350 2188 352 2193 ¹
421 2156 593 2240 iudicatur,
622 2179 758 2240 quorum
789 2157 853 2221 hoc
878 2157 1040 2241 posterius
1068 2180 1109 2222 ne
1136 2158 1214 2222 ferri
1243 2158 1373 2241 quidem
1400 2180 1495 2243 posse
1517 2158 1692 2241 videtur,8
1724 2237 1727 2240 Α

419 2264 503 2328 nihil
527 2264 643 2328 certius
668 2286 737 2328 esse
761 2265 980 2328 existimemus
1005 2287 1101 2349 quam
1132 2286 1243 2329 verum
1273 2287 1341 2329 esse
1370 2266 1456 2349 quod
1483 2266 1519 2330 in
1547 2265 1656 2329 codice

421 2371 577 2455 scriptum
601 2375 650 2434 est
672 2372 748 2436 olio.
794 2370 926 2435 Etenim
951 2371 1173 2435 credulitatem
1196 2375 1341 2437 veterum
1365 2395 1429 2456 qua
1447 2374 1482 2436 in
1500 2372 1656 2457 accipien-

420 2477 469 2541 dis
493 2478 554 2542 diis
578 2479 699 2542 versari
726 2478 815 2543 soliti
843 2478 908 2541 sint
932 2479 977 2541 ita
1001 2475 1153 2542 Octavius
1184 2479 1324 2543 declarat
1347 2483 1384 2543 ut
1406 2479 1535 2544 eosdem
1559 2478 1656 2542 etiam

420 2582 483 2650 alia
513 2588 718 2648 monstruosa
747 2585 862 2648 leviter
894 2584 1067 2649 credidisse
1100 2585 1253 2670 affirmet,
1286 2586 1403 2670 quibus
1435 2585 1592 2670 expositis
1624 2590 1656 2649 et

420 2691 641 2775 exemplorum
665 2691 759 2773 copia
782 2691 1010 2774 comprobatis,
1037 2692 1165 2755 tandem
1194 2693 1312 2776 repetit
1340 2694 1372 2757 id
1396 2693 1487 2758 cuius
1506 2715 1543 2757 ea
1561 2713 1657 2757 causa

379 2836 407 2880 20
422 2799 581 2882 explicata
592 2794 758 2885 sunt(14):
768 2799 913 2864 simililer
922 2805 1103 2864 croccant
1111 2820 1186 2882 cryc
1195 2800 1391 2882 dcosqcoqoe
1399 2802 1532 2866 maiores
1539 2801 1655 2866 ocari:

422 2906 595 2988 improvide
617 2906 735 2970 creduli
756 2907 832 2970 rodi
853 2906 1053 2987 simplicitate
1070 2908 1281 2984 credideruat;
1306 2930 1388 2992 quae
1407 2908 1463 2991 qui
1483 2907 1656 2972 contulerit

422 3035 497 3078 cum
520 3013 586 3079 illis
610 3013 829 3096 superioribus
854 3011 898 3100 (5.
914 3013 950 3100 6)
972 3013 1143 3098 intelliget,
1166 3019 1287 3097 quanto
1312 3035 1407 3098 opere
1430 3016 1470 3078 iis
1493 3018 1564 3078 tota
1587 3036 1657 3078 ora-

422 3122 512 3186 tione
542 3120 771 3204 respondeant,
808 3123 840 3184 et
869 3141 981 3184 verum
1017 3142 1086 3185 esse
1116 3120 1207 3184 dabit
1236 3122 1322 3205 quod
1352 3120 1487 3185 dicimus
1519 3120 1656 3185 circuitu

422 3228 563 3312 quodam
589 3227 840 3311 disputationem
864 3249 883 3290 a
906 3226 1093 3292 credulitate
1116 3229 1275 3292 maiorum
1297 3229 1331 3292 in
1355 3227 1426 3292 aliis
1450 3228 1596 3294 converti
1614 3229 1656 3292 ad

421 3334 558 3399 similem
584 3335 757 3399 eorundem
781 3332 1003 3400 credulitatem
1027 3355 1123 3418 quam
1146 3356 1222 3418 prae
1246 3357 1280 3398 se
1303 3335 1448 3402 ferebant
1472 3335 1506 3398 in
1529 3334 1590 3399 diis
1610 3339 1656 3399 at-

421 3464 485 3525 que
517 3441 705 3506 numinibus
732 3441 974 3506 constituendis.
1022 3440 1085 3505 Sed
1116 3441 1213 3506 verba
1241 3463 1323 3524 quae
1350 3440 1433 3506 hanc
1463 3441 1656 3506 sententiam

421 3547 550 3632 habent,
573 3569 639 3612 non
663 3549 708 3612 ita
731 3548 850 3633 scripta
874 3552 949 3612 sunt
972 3549 1007 3613 in
1030 3548 1151 3629 codice,
1181 3552 1218 3612 ut
1241 3571 1338 3633 supra
1361 3549 1541 3631 posuimus:
1564 3551 1656 3632 puta-

421 3656 533 3722 bamus
563 3656 647 3720 enim
675 3654 754 3719 haec
783 3676 864 3738 quae
892 3655 992 3719 codex
1016 3655 1147 3719 exhibet
1169 3655 1315 3720 similiter
1337 3675 1375 3718 cc
1396 3675 1466 3720 cero
1488 3675 1563 3736 erpa
1585 3656 1657 3720 deos

423 3760 494 3850 (14)
519 3767 593 3846 eet,
622 3785 703 3845 quae
726 3783 825 3846 prava
848 3765 936 3845 sunt,
966 3762 1055 3826 facili
1083 3784 1190 3826 errore
1219 3783 1258 3825 ex
1285 3762 1350 3825 illis
1377 3766 1455 3826 nata
1482 3783 1550 3826 esse
1574 3783 1657 3846 quae

378 3911 406 3952 ,ο
421 3870 588 3936 scribenda
616 3852 835 3954 coniecimus3'
852 3890 934 3951 quae
962 3869 990 3933 si
1021 3871 1067 3934 sic
1095 3872 1225 3934 exarata
1253 3872 1344 3932 eraut
1372 3868 1410 3932 de
1433 3889 1521 3932 more
1544 3868 1656 3950 [1111111-

421 3975 564 4042 ierrooei
586 3999 660 4059 erpo
683 3978 766 4056 deca,
795 3980 940 4060 apparet,
974 3974 1053 4060 quid
1078 3976 1274 4061 negligentis
1301 3975 1426 4040 librarii
1450 3973 1656 4039 oscitantiam

421 4085 581 4150 fefellerit.
625 4083 772 4149 Ceterum
796 4083 903 4168 aptius
922 4083 1056 4148 verbum
1075 4105 1171 4166 quam
1191 4082 1276 4165 quod
1296 4083 1455 4146 suasimus
1474 4088 1657 4146 croccant

421 4192 560 4256 inveniri
578 4214 645 4256 non
663 4190 817 4276 potest*),
836 4194 868 4255 et
887 4191 945 4254 has
965 4191 1045 4254 duas
1064 4211 1133 4254 esse
1152 4190 1337 4272 sententias,
1357 4210 1436 4272 quas
1451 4189 1656 4271 secrevimus,

420 4299 492 4382 ipsa
516 4299 671 4362 orationis
696 4293 909 4363 conformatio
933 4297 1106 4360 manifesto
1130 4296 1259 4360 indicat.

510 4403 549 4469 In
578 4405 732 4489 exemplis
759 4403 997 4470 incredibilium
1024 4401 1267 4486 miraculorum,
1291 4424 1372 4488 quae
1400 4400 1554 4466 Octavius
1580 4423 1656 4465 enu-

509 4599 573 4668 *33)
592 4597 728 4652 Videmus
746 4597 931 4652 Dombmtum
952 4613 1063 4665 quoque
1082 4596 1113 4650 in
1131 4596 1256 4650 editione
1275 4612 1300 4650 a.
1317 4601 1385 4650 1881
1400 4613 1427 4664 p.
1444 4599 1494 4648 132
1515 4594 1550 4649 de
1568 4594 1655 4649 verbo

420 4694 580 4744 erraverat
602 4686 776 4742 restituendo
801 4685 980 4757 cogitavisse,
1005 4685 1056 4739 sed
1078 4685 1120 4738 ita
1140 4688 1173 4738 ut
1191 4702 1225 4738 ex
1242 4685 1418 4739 crediderant
1434 4685 1655 4752 recuperaretur,

420 4777 495 4847 quod
509 4776 624 4832 verbum
639 4775 737 4830 abessa
751 4791 808 4828 non
821 4777 928 4845 potest3
942 4791 1034 4844 nsque
1049 4774 1118 4828 satis
1132 4772 1311 4842 simplicitati
1326 4772 1496 4827 emendandi
1510 4771 1560 4826 illo
1570 4772 1655 4827 modo

418 4869 599 4938 prospectum
618 4866 736 4921 videtur.
1447 4893 1451 4900 -
