3967 5725
680 644 930 720 onerarium-s
948 643 1259 695 nmsropmunas.
1525 642 1588 707 301

357 807 483 872 ratione
505 805 692 888 instituerit,
714 826 782 869 non
804 805 883 870 dieit
905 808 1025 889 aperte,
1047 807 1079 868 et
1102 807 1242 869 metrum
1260 827 1326 870 nou
1345 804 1494 870 obstabat
1514 827 1592 891 quo-

356 916 464 979 minus
495 915 615 979 omisso
646 912 745 977 verbo
777 934 895 976 nomen
927 916 1119 976 servaretur:
1150 911 1283 999 μεγάλῳ
1310 919 1405 1000 τυφῷ
1426 911 1483 1000 ,καὶ
1511 933 1591 999 πρη·

358 1031 452 1106 στῆρι
470 1022 482 1105 ΙΙ
498 1019 736 1104 ξιφγογγύλας.
772 1018 835 1083 Sed
859 1017 1009 1101 Cebetas,
1031 1018 1095 1084 nisi
1118 1018 1197 1103 quid
1215 1018 1303 1083 aliud
1321 1039 1403 1102 eum,
1426 1019 1514 1103 quod
1531 1041 1591 1084 nos

304 1142 342 1196 11
357 1128 453 1216 fugit,
474 1129 509 1191 in
528 1126 709 1192 coniunctis
727 1126 912 1191 nominibus
932 1126 1016 1190 male
1034 1125 1183 1210 habebat,
1206 1125 1344 1190 fortasse
1362 1126 1591 1211 aequabilitate

358 1236 495 1319 quadam
510 1234 665 1300 orationis
680 1233 836 1298 adductus
850 1236 908 1317 est,
921 1237 960 1297 ut
973 1255 1048 1298 oum
1061 1254 1161 1297 unum
1175 1233 1309 1298 verbum
1323 1233 1529 1317 relinqueret,
1550 1254 1591 1297 ue

357 1341 420 1407 duo
440 1341 569 1426 quidem
586 1340 720 1406 nomina
738 1361 807 1405 esse
826 1339 931 1405 vellet.
968 1338 1007 1403 In
1025 1344 1161 1424 utraque
1180 1362 1214 1404 re
1234 1337 1375 1405 (lebetas
1394 1339 1591 1406 Meiuekium

356 1450 585 1514 assentientem
607 1448 723 1512 habuit
746 1442 802 1532 qui
826 1451 858 1512 et
880 1446 1079 1530 Lysistratae
1102 1469 1213 1511 versus
1232 1451 1265 1512 et
1283 1446 1590 1532 Thesmophoriaau·

356 1577 464 1620 sarum
496 1577 629 1640 prorsus
660 1552 701 1619 ad
729 1553 844 1619 cobeti
871 1559 1010 1619 mentem
1039 1553 1148 1618 edidit.
1189 1552 1228 1618 In
1254 1554 1433 1638 Lysistrata
1460 1554 1589 1640 quidem

357 1661 479 1728 Cobeto
505 1661 623 1727 diserte
646 1661 861 1746 adstipulatus
885 1665 934 1726 eet
954 1659 1007 1724 W.
1027 1660 1265 1726 Rutherfordus
1289 1663 1346 1746 qui
1370 1661 1504 1726 ‘scholia
1517 1660 1589 1727 Ari·

356 1770 557 1855 stophaniea'
588 1791 669 1853 quae
693 1774 768 1834 suut
791 1769 826 1832 in
848 1768 958 1834 codiee
981 1767 1162 1832 Ravennati
1185 1769 1360 1834 utilissimo
1384 1768 1534 1834 instituto
1558 1772 1590 1833 et
1605 1794 1630 1834 ro

355 1899 474 1962 magna
501 1875 670 1963 diligentia
697 1875 905 1940 describenda
932 1876 1057 1940 curavit
1083 1879 1116 1939 et
1139 1874 1263 1940 erudite
1285 1875 1516 1960 interpretatus
1540 1879 1590 1941 est

356 1982 511 2069 (Londiui
529 2006 556 2048 a.
574 1982 688 2070 1896);
708 1985 764 2068 qui
785 2005 849 2068 quo
869 1983 1048 2047 evidentius
1068 1982 1119 2064 sit,
1140 1981 1375 2067 Aristophenea
1394 1986 1488 2048 aucta
1506 1982 1589 2068 gloe-

358 2091 490 2155 sematis
514 2113 596 2174 esse,
618 2091 698 2155 haee
721 2090 823 2155 oeulis
845 2090 1001 2175 proponit

676 2197 832 2284 μεγάλῳ
854 2203 973 2285 τυφῷε
996 2205 1160 2282 πρηστῆρι

676 2303 962 2387 ξυγγογγύλαςε
987 2302 1222 2391 συστρέψας*).

354 2409 459 2474 Nobis
488 2411 629 2494 primum
657 2410 731 2474 inde
760 2410 919 2475 dubitatio
948 2411 1063 2476 oborta
1091 2415 1152 2494 est,
1185 2412 1271 2496 quod
1298 2410 1378 2476 haee
1405 2411 1468 2476 duo
1497 2419 1591 2499 τυφῷ

354 2515 409 2582 καὶ
441 2527 604 2602 πρηστῆρι
636 2539 702 2581 non
731 2517 837 2582 minus
866 2518 1034 2590 commode
1062 2519 1242 2603 eomparari
1269 2519 1463 2603 putabamus
1492 2541 1587 2602 quam

356 2646 438 2708 quae
461 2625 495 2688 in
518 2624 693 2708 Equitibus
717 2624 870 2710 leguntur
893 2623 1002 2712 (511)-

398 2729 453 2796 καλ
477 2734 744 2817 γενναίως-πρὸς
767 2734 827 2798 τὸν
856 2737 957 2816 Τυφῶ
982 2744 1084 2818 χωρεῖ
1104 2731 1158 2798 καὶ
1182 2735 1243 2817 τὴν
1267 2732 1408 2818 ἐριώλην

353 2843 409 2904 aut
431 2841 465 2903 in
487 2838 639 2905 Nubibus
663 2837 758 2927 (336)
1602 2864 1628 2904 ιο

397 2948 587 3031 πλοκάμους
609 2946 645 3012 θ’
673 2948 918 3031 ἑκατογκεφάλα
946 2953 1048 3033 Τυφῶ
1072 2949 1323 3034 πρημαινούσας
1345 2971 1379 3012 τε
1402 2946 1564 3031 θυέλλας,

355 3075 490 3137 quorum
519 3054 557 3117 de
584 3059 699 3119 neutro
729 3056 901 3140 quiequam
929 3055 1055 3119 detrahi
1078 3060 1200 3141 potest3
1228 3059 1260 3120 et
1284 3054 1439 3139 quodibi
1466 3056 1587 3138 Τυφώς

304 3186 308 3193 ·
353 3160 520 3225 fabulosus
548 3161 678 3243 dieitur,
707 3162 758 3227 oui
786 3184 902 3227 nomeu
931 3163 1067 3227 alterum
1096 3162 1211 3227 similis
1238 3162 1294 3226 sed
1316 3162 1465 3246 propriae
1489 3162 1586 3247 signi-

352 3268 513 3333 ficationis
536 3269 695 3353 adiicitur,
717 3273 825 3334 tamen
848 3269 928 3335 haee
950 3291 1017 3333 non
1041 3270 1072 3333 vi
1096 3270 1158 3333 alia
1181 3273 1419 3353 componuntur
1437 3285 1532 3353 quam
1553 3268 1586 3332 in

352 3374 533 3458 Lysistrata
553 3375 619 3439 'duo
644 3377 775 3460 propria
1290 3376 1292 3381 ’

672 3485 803 3571 μεγάλῳ
827 3492 922 3571 τυφῷ
941 3482 997 3549 καὶ
1019 3494 1191 3568 πρηστῆρι.

351 3586 397 3652 Et
423 3588 450 3651 si
477 3590 557 3654 haee
580 3590 643 3653 duo
667 3612 794 3655 neeesse
813 3596 867 3655 -est
889 3591 961 3675 ipso
984 3590 1111 3656 vindice
1134 3590 1351 3674 Aristophane
1375 3590 1585 3675 obtineamus,

351 3716 458 3761 nonne
476 3695 618 3761 vicissim
636 3697 713 3761 bina
731 3698 862 3763 nomina
880 3698 1075 3763 videbuntur
1092 3698 1177 3761 binis
1192 3697 1300 3761 verbis
1314 3698 1478 3781 suppetias
1493 3697 1585 3781 ferre,

351 3825 392 3867 ne
414 3803 643 3886 aequabilitate
661 3806 808 3891 neglecta
826 3808 962 3871 alterum
982 3827 1093 3871 eorum
1112 3802 1304 3869 abiiciatur?
1333 3801 1396 3867 Sed
1414 3803 1585 3868 verborum

351 3910 488 3974 alterum
511 3910 667 3994 Hesychii
695 3912 916 3977 testimonium
944 3912 1147 3996 proscripsit:
1177 3911 1232 3996 qui
1262 3931 1343 3994 quae
1366 3909 1486 3995 seripta
1510 3914 1585 3975 sunt
1599 3936 1625 3977 ιο

351 4016 385 4079 in
414 4017 535 4101 codiee,
563 4022 791 4100 γογγυλεῑνι
820 4031 1035 4103 συστρεφεῖν,
1063 4040 1130 4084 non
1158 4017 1302 4103 scripsit,
1332 4016 1387 4083 sed
1415 4019 1470 4081 aut
1498 4017 1584 4100 quod

352 4121 491 4188 (lohetus
510 4124 682 4212 proposuit
698 4125 949 4208 γογγύλλειντ
967 4125 1169 4209 συστρέφειν
1183 4128 1239 4189 aut
1253 4124 1358 4189 minus
1372 4121 1585 4205 probabiliter

350 4228 394 4294 M.
414 4229 613 4296 Schmidtius
636 4234 869 4316 yoyyvlow:
894 4236 1096 4317 συστροφήν.
1134 4231 1197 4296 Sed
1219 4230 1281 4295 hoo
1304 4232 1378 4293 utut
1401 4232 1458 4312 est,
1482 4227 1584 4313 Hesy-

440 4442 506 4511 *15)
525 4442 605 4497 idem
622 4452 740 4511 τυφῶνα
759 4444 789 4497 in
803 4442 988 4497 adnotatione
1003 4441 1194 4511 compluribus
1210 4439 1350 4511 congestis
1366 4436 1514 4509 explicuit3
1534 4439 1583 4493 sed

351 4530 382 4583 in
404 4532 519 4586 scholiis
543 4550 607 4586 cum
625 4532 705 4586 adv.
726 4537 777 4586 973
797 4533 867 4587 haee
885 4535 939 4587 ext.
959 4530 1103 4601 adscripta
1122 4532 1179 4584 sint
1199 4531 1244 4570 ‘—
1263 4530 1358 4599 τυφὼς
1377 4527 1408 4585 dt
1428 4527 1444 4597 ἡ
1464 4530 1494 4584 ἐκ
1513 4528 1583 4585 ἀνα-

350 4620 512 4691 θυμιάσεως
529 4628 579 4689 τῆς
597 4629 647 4691 γῆς
666 4623 807 4692 ουστροφῆ
826 4623 893 4689 πρὶν
913 4622 1115 4689 ἐπικυρωθῆναι
1133 4620 1183 4675 τὸν
1197 4618 1276 4688 ἀέρα,
1296 4617 1398 4672 deinde
1413 4618 1450 4673 ad
1465 4623 1517 4672 974
1531 4618 1582 4674 int.

351 4710 460 4781 μεγάλῳ
478 4711 616 4778 καύσωνι,
635 4710 704 4764 haee
722 4710 804 4764 nobis
823 4720 900 4780 (uam
918 4709 1125 4763 Rutherfordus
1144 4706 1275 4778 ambigit)
1293 4705 1468 4776 probabilius
1487 4708 1583 4764 viden-

350 4799 398 4851 tur
419 4799 459 4861 ad,
474 4807 611 4869 πρηστῆρι
630 4818 711 4868 quam
733 4800 770 4854 ad
788 4821 814 4869 p.
834 4803 914 4872 τυφῷ
927 4798 1077 4868 pertinere.
1110 4796 1150 4850 Cf.
1172 4796 1283 4850 Scholia
1301 4795 1331 4849 in
1350 4795 1382 4850 A.
1397 4796 1582 4866 Lysistratam

350 4886 394 4940 ed.
414 4886 435 4941 a
451 4887 482 4942 G.
498 4888 576 4943 Stein
596 4887 759 4959 (Gottingae
780 4892 867 4958 1891).
1052 4890 1054 4894 ’
