3967 5725
579 678 629 727 DE
648 677 823 728 VERSIBUS
843 677 1054 729 NONNULLIS
1074 678 1173 730 Acon
1191 678 1346 730 TRAGICI.
1514 679 1581 742 459

347 860 367 901 a
384 836 565 902 Ribbeckio
589 842 697 902 autem
721 838 825 904 denuo
849 839 1080 922 commendata,
1103 843 1179 923 post
1203 861 1299 923 quem
1318 840 1492 906 Muellerus
1512 863 1584 905 ean-

347 944 419 1009 dem
448 944 511 1010 sibi
539 946 732 1010 sententiam
761 945 937 1030 adrogauit.
979 944 1025 1010 At
1051 947 1125 1030 nos',
1152 950 1189 1010 ut
1216 947 1383 1012 mittamus
1412 948 1475 1013 alia
1502 970 1584 1032 quae

347 1052 403 1116 isti
434 1052 553 1116 rationi
586 1051 748 1117 adversari
779 1052 943 1136 videntur,
975 1053 1073 1118 verba
1101 1054 1172 1137 ipsa
1192 1060 1320 1135 praesto
1348 1056 1443 1119 θαάαι
1471 1055 1584 1120 adsum

348 1158 426 1243 quid
445 1158 507 1224 sibi
525 1158 628 1223 velint
647 1159 723 1223 dum
743 1159 951 1246 exquirimus,
968 1161 1002 1224 id
1020 1161 1114 1226 nobis
1133 1161 1363 1244 persuademus
1382 1161 1583 1227 nullomodo

347 1287 443 1349 posse
468 1266 503 1330 in
526 1267 681 1331 advenam
705 1265 862 1351 quadrare
886 1268 942 1351 qui
965 1289 999 1331 se
1022 1268 1147 1332 venisse
1171 1271 1204 1332 et
1227 1267 1290 1332 iam
1314 1268 1424 1332 adesse
1447 1270 1583 1352 nuntiet,

347 1394 451 1457 neque
479 1393 517 1436 eo
544 1373 648 1458 magis
671 1374 711 1438 ad
733 1372 817 1437 hanc
839 1390 907 1438 rem
930 1375 1079 1458 apposita
1101 1374 1171 1439 fore
1195 1375 1222 1439 si
1245 1397 1304 1460 pro
1328 1378 1423 1441 elium
1446 1396 1583 1459 reponas

348 1500 395 1544 em
422 1481 503 1544 ium:
531 1483 633 1544 totam
661 1481 747 1545 enim
774 1480 859 1546 hanc
887 1482 1066 1546 orationem
1094 1481 1153 1546 tali
1182 1481 1317 1547 consilio
1346 1482 1434 1566 quali
1461 1503 1583 1548 accom-

295 1591 334 1648 12
347 1585 472 1650 mederi
494 1588 609 1651 volunt
632 1590 741 1671 aperte
763 1587 928 1672 refragari.
966 1586 1051 1664 Quid
1076 1611 1152 1674 ergo
1172 1589 1243 1652 est?
1275 1587 1344 1653 Nos
1365 1590 1495 1654 sirecte
1515 1611 1584 1653 sen-

348 1715 419 1757 sum
442 1715 482 1757 ex
505 1693 557 1757 his
580 1692 727 1778 pauculis
750 1695 857 1760 verbis
881 1695 1070 1779 excutimus,
1093 1717 1160 1760 non
1180 1695 1342 1780 hospitem
1360 1696 1583 1780 nescioquem

346 1821 481 1886 peregre
508 1800 729 1866 advenientem
758 1802 869 1866 audire
895 1802 989 1867 nobis
1018 1802 1178 1886 videmur,
1207 1803 1262 1868 sed
1288 1803 1397 1887 potius
1426 1825 1499 1867 eum
1527 1804 1584 1886 qui
1598 1827 1624 1866 ro

347 1911 540 1992 provocatus
564 1929 582 1971 e
605 1908 701 1973 domo
724 1912 762 1973 ut
779 1908 1007 1994 progrediatur
1026 1909 1175 1973 audiendi
1195 1930 1289 1973 causa
1309 1931 1390 1993 qnae
1410 1910 1584 1974 afferantur

347 2013 520 2098 respondet
538 2036 571 2078 se
590 2019 719 2099 praesto
738 2014 863 2080 edesse:
883 2015 974 2101 quasi
993 2017 1182 2100 provocanti
1201 2017 1260 2081 τὸν
1277 2014 1332 2080 καὶ
1346 2017 1406 2080 τὸν
1421 2015 1456 2080 ἐκ
1471 2017 1584 2097 δόμων

346 2126 463 2203 μολεῖν
484 2122 540 2186 καὶ
562 2133 717 2207 παρεῖναι
740 2124 840 2208 δεῦρο
864 2123 1028 2206 βούλομαι
1047 2122 1142 2188 domo
1162 2123 1371 2208 progrediens
1391 2121 1583 2205 respondeat

347 2228 402 2292 xci
435 2229 476 2311 δὴ
507 2229 650 2315 πάρειμι.
697 2229 784 2293 Huic
816 2231 903 2294 enirn
936 2227 1066 2294 Graecis
1098 2230 1319 2313 frequentatae
1351 2228 1583 2313 particularum

347 2335 523 2419 iuncturae,
547 2357 611 2419 qua
634 2357 668 2400 sc
692 2337 764 2420 quis
787 2335 893 2401 facere
915 2336 1037 2400 fatetur
1061 2336 1147 2421 quod
1171 2337 1277 2400 iussus
1302 2338 1371 2400 crat
1393 2334 1532 2420 (ἱστόρει
1551 2335 1585 2398 τί

348 2459 401 2506 σοι
430 2440 642 2526 pitantiarii
670 2444 712 2526 δή
735 2441 765 2507 α’
793 2441 913 2527 ἐρωτῶ.
949 2444 1028 2507 τάδε
1052 2441 1286 2528 conlocauerat
1312 2444 1352 2526 δὴ
1376 2442 1582 2528 πέφρασμαι)

347 2548 541 2633 persimilem
570 2571 638 2613 esse
666 2551 837 2633 opinamur
864 2551 959 2614 etiem
984 2549 1191 2634 particulam,
1219 2549 1315 2614 nimis
1339 2549 1443 2631 illam,
1470 2553 1507 2613 ut
1531 2571 1584 2633 ap·

347 2659 452 2741 paret,
480 2658 659 2745 neglectam
683 2678 701 2719 a
725 2656 841 2740 doctis,
868 2679 932 2741 qua
953 2657 1049 2722 nobis
1072 2661 1237 2740 tamquam
1261 2655 1440 2721 certissimo
1464 2655 1583 2721 indicio

346 2763 442 2848 prodi
468 2764 595 2827 videtur
622 2763 705 2828 hanc
733 2786 800 2828 esse
828 2763 1051 2848 respondentis
1085 2765 1273 2829 orationem.
1311 2762 1360 2829 Ac
1389 2763 1415 2827 si
1444 2763 1516 2847 quis
1546 2763 1583 2827 de

347 2870 469 2936 Graeca
491 2872 656 2957 tragoedia
679 2872 731 2936 vel
753 2870 907 2955 Aeschyli
931 2870 1112 2956 thephor.
1130 2895 1159 2936 v.
1179 2870 1245 2936 634
1256 2893 1324 2956 sqq.
1348 2871 1400 2936 vel
1417 2870 1584 2955 Euripidis
1598 2899 1624 2938 ac

347 2977 513 3042 Phoeniss.
533 2978 598 3042 298
610 3000 678 3063 sqq.
695 2976 808 3043 Helen.
822 2978 888 3043 435
899 3002 967 3064 sqq.
982 2979 1199 3044 reminiscitur
1214 2983 1270 3042 aut
1284 2978 1470 3062 inspexerit,
1489 2976 1583 3042 facile

347 3085 410 3150 sibi
438 3086 545 3149 animo
570 3086 744 3150 informare
767 3086 901 3170 poterit,
929 3108 994 3170 quo
1018 3085 1114 3149 modo
1137 3086 1217 3149 haec
1239 3088 1311 3149 acta
1334 3087 1399 3148 sint
1422 3086 1456 3147 in
1481 3106 1583 3167 scena,

347 3214 420 3257 cum
443 3194 516 3277 quis
540 3193 710 3257 adveniens
733 3197 889 3277 provocat
912 3195 944 3256 ct
966 3192 1156 3275 provocanti
1179 3188 1434 3275 respondetur.*)

438 3299 525 3376 Quae
549 3299 576 3365 si
598 3300 812 3385 probabiliter
835 3300 998 3383 disputata
1022 3303 1110 3375 sunt,
1134 3297 1246 3382 negari
1269 3319 1336 3361 non
1359 3297 1491 3380 poterit,
1515 3319 1583 3360 ora-

347 3408 469 3472 tionem
492 3408 576 3472 hano
599 3429 695 3492 quam
720 3407 940 3471 dissecuerunt
964 3409 996 3469 et
1015 3405 1049 3467 in
1069 3404 1148 3468 duas
1166 3424 1320 3487 personas
1340 3402 1583 3484 distribuerunt,

346 3537 448 3578 unum
472 3536 541 3579 esse
565 3518 598 3578 et
619 3515 809 3578 continuum
831 3514 927 3577 unius
949 3533 1106 3596 personae
1129 3532 1321 3575 sermonem:
1339 3515 1466 3591 praesto
1489 3511 1584 3574 diem
1671 3542 1676 3549 -

347 3622 478 3687 adsum:
501 3642 644 3703 ααμαοααα
665 3621 743 3702 quid
761 3620 842 3700 fers:
865 3624 992 3684 comte
1015 3618 1103 3700 ῑααμο
1126 3620 1201 3683 itere
1223 3638 1313 3683 αααο
1336 3617 1456 3683 eadee.
1494 3616 1582 3693 Quae

348 3750 407 3792 nos
435 3728 511 3792 dum
539 3727 697 3792 curiosius
724 3728 880 3791 rimamur
906 3747 944 3790 ac
970 3725 1199 3810 perspicimus,
1226 3746 1293 3789 non
1322 3745 1494 3808 possumus
1516 3744 1583 3787 non

348 3835 395 3900 sic
422 3835 472 3899 uti
499 3836 619 3920 scripte
648 3837 723 3899 sunt
750 3835 784 3898 in
810 3832 902 3897 h'bris
930 3832 1058 3919 integra
1086 3835 1118 3897 et
1146 3832 1268 3897 intacta
1295 3830 1426 3913 habere,
1455 3830 1489 3893 in
1515 3829 1584 3912 qui-

348 3942 410 4006 bus
437 3940 520 4007 nihil
548 3943 603 4020 sit,
636 3941 721 4026 quod
750 3944 806 4004 aut
834 3940 942 4004 deesse
970 3943 1027 4004 aut
1054 3960 1221 4024 superesse
1248 3939 1348 4022 dicas,
1380 3936 1464 4000 nihil
1497 3936 1583 4020 quod
1597 3965 1624 4005 ao

348 4071 415 4113 non
441 4048 595 4113 mutando
622 4070 750 4113 necesse
773 4049 816 4112 sit
839 4048 873 4112 in
897 4046 1037 4112 deterius
1060 4049 1214 4111 mutetur.
1251 4044 1322 4122 Quo
1345 4043 1448 4129 magis
1473 4064 1584 4107 caven·

348 4155 425 4220 dum
458 4160 519 4241 est,
548 4179 589 4219 ne
620 4177 693 4221 cum
724 4176 875 4219 numeros
903 4153 1011 4219 verbis
1039 4153 1202 4218 reddimus
1231 4172 1473 4234 corrumpamus
1501 4172 1583 4233 quae

348 4263 478 4349 egregia
501 4267 584 4327 sunt.
617 4262 777 4327 Videntur
799 4266 907 4326 eutem
929 4260 1010 4327 haec
1028 4262 1118 4325 nulla
1135 4258 1259 4343 syllaba
1278 4259 1403 4322 mutata
1421 4256 1455 4321 in
1473 4261 1583 4341 penta·

348 4373 485 4435 metrum
510 4369 708 4436 trochaicum
732 4368 831 4434 coire:

394 4476 525 4543 Prce‘sto
544 4477 638 4542 etium
656 4478 787 4542 adsum:
806 4474 950 4557 exprome
967 4476 1046 4556 quid
1061 4475 1142 4556 fers:
1160 4472 1237 4538 αάαι
1255 4477 1284 4537 tc
1302 4472 1390 4554 lupo
1407 4473 1482 4536 itere
1495 4490 1583 4536 αααο

1418 4577 1538 4643 adduc.

439 4744 483 4811 2⁸)
502 4740 566 4813 [OF.
585 4741 680 4796 Plauti
699 4739 779 4811 Gapt.
795 4744 846 4792 977

491 4830 550 4885 HE.
570 4832 748 4897 Pbdocrates,
764 4844 817 4897 per
835 4832 914 4881 uum
932 4833 957 4881 te
974 4828 1086 4898 persium
1105 4828 1219 4893 obsecro,
1238 4827 1291 4892 eci,
1311 4832 1335 4881 te
1353 4825 1421 4881 colo.

491 4918 549 4973 PH.
569 4920 660 4990 Heyio
678 4920 785 4984 aruum,
803 4918 828 4971 si
846 4917 914 4984 quid
932 4932 972 4970 me
990 4917 1040 4982 cis,
1059 4914 1184 4987 impera]
