3967 5725
361 603 405 664 22
562 602 673 653 XXXV.
691 602 807 653 INDEX
825 602 1040 653 LEGTIONUM
1057 602 1290 654 AESTIVARUM
1309 606 1387 655 1892.

361 764 540 846 ‘experire'
563 769 711 845 temptare
734 813 741 827 .
766 813 772 826 .
797 813 804 826 .
828 762 964 828 Plantas
985 764 1022 827 ta
1044 763 1203 828 Anamis
1228 764 1363 846 “dipssos
1389 750 1481 829 addc
1503 770 1594 847 atquc

360 873 496 954 asperas·
525 876 640 936 certam
669 876 714 935 cst
744 867 876 935 mici&
922 867 1091 934 claudenti
1119 870 1268 935 versiculi
1295 892 1461 935 mensurae
1494 871 1592 936 variis

359 976 464 1043 modis
492 977 612 1042 mederi
641 976 744 1042 critici
767 979 978 1062 temptarunt,
1006 976 1096 1040 velut
1122 976 1363 1060 pareditorum
1387 977 1593 1061 quodmodo

360 1085 499 1150 diximus
517 1085 599 1151 haec
616 1083 798 1169 recipienda
816 1083 909 1148 duxit
922 1083 1046 1166 Dipaos
1065 1084 1212 1167 mdipaos
1229 1085 1320 1150 adire
1331 1084 1476 1166 precibrrs
1494 1085 1594 1150 dcere·

359 1197 455 1257 tumst
477 1191 573 1269 mita
601 1190 635 1254 in
661 1213 725 1275 qua
747 1212 782 1254 re
804 1191 984 1272 acpodeads'
1006 1190 1141 1255 verbum
1164 1213 1205 1255 ex
1226 1212 1320 1256 versu
1343 1194 1439 1256 tertio
1463 1213 1522 1275 per
1545 1213 1594 1255 er-

358 1320 465 1363 rorem
493 1299 527 1363 in
554 1298 704 1382 quintum
732 1296 923 1362 translatum
951 1301 1111 1381 statuunt,
1137 1297 1282 1381 pracsbas
1314 1303 1420 1363 autem
1453 1298 1592 1384 exempli

359 1426 457 1470 causa
479 1404 622 1488 positum
645 1426 713 1469 esse
736 1405 858 1469 volunt.
904 1404 949 1469 Et
972 1406 1053 1471 haec
1075 1407 1108 1468 et
1126 1403 1280 1471 Friderici
1298 1404 1416 1470 Leonis
1436 1407 1595 1471 sententia

359 1516 416 1595 est,
441 1512 497 1597 qui
521 1510 667 1575 ‘alteram
690 1532 801 1575 versus
824 1510 966 1595 partem’
988 1511 1030 1575 ab
1059 1517 1151 1593 atque
1176 1512 1335 1597 particula
1362 1533 1455 1577 cruce
1478 1513 1595 1578 ¹critica

360 1619 548 1705 insignitam
578 1617 818 1702 ‘interpolatam
845 1610 925 1683 esse'¹
950 1618 1016 1682 illis
1040 1618 1217 1683 editoribus
1241 1620 1424 1684 assentitur.
1469 1617 1500 1683 A
1525 1620 1594 1703 qui-

320 1754 346 1794 ιο
360 1726 421 1790 bus
449 1728 560 1790 nostra
587 1746 678 1789 mens
705 1727 775 1789 tota
802 1724 949 1808 discedit,
977 1727 1034 1808 qni
1060 1726 1214 1810 primum,
1242 1726 1328 1809 quod
1357 1731 1406 1791 est
1433 1727 1468 1791 in
1496 1728 1593 1791 tortio

359 1854 454 1897 versu
482 1838 572 1915 atquc
599 1833 756 1915 asperior,
784 1831 819 1895 in
847 1832 961 1915 quinto
985 1838 1076 1914 atquc
1097 1833 1234 1915 asperari
1255 1832 1340 1896 redit
1362 1834 1523 1899 sententia
1546 1833 1592 1897 di-

358 1961 460 2023 versa,
484 1938 668 2003 dubitamus
692 1960 788 2022 quam
807 1942 892 2004 recte
916 1938 1025 2005 Plauti
1048 1961 1227 2004 sermonem
1250 1940 1401 2006 dedecere
1430 1937 1592 2004 credatur:

359 2047 398 2111 de
422 2067 486 2130 quo
510 2067 626 2131 genere
645 2045 815 2131 Langenus
833 2044 990 2110 nonnulla
1012 2047 1048 2109 in
1071 2045 1228 2128 symbolis
1246 2045 1405 2110 Plautinis
1424 2044 1592 2109 adnotavit

358 2178 388 2239 p.
405 2153 457 2218 91.
502 2152 626 2217 Deinde
652 2153 798 2235 prwsbos
829 2175 944 2236 parum
976 2156 1050 2237 epte
1083 2152 1159 2218 huic
1196 2153 1335 2218 orationi
1372 2152 1470 2217 inseri
1507 2154 1593 2215 recte

356 2262 571 2345 interpretata
590 2260 748 2325 sententia
767 2259 880 2326 docere
891 2261 1029 2345 poterit.
1076 2259 1232 2344 Denique,
1251 2260 1337 2343 qnod
1356 2279 1516 2323 summum
1536 2261 1594 2340 ost,

359 2368 438 2432 hacc
461 2367 525 2433 duo
548 2369 646 2432 verba
668 2368 759 2433 addc
781 2372 872 2449 atque
894 2369 1032 2449 esperirt
1055 2364 1335 2453 (quae1113,132
1358 2366 1393 2429 in
1416 2386 1449 2431 rs
1473 2363 1594 2448 dispari

358 2477 477 2538 iterum
500 2476 651 2558 copulata
674 2478 801 2539 exstant
820 2474 877 2538 Ad
894 2495 943 2539 me
960 2476 1018 2539 cdi
1035 2475 1174 2539 oictssim
1192 2479 1283 2555 alapae
1300 2470 1452 2558 seperire)
1471 2476 1595 2537 utrum·

359 2602 420 2665 qus
453 2602 512 2665 per
543 2603 578 2645 se
611 2585 643 2646 et
671 2582 733 2646 hoc
760 2581 856 2645 modo
885 2582 1058 2647 coniuncta
1085 2584 1152 2644 tarn
1183 2580 1330 2664 apposita
1358 2582 1434 2644 sunt
1463 2578 1492 2643 si
1516 2580 1594 2663 quid

359 2690 516 2753 sentimus
539 2688 579 2753 ad
602 2688 686 2754 hanc
710 2687 898 2771 orationem,
928 2691 965 2751 ut
989 2687 1086 2752 iniis
1109 2688 1173 2751 nisi
1196 2670 1270 2752 curn
1294 2686 1488 2751 detrimento
1510 2686 1595 2752 nihil

318 2822 346 2863 so
359 2797 463 2880 possit
486 2795 617 2878 moveri,
641 2798 673 2859 et
696 2817 737 2861 ne
761 2795 801 2859 iis
825 2793 955 2878 quidem
969 2794 1191 2859 ‘accedendum
1215 2793 1268 2878 sit,
1295 2793 1352 2878 qui
1375 2798 1500 2859 mutato
1524 2817 1594 2859 rer·

358 2904 474 2968 borum
498 2903 609 2968 ordine
636 2924 747 2983 versus
775 2902 914 2968 formam
942 2905 1164 2986 recuperatum
1192 2904 1327 2969 iverunt.
1372 2901 1441 2968 Nos
1469 2904 1504 2967 in
1534 2902 1594 2966 hac

359 3033 454 3075 causa
477 3014 514 3074 ut
537 3031 631 3094 saepe
650 3009 729 3075 alias
753 3011 799 3073 ita
823 3019 998 3095 censemus,
1029 3009 1145 3073 vitium
1168 3009 1216 3074 ibi
1238 3008 1417 3074 tollendum
1441 3030 1511 3074 esse
1534 3009 1593 3072 ubi

359 3117 469 3182 sedere
491 3117 700 3182 manifestum
724 3119 781 3181 est.
827 3114 941 3201 Itaque
965 3137 1039 3181 cum
1062 3117 1102 3180 iis
1126 3115 1263 3181 facimus
1288 3117 1343 3200 qui
1367 3115 1493 3200 reliqua
1515 3136 1594 3181 sana

358 3247 436 3308 esse,
460 3224 668 3308 depravatum
693 3222 826 3288 credunt
850 3245 949 3288 unum
973 3224 1079 3307 ipsum
1104 3222 1192 3306 quod
1215 3223 1364 3287 versiculi
1387 3245 1515 3288 cursum
1536 3224 1593 3288 im-

358 3331 457 3416 pedit,
486 3338 601 3396 certum
631 3337 682 3396 est.
734 3330 786 3395 Ex
817 3330 934 3413 quibus
961 3327 1188 3396 Fleckeisenus
1217 3331 1309 3396 odae
1338 3336 1429 3412 atquc
1450 3330 1594 3412 'experiri

358 3444 421 3503 stat
443 3439 529 3516 aas,
553 3436 724 3524 Langenus
749 3440 856 3502 autem
879 3437 1084 3518 audeatque
1104 3439 1242 3519 caperat
1264 3443 1346 3502 cesto
1368 3443 1430 3502 reat
1452 3436 1593 3501 scriben-

359 3545 436 3609 dum
464 3565 533 3609 esse
561 3547 772 3611 coniecerunt.
824 3541 968 3620 Quorum
996 3547 1147 3608 neutrum
1179 3566 1245 3609 non
1277 3543 1376 3608 habet
1408 3565 1472 3627 qua
1501 3547 1592 3626 parte

358 3652 484 3735 placere
507 3653 624 3738 possit3
654 3657 686 3716 et
712 3657 775 3717 stat
801 3649 945 3735 quidem,
973 3651 1054 3715 scits
1078 3650 1273 3716 divinatione
1297 3651 1478 3733 inventum,
1506 3649 1593 3732 quod

359 3760 386 3823 si
408 3747 520 3823 verum
544 3763 612 3825 erat
634 3757 728 3824 facile
751 3756 946 3842 intelligitur
973 3763 1118 3823 certumst
1144 3757 1228 3822 unde
1255 3759 1368 3821 natum
1395 3756 1452 3839 sit,
1480 3755 1593 3822 Ussin-

318 3891 346 3932 so
359 3867 432 3952 gius
455 3867 585 3950 recepit,
608 3866 664 3951 qui
685 3866 787 3931 ascito
811 3863 959 3949 exemplo
983 3861 1136 3950 (Nepotis
1160 3865 1217 3948 qui
1239 3865 1275 3928 in
1297 3864 1365 3927 vita
1387 3861 1491 3928 Attici
1505 3863 1592 3948 21,6

358 3992 436 4036 acm
458 3973 539 4038 mdsc‘
561 3973 668 4056 iuquit
690 3977 753 4038 stat
775 3971 857 4036 alere
875 3971 1015 4036 mabam
1034 3968 1186 4058 dmiaere)
1209 3970 1337 4036 dicendi
1356 3991 1449 4035 usum
1469 3970 1594 4036 stabili—

358 4079 414 4162 vit,
437 4078 518 4143 illud
542 4100 671 4164 quoque
694 4078 870 4160 adnotavit,
893 4079 1007 4144 evitari
1030 4077 1092 4143 hoc
1113 4078 1209 4143 modo
1228 4078 1479 4162 incommodum,
1504 4075 1592 4161 quod

358 4185 444 4250 idem
467 4191 582 4251 wattun
605 4191 649 4251 cst
677 4186 711 4250 in
739 4185 865 4250 duobus
893 4185 1039 4250 versibus
1062 4185 1223 4250 continuis
1251 4184 1413 4271 legentem
1442 4184 1590 4249 offendat.

360 4290 421 4356 Cui
444 4291 490 4356 rei
514 4314 709 4378 quamquam
732 4314 798 4358 non
820 4292 963 4357 nimium.
979 4292 1188 4358 tribuendum
1211 4295 1270 4375 est,
1299 4291 1482 4378 corrigendi
1506 4294 1591 4356 corto

359 4397 584 4483 probabilitati
611 4421 678 4465 non
705 4399 816 4464 obesse
844 4403 985 4484 apparet.
1036 4397 1100 4464 Sed
1122 4399 1294 4485 Langonus
1321 4398 1500 4482 perquisito
1530 4420 1592 4462 ser·

360 4526 455 4570 mons
478 4504 629 4571 Plautino
652 4506 738 4571 hunc
761 4506 893 4570 modum
916 4505 1071 4590 loquendi
1094 4527 1158 4589 quo
1183 4511 1246 4572 atat
1272 4505 1352 4571 miti
1379 4506 1505 4571 dicatur
1531 4527 1590 4590 pro

360 4633 398 4677 eo
423 4612 509 4697 quod
532 4616 582 4677 est
604 4619 719 4679 cedam
741 4619 793 4697 ast,
816 4614 968 4678 decretam
990 4618 1036 4678 cst
1057 4612 1145 4691 miti,
1163 4611 1324 4678 Plautinis
1347 4612 1501 4696 exemplis
1520 4632 1594 4698 pro-

319 4775 321 4780 .
361 4719 432 4784 bari
450 4721 544 4803 posse
563 4724 660 4807 negat
679 4724 806 4804 praeter
825 4740 934 4805 unum,
957 4719 1045 4802 quod
1063 4740 1103 4784 ns
1122 4722 1171 4784 est
1191 4718 1321 4804 quidem
1340 4721 1434 4802 plane
1453 4741 1593 4802 compar,

361 4823 737 4911 Curculionis111,35;
764 4827 853 4909 Quod
879 4828 924 4892 ets
950 4828 1107 4908 respondi,
1136 4847 1172 4891 ec
1198 4847 1304 4892 omnes
1325 4831 1410 4892 stom
1432 4827 1592 4892 scammis.
