3967 5725
553 613 603 662 ou
622 614 851 664 nuauniuoo
870 614 1016 665 uiuuon
1032 614 1174 665 uamcrs
1193 614 1362 665 omnmo.
1528 610 1591 675 107

484 775 621 855 preinde
642 776 673 839 si
695 774 774 839 milri
796 777 889 856 quasi
915 795 1013 840 mous
1040 775 1144 857 aliqui
1165 781 1194 840 ei
1215 777 1308 857 quasi
1335 777 1469 859 ipmarus
1486 778 1595 858 portis

490 882 651 963 atriisque
673 882 826 959 considas,
849 882 973 947 millam
995 884 1152 964 mapalium
1174 888 1219 948 est
1233 884 1412 964 patefacere
1429 886 1538 947 omnia
1556 885 1593 947 ir

490 988 581 1053 retas
602 988 752 1052 tamaris
774 988 871 1052 datia
894 990 1013 1053 irrecria
1035 1009 1187 1071 smpcrrsa
1214 991 1375 1072 mapisque
1396 992 1504 1055 omnia
1526 992 1594 1055 ocri

490 1095 613 1160 similia
636 1116 731 1176 qaam
754 1116 828 1160 aera

354 1201 495 1266 alterum
518 1203 626 1266 ommia
649 1202 747 1267 variis
770 1202 875 1267 modis
899 1207 1066 1267 vexarunt.
1111 1200 1188 1266 Fuit
1211 1203 1267 1286 qui
1291 1225 1402 1268 rocem
1426 1205 1593 1268 delendam

357 1330 427 1373 esse
461 1313 613 1374 censeret.
659 1308 781 1373 Probe:
815 1310 925 1373 abesse
957 1310 1043 1374 enim
1075 1310 1202 1394 potuit3
1235 1310 1308 1394 quis
1339 1312 1463 1397 negat?
1499 1310 1594 1376 Alter

353 1416 483 1480 omnimo
507 1416 623 1479 maluit
645 1417 775 1500 reponi:
798 1439 839 1479 ne
862 1416 895 1480 id
919 1417 1049 1501 quidem
1072 1417 1149 1481 ferri
1172 1438 1238 1482 non
1256 1418 1373 1501 potuit,
1397 1440 1593 1502 quamquam

354 1524 395 1587 iis
419 1523 509 1605 locis,
536 1523 653 1607 quibus
677 1522 739 1587 hoc
767 1528 986 1589 commentum
1010 1547 1104 1589 suum
1128 1524 1264 1608 probare
1287 1524 1412 1588 studuit
1435 1523 1593 1589 Cornelis·

355 1650 464 1713 senus,
494 1652 561 1694 non
590 1631 730 1693 multum
758 1629 929 1694 adiuvatur
957 1634 989 1694 et
1016 1632 1114 1714 paulo
1144 1631 1280 1696 fortasse
1310 1631 1450 1694 deterius
1478 1635 1527 1695 est
1554 1654 1593 1696 eo

353 1737 447 1801 cuius
481 1735 589 1802 locum
624 1737 768 1802 obtinere
802 1737 938 1801 iubetur.
984 1734 1129 1801 Usenero
1162 1738 1285 1822 placuit
1316 1736 1507 1823 Kiesslingii
1538 1740 1590 1802 sui
1605 1762 1632 1801 ro

351 1846 487 1922 sommia,
511 1844 598 1928 quod
621 1845 726 1927 specie
744 1843 910 1928 paulisper
927 1844 1075 1929 decipere
1093 1846 1211 1929 potuit,
1233 1845 1392 1909 curiosius
1412 1845 1590 1928 inquirenti

353 1951 526 2034 patefaciet
556 1950 663 2035 ipsum
696 1972 730 2015 se
762 1951 796 2014 in
826 1950 910 2015 hanc
940 1951 1118 2015 orationem
1150 1974 1217 2017 non
1249 1951 1413 2035 quadrare.
1462 1950 1591 2016 Novam

352 2058 440 2121 riam
464 2058 608 2143 ingressa
630 2056 819 2122 Baehrensii
842 2058 1002 2143 sagacitas
1026 2058 1180 2139 addendo,
1203 2080 1269 2123 non
1293 2058 1428 2123 delendo
1448 2063 1504 2122 aut
1523 2081 1593 2122 mn-

351 2164 452 2228 tando
475 2163 610 2228 Minucii
633 2164 731 2230 verba
753 2164 909 2250 integrari
934 2164 996 2229 sibi
1023 2166 1197 2250 persuasit3
1225 2166 1281 2249 qni
1310 2186 1384 2229 cum
1413 2166 1458 2229 ita
1486 2164 1589 2230 edidit

352 2274 513 2354 magiisque
534 2273 643 2336 ommia
670 2271 798 2355 [dehis
822 2271 954 2355 iudicia]
981 2272 1171 2337 verisimilia
1192 2294 1288 2354 qaam
1310 2293 1397 2350 vera,
1428 2272 1591 2355 duplicem

352 2378 585 2442 sententiarum
609 2379 754 2442 ordinem
777 2378 883 2443 effecit
906 2382 938 2443 et
962 2378 1010 2443 sic
1031 2381 1153 2458 ommia,
1184 2380 1348 2463 quianon
1371 2378 1482 2443 eadem
1506 2400 1589 2463 quae

351 2490 426 2549 ante
450 2483 661 2570 significaret,
688 2486 809 2550 firmari
836 2486 1003 2551 iudicavit:
1032 2486 1067 2549 in
1090 2508 1154 2569 qua
1168 2472 1216 2551 're
1240 2485 1436 2551 testimoniis
1460 2485 1590 2569 quidem

349 2591 392 2656 ab
416 2613 454 2657 eo
478 2591 585 2656 allatis
608 2613 667 2657 nos
690 2592 774 2656 nihil
796 2614 970 2659 movemur.
1017 2592 1164 2677 Denique
1193 2593 1320 2658 exstitit
1351 2594 1408 2676 qui
1430 2594 1592 2675 mepispae

350 2700 442 2768 olmia
468 2699 656 2763 verisimilia
682 2721 710 2781 q.
729 2722 755 2763 o.
784 2700 989 2765 scribendum
1017 2704 1227 2785 proponeret,
1260 2700 1347 2784 quod
1375 2721 1522 2764 veremur
1549 2721 1590 2763 ne

350 2828 417 2872 non
435 2807 546 2872 multis
570 2806 764 2890 placiturum
783 2808 833 2873 sit.
871 2806 1026 2872 Videmus
1050 2808 1237 2873 varietatem
1261 2806 1458 2892 opinionum.
1500 2807 1586 2889 Quid
1602 2830 1629 2870 ro

347 2934 465 2995 seuam
493 2920 549 2978 aut
577 2913 689 2995 quem?
734 2914 780 2998 At
808 2914 903 2980 nobis
933 2916 1074 2999 primum
1104 2914 1231 2979 videtur
1262 2915 1434 2979 discrimen
1460 2914 1544 2978 illud
1570 2937 1590 2977 a
1702 2996 1705 3002 ,

350 3019 547 3085 Baehrensio
571 3021 606 3084 in
629 3021 821 3085 sententiam
844 3021 983 3086 inlatum
1006 3022 1088 3086 falso
1113 3021 1241 3105 inferri,
1267 3024 1305 3085 ut
1327 3044 1402 3105 pars
1425 3020 1530 3085 altera
1550 3022 1589 3086 de

351 3126 447 3191 rebus
471 3127 628 3211 humanis,
656 3129 757 3192 altera
779 3128 819 3191 ab
843 3130 915 3212 ipso
938 3129 1161 3193 additamento
1184 3117 1296 3192 relicta
1319 3127 1358 3191 de
1381 3127 1508 3193 iudiciis
1532 3127 1589 3192 ho-

349 3233 474 3298 minum
498 3235 614 3298 valeat:
637 3257 713 3298 nam
737 3239 770 3298 et
792 3236 881 3320 prior
903 3258 977 3319 pars
1002 3236 1041 3300 de
1070 3236 1197 3301 iudiciis
1226 3235 1329 3318 accipi
1359 3233 1413 3322 (cf.
1434 3256 1460 3300 c.
1482 3236 1532 3318 14,
1551 3232 1588 3321 5)

349 3362 411 3404 nec
433 3343 534 3406 altera
556 3363 622 3406 non
645 3343 742 3407 etiam
766 3342 805 3405 de
828 3343 924 3406 rebus
948 3342 1058 3426 potuit
1075 3342 1229 3427 intelligi:
1252 3342 1299 3406 ita
1318 3341 1588 3424 quemadmodum

350 3451 438 3511 recte
461 3447 579 3512 dicitur
601 3451 709 3513 ommia
732 3450 768 3515 im
789 3449 879 3514 reem
901 3449 1052 3514 hamanis
1074 3450 1172 3514 datie
1193 3451 1313 3514 eiam
1334 3468 1486 3530 suspensa
1509 3471 1587 3530 asae,
1635 3526 1637 3529 Ι

350 3577 428 3619 11011
442 3555 548 3619 minus
572 3560 658 3622 recte
682 3555 745 3620 dici
767 3559 895 3638 poterat
917 3556 1026 3620 ommia
1048 3558 1086 3620 im
1106 3557 1198 3620 retas
1214 3556 1364 3620 tamaris
1381 3557 1447 3620 ocri
1465 3557 1588 3620 similia

351 3663 454 3743 mauis
476 3683 571 3743 qaam
595 3663 797 3742 vcra‚·velut
819 3660 931 3726 Livius
954 3660 1064 3727 Anicii
1091 3662 1294 3745 triumphum
1318 3683 1391 3726 cum
1420 3661 1587 3745 triumpho

351 3767 485 3832 Aemilii
498 3768 591 3833 Pauli
606 3771 773 3834 conferens
787 3768 901 3833 scribit
920 3765 1007 3854 (xcv
1015 3769 1070 3852 43,
1079 3767 1115 3854 2)
1129 3760 1261 3834 similia
1270 3770 1379 3833 ommia
1397 3770 1500 3850 mapis
1516 3769 1588 3832 aisa

330 3875 528 3941 -lromimlms
550 3897 646 3958 qaam
662 3877 772 3959 paria,
795 3877 827 3940 h.
847 3897 872 3938 e.
896 3875 983 3940 melrr
1000 3896 1064 3940 aar
1081 3874 1207 3940 italici
1226 3875 1275 3939 als
1290 3874 1406 3957 plaisir:
1429 3874 1589 3957 premitur
1601 3899 1628 3938 so
1654 3957 1658 3964 .

352 3983 438 4046 enim
467 3984 557 4066 prius
586 3987 623 4046 ut
651 3982 737 4067 apud
760 3981 947 4048 Minucium.
995 3981 1089 4058 Quod
1112 3984 1247 4046 sirecte
1276 3981 1455 4045 iudicamus
1478 4003 1587 4046 conse·

351 4110 455 4172 quens
478 4094 537 4174 est,
560 4094 596 4153 ut
620 4091 756 4154 alterum
779 4091 887 4155 ommia
910 4090 1020 4154 abesse
1044 4089 1183 4172 quidem,
1205 4088 1255 4152 uti
1278 4088 1427 4171 diximus,
1450 4091 1586 4172 totaque

351 4197 511 4260 sententia
538 4193 603 4260 uno
632 4197 744 4261 ordine
773 4196 938 4261 decurrere
966 4196 1111 4280 potuerit
1138 4186 1246 4261 ommia
1267 4196 1304 4258 im
1326 4195 1416 4258 rebus
1437 4195 1587 4260 lamamis

351 4302 450 4366 datia
472 4303 591 4368 imeria
612 4323 763 4390 smspmsa
785 4305 945 4385 mapisqae
966 4297 1177 4368 verisimilia
1198 4322 1294 4384 meam
1316 4322 1398 4379 vera,
1422 4302 1477 4366 sed
1499 4323 1587 4366 nunc

250 4399 256 4413 ⁸
352 4430 425 4474 cum
449 4409 542 4493 adsit,
564 4409 627 4475 hoc
649 4432 750 4474 unum
773 4411 816 4474 sit
839 4409 1073 4474 defendendum
1095 4430 1162 4474 non
1185 4409 1284 4472 semel
1306 4408 1394 4491 qnod
1415 4408 1494 4472 satis
1518 4413 1586 4472 erat

352 4517 409 4580 sed
431 4516 482 4581 bis
506 4537 575 4580 esse
598 4518 706 4582 ommia
728 4517 879 4602 positum.
927 4514 1020 4591 Quod
1043 4537 1238 4600 quamquam
1265 4537 1305 4578 ex
1327 4536 1364 4578 eo
1388 4535 1504 4600 genere
1528 4518 1586 4595 est,
1623 4538 1625 4541 ·

352 4623 388 4686 in
419 4645 484 4707 quo
517 4623 683 4707 scriptoris
716 4623 859 4688 libertati
892 4621 1015 4705 aliquid
1047 4622 1285 4688 concedendum
1317 4621 1478 4704 rideatur,
1513 4642 1586 4684 cum

352 4729 542 4814 praesertim
566 4751 606 4794 ne
629 4749 724 4795 causa
747 4729 876 4813 quidem
898 4730 1012 4814 lateat,
1039 4729 1073 4793 in
1091 4729 1152 4794 hac
1176 4729 1321 4793 oratione
1344 4750 1401 4793 cur
1423 4727 1498 4792 addi
1519 4748 1587 4790 ma-

351 4837 450 4900 luerit
478 4858 573 4919 quam
602 4838 722 4920 omitti,
749 4840 857 4901 tamen
885 4857 966 4920 quae
994 4839 1043 4900 est
1071 4837 1257 4902 criticorum
1280 4835 1480 4899 contumacia
1502 4831 1587 4896 nihil
