3967 5725
385 665 450 730 518
584 668 641 718 LX.
661 667 777 718 INDEX
794 666 1009 718 LEOTIONUM
1026 664 1268 717 HIBERNARUM
1287 665 1417 736 1904s05.

645 828 735 893 duris
757 834 792 892 ut
813 828 876 892 ileu
898 834 987 892 tonsa
1011 827 1194 910 bipennibus

644 935 755 1017 uiprae
774 935 875 1015 faaoi
894 935 1022 1016 frondis
1044 937 1079 999 in
1103 933 1228 1017 Algido,

637 1062 698 1123 ρον
720 1042 849 1120 damna,
867 1063 927 1123 ρον
950 1043 1056 1107 caedes
1079 1041 1118 1106 ab
1141 1042 1208 1122 ν’ρεο

555 1149 599 1214 60
644 1149 729 1213 duait
750 1169 821 1230 opes
843 1151 1045 1230 animumque
1065 1149 1157 1229 ferro.

643 1296 705 1340 non
728 1273 830 1356 hydra
853 1279 930 1338 secto
953 1294 1077 1355 corpore
1098 1273 1222 1355 firmior

643 1382 728 1446 ainai
751 1380 899 1444 dolentem
923 1383 1017 1446 areoit
1038 1382 1074 1444 in
1097 1379 1271 1457 Herculem,

643 1493 851 1552 monstrumne
872 1487 1040 1552 submisere
1065 1485 1171 1551 Golebi
1280 1559 1281 1562 Ἴ

643 1595 748 1658 mainis
769 1594 979 1659 Edetaniaeoe
1004 1593 1130 1658 lloebae.

556 1717 598 1783 65
645 1739 758 1784 rnaaes
774 1719 944 1800 masnada,
961 1718 1126 1800 pulobriar
1148 1718 1262 1792 euenit·

645 1825 763 1904 innitere,
787 1825 887 1889 rnulta
904 1831 1035 1906 proruet
1056 1827 1211 1907 inteprurn

644 1952 713 1996 aune
736 1933 831 1996 laude
852 1934 1005 2011 oiotorenr,
1027 1936 1166 2015 paretque

636 2039 762 2120 proelia
784 2039 965 2121 eoninpubus
988 2039 1149 2120 loquenda.

645 2162 834 2246 Cartbapini
856 2165 923 2228 iarn
946 2185 1010 2229 nan
1033 2184 1085 2246 epo
1107 2163 1234 2227 nuntios

556 2270 599 2336 70
645 2272 768 2336 uittam
790 2270 951 2351 superbos:
975 2270 1095 2355 oceidit,
1119 2270 1231 2334 oceidit

642 2397 711 2459 spes
733 2379 836 2442 onais
858 2383 886 2442 et
905 2378 1036 2458 fortuna
1059 2377 1158 2441 nostri

643 2485 782 2548 nominis
804 2484 1009 2548 Hasdrubale
1031 2485 1219 2564 interempto.

642 2608 691 2672 nil
714 2607 869 2672 Claudiae
891 2630 954 2673 non
971 2609 1143 2690 pasioiunt
1164 2627 1286 2690 uanus,

642 2735 721 2796 quas
743 2720 771 2779 et
793 2715 922 2797 benipno
945 2717 1075 2780 numine
1097 2715 1240 2797 Iuppiter

555 2819 597 2886 75
643 2821 782 2902 defendit
804 2826 832 2886 et
854 2841 946 2886 aurae
968 2841 1094 2904 sapaces

642 2929 810 3009 expediunt
824 2949 886 3010 ρον
908 2934 1001 2993 aanta
1024 2929 1101 2993 belli.

383 3068 422 3133 ln
446 3070 565 3153 quibus
590 3074 665 3133 sunt
693 3091 770 3134 sane
798 3092 879 3154 quae
903 3072 1000 3136 etiam
1027 3092 1113 3135 nune
1136 3071 1321 3155 interpretis
1344 3069 1514 3134 videantur
1537 3070 1618 3134 indi·

384 3198 472 3263 gere,
495 3175 551 3240 sed
578 3198 637 3241 nos
665 3176 773 3241 dedita
800 3199 898 3261 opera
924 3200 991 3243 non
1019 3200 1150 3263 agemus
1179 3176 1241 3241 nisi
1269 3177 1307 3241 de
1330 3176 1444 3242 ultima
1467 3177 1615 3241 carminis

385 3284 532 3368 stropha,
560 3284 612 3347 eui
640 3283 701 3348 hoe
728 3284 880 3370 contigit,
907 3288 944 3349 ut
971 3308 1011 3349 ne
1039 3284 1135 3349 hodie
1159 3284 1288 3368 quidem
1311 3284 1395 3348 inter
1418 3288 1616 3348 enarratores

385 3392 563 3475 conveniat,
587 3395 695 3455 utrum
715 3389 793 3456 haee
811 3390 1004 3456 Hannibalis
1024 3392 1121 3456 verba
1140 3392 1205 3456 sint
1228 3391 1405 3456 orationem
1429 3413 1520 3455 suam
1544 3412 1617 3454 con-

385 3497 544 3563 cludentis
572 3520 612 3561 an
641 3520 660 3562 a
682 3502 777 3582 poeta
801 3499 872 3582 ipso
896 3520 935 3562 ex
959 3503 1160 3580 rnamenta,
1186 3502 1223 3562 ut
1246 3498 1379 3562 carmini
1401 3498 1499 3561 finem
1523 3518 1617 3581 quae·

384 3607 478 3687 reret,
505 3603 656 3670 subiecta.
703 3604 847 3670 Fuerunt
875 3606 1004 3689 quidem
1032 3604 1161 3670 Horatii
1191 3604 1329 3671 editores
1357 3609 1423 3669 tam
1452 3606 1617 3687 superiore

385 3713 489 3775 aetate
509 3732 602 3794 quam
623 3711 807 3776 novissimis
825 3712 1025 3795 temporibus
1046 3714 1102 3795 qui
1119 3712 1203 3775 hana
1222 3711 1385 3795 stropham
1403 3713 1528 3795 partem
1548 3731 1617 3776 essa

385 3818 540 3882 orationis
565 3817 798 3883 Hannibalieae
825 3822 903 3883 nota
927 3818 1147 3904 signifiearent
1171 3822 1227 3883 aut
1251 3822 1335 3882 certe
1359 3840 1428 3882 eam
1452 3816 1542 3882 nulla
1565 3816 1617 3881 ad-

385 3923 489 3989 hibita
521 3924 728 3989 distinetione
761 3926 801 3990 ab
831 3948 868 3990 ea
899 3948 965 3990 non
994 3930 1209 4012 segregarent.
1251 3924 1313 4002 Qui
1341 3947 1416 3990 vero
1444 3924 1616 3989 Horatium

344 4058 371 4098 so
385 4032 622 4097 commentariis
645 4032 872 4096 illustrandum
891 4037 1053 4116 curarunt,
1071 4054 1181 4096 eanum
1201 4031 1349 4096 nonnulli
1372 4032 1504 4097 eandem
1527 4030 1616 4095 illam

385 4138 570 4222 opinionem
599 4136 704 4202 verbis
733 4137 900 4203 defendere
928 4143 1098 4223 conantur,
1126 4140 1160 4203 in
1184 4139 1302 4223 quibus
1324 4136 1349 4203 Ι.
1370 4136 1402 4203 O.
1423 4136 1561 4202 Orellius
1585 4141 1617 4202 et

385 4246 442 4330 qui
470 4244 538 4309 eius
567 4266 648 4329 opus
677 4248 874 4309 renovarunt
900 4245 952 4310 vel
975 4245 1078 4311 seauti
1102 4249 1190 4311 sunt:
1219 4245 1274 4310 sed
1297 4246 1400 4311 maior
1422 4266 1497 4329 pars
1521 4244 1617 4308 inter-

384 4356 511 4437 pretum
535 4350 726 4416 contrariam
750 4353 909 4418 rationem
928 4353 1076 4437 amplexa
1095 4357 1272 4417 extremum
1292 4351 1443 4416 caminis
1461 4350 1556 4415 ealon
1575 4350 1615 4414 ab

385 4458 577 4525 Hannibalis
607 4459 751 4523 oratione
778 4459 1007 4524 secernendum
1037 4459 1190 4544 decrevit,
1218 4461 1246 4524 si
1270 4459 1398 4543 quidem
1421 4461 1497 4543 post
1519 4456 1617 4521 Fran-

384 4567 503 4630 ciseum
522 4564 686 4630 Ritterum
704 4564 842 4629 Horatio
865 4588 893 4629 a.
914 4564 1000 4630 1856
1025 4565 1112 4631 edito
1136 4565 1253 4631 aeriter
1275 4588 1334 4650 pro
1358 4587 1395 4629 ea
1418 4568 1616 4651 pugnantem

384 4693 457 4737 aum
480 4671 619 4737 Adultus
642 4672 860 4757 Kiesslingius
884 4671 1057 4737 Horatium
1081 4672 1130 4737 bis
1160 4673 1222 4737 iam
1246 4694 1274 4736 a.
1300 4671 1385 4736 1884
1409 4674 1441 4736 st
1462 4669 1548 4734 1890
1570 4671 1617 4735 in·

384 4778 515 4863 geniose
538 4779 768 4863 interpretatus
790 4783 858 4843 tum
876 4778 911 4843 L.
926 4777 1102 4844 Muellerus
1126 4802 1222 4865 opere
1240 4782 1391 4862 postumo
1415 4799 1442 4841 a.
1464 4776 1551 4842 1900
1574 4776 1614 4840 ab

385 4884 497 4947 amieis
525 4884 594 4949 eius
621 4884 786 4969 publicato
814 4887 848 4950 in
877 4886 1009 4950 eandem
1039 4887 1230 4951 sententiam
1258 4887 1363 4950 ierunt
1391 4906 1526 4969 eamque
1549 4884 1616 4949 suis
