3967 5725
535 612 586 665 ΒΕ
603 612 725 664 VERBO
744 613 920 664 ΔΦΕΙΔΕΙΝ
937 613 977 663 IN
997 610 1198 664 SOPHOOLIS
1216 612 1414 664 ANTIGONA.
1527 609 1591 674 17¹3

356 774 490 838 omnino
514 773 667 838 credibile
685 794 753 838 esse
773 775 860 858 quod
874 773 1079 838 Hermannus
1100 777 1254 839 statuerat
1273 773 1425 858 ἀφειδεῖν
1443 775 1592 838 universe

356 883 424 944 vim
451 881 637 965 negligendi
664 883 716 944 vel
743 880 969 946 contemnendi
996 881 1152 965 induisse,
1180 881 1267 964 quod
1295 880 1411 965 quibus
1436 880 1591 965 exemplis

355 989 530 1052 monstrari
543 986 766 1074 lexicographi
779 988 973 1072 putaverint,
988 985 1165 1072 Strabonis
1179 987 1346 1071 Euripidis
1363 985 1482 1074 (Iphig.
1497 986 1590 1053 Taur.

358 1092 473 1180 1354),
500 1093 668 1179 Apollonii
690 1094 812 1159 Rhodii
835 1091 977 1182 (1338),
1005 1096 1045 1160 iis
1073 1117 1140 1160 non
1166 1094 1228 1158 hoc
1253 1095 1384 1179 probari
1407 1095 1462 1159 sed
1485 1094 1591 1159 ubivis

354 1205 520 1286 propriam
553 1203 634 1266 ‘non
666 1199 835 1285 parcendi'
863 1203 1029 1266 notionem
1057 1203 1224 1286 perspicue
1252 1203 1397 1287 agnosci;
1429 1201 1486 1286 qui
1514 1222 1591 1265 vero

355 1331 467 1373 versus
490 1311 605 1373 unicus
628 1308 796 1392 Apollonii
820 1307 933 1396 (1198)
958 1309 999 1374 οὐ
1023 1307 1053 1372 δ’
1081 1311 1145 1392 ἀρα
1164 1308 1331 1393 Βέβρυκες
1354 1310 1475 1392 ἀνδρες
1498 1307 1591 1392 ἀφεί-

355 1417 463 1499 δησαν
485 1420 644 1500 βασιλῆος
666 1418 701 1481 in
724 1417 918 1481 contrariam
936 1420 1062 1500 partem
1080 1417 1185 1481 valere
1204 1415 1375 1499 videretur,
1398 1417 1433 1480 in
1451 1435 1489 1480 eo
1507 1413 1590 1480 Mer-

354 1522 478 1587 kelium
500 1525 624 1588 censuit
642 1545 700 1588 suo
720 1525 789 1589 iure
808 1547 827 1588 a
846 1522 1070 1590 Choerobosco
1090 1525 1300 1610 grammatico
1320 1521 1496 1587 exhibitam
1515 1523 1591 1586 suri-

355 1633 484 1714 pturam
502 1628 673 1713 ἀκηδησιιν
691 1631 839 1696 codicum
857 1630 989 1695 lectioni
1008 1629 1212 1715 praetulisse,
1236 1633 1268 1693 et
1286 1630 1369 1694 hanc
1390 1650 1499 1696 vocem
1517 1650 1590 1712 pro-

355 1735 463 1802 babile
486 1758 555 1801 esse
579 1737 676 1802 etiam
698 1739 733 1802 in
751 1759 846 1802 versu
864 1736 1049 1824 Antigonae
1068 1737 1176 1802 locum
1193 1737 1354 1821 habuisse,
1377 1743 1410 1801 sl
1424 1760 1474 1812 τις
1492 1734 1591 1801 τοῦδ’
1605 1763 1631 1804 rc

355 1844 546 1928 ἀκηδήσοι
574 1845 695 1926 πόνου,
726 1844 759 1909 id
784 1867 822 1910 eo
845 1845 1066 1930 verisimilius,
1095 1846 1171 1928 quia
1193 1845 1252 1910 has
1275 1845 1447 1909 verborum
1469 1842 1589 1908 formas

353 1953 452 2016 etiam
480 1951 558 2015 alibi
583 1949 790 2016 librariorum
814 1973 920 2016 errore
943 1953 1028 2017 inter
1051 1973 1084 2016 se
1107 1956 1305 2035 permutatas
1329 1973 1397 2016 esse
1421 1954 1589 2015 constaret.

354 2057 443 2134 Quae
471 2062 538 2122 erat
565 2058 705 2122 hominis
733 2058 944 2146 intelligentis
969 2063 1000 2123 et
1024 2060 1110 2124 acuti
1134 2059 1323 2143 disputatio,
1353 2059 1408 2142 qui
1432 2058 1494 2122 hoc
1522 2057 1590 2142 agit

353 2169 391 2229 ut
413 2169 677 2251 argumentorum
699 2167 741 2249 vi,
765 2188 838 2230 cum
857 2166 1064 2248 demonsiret,
1088 2165 1152 2230 alia
1170 2165 1297 2248 refellit,
1321 2165 1444 2248 aliquid
1463 2163 1590 2246 efficiat,

355 2272 443 2355 quod
469 2272 600 2355 probari
629 2273 700 2336 aliis
729 2274 846 2356 possit;
873 2295 933 2338 nec
956 2273 1060 2338 defuit
1083 2293 1257 2337 successus.
1299 2272 1385 2338 Raro
1409 2271 1488 2336 alias
1511 2269 1590 2334 divi-

353 2378 484 2443 natione
502 2381 598 2444 unius
617 2379 783 2444 inventum
802 2380 881 2444 adeo
901 2383 1065 2446 communi
1085 2380 1229 2446 omnium
1248 2400 1405 2446 consensu
1424 2381 1590 2461 acceptum

354 2490 411 2551 ost
447 2485 652 2571 Receperunt
679 2487 821 2552 Bonitzii
853 2487 1015 2570 ἀκηδήσοι
1043 2489 1153 2552 nescio
1182 2489 1262 2570 quot
1289 2484 1485 2551 editionibus
1512 2483 1592 2548 Din-

355 2594 475 2658 dorfius
498 2597 531 2658 et
554 2594 610 2678 qui
629 2597 753 2658 sextam
772 2594 934 2660 Dindorfii
952 2593 1208 2659 Teubnerianam
1227 2595 1354 2678 paravit
1372 2593 1487 2680 Siegfr.
1501 2591 1592 2656 Meir-

354 2701 453 2786 lerus3
471 2701 651 2766 Meinekius
669 2702 820 2785 probavit
839 2702 925 2768 edita
939 2700 1112 2788 Antigona,
1132 2723 1327 2785 quamquam
1341 2702 1375 2766 in
1389 2699 1482 2766 Anal.
1496 2701 1587 2766 Alex.

351 2831 384 2893 p.
401 2807 465 2873 130
478 2807 690 2892 Apollonium
707 2810 727 2875 l.
743 2831 768 2875 c.
787 2808 973 2895 ἀφείδησαν
991 2810 1100 2894 potius
1120 2831 1217 2894 quam
1237 2808 1406 2893 ἀκηδησιιν
1425 2809 1630 2894 scripsissem

354 2914 567 3000 existimarat,
594 2914 761 2982 Nauckius
784 2939 851 2981 non
873 2940 938 2981 una
960 2918 1066 2983 solum
1089 2919 1231 2982 editione
1253 2918 1386 3001 recepit,
1412 2916 1590 3001 probarunt

357 3020 542 3106 Seyffertus,
565 3022 765 3108 Wecklinus,
788 3024 844 3108 qui
867 3024 908 3089 ab
927 3024 1112 3110 Antigonae
1136 3046 1231 3088 versu
1253 3024 1416 3109 profectus
1441 3025 1537 3089 etiem
1555 3026 1591 3088 in

353 3128 484 3195 Electra
505 3130 526 3194 l.
551 3151 576 3194 c.
599 3140 707 3215 ψυχῆς
730 3131 936 3215 ἀιιηδησιιντε
958 3132 1073 3215 reponi
1095 3133 1210 3218 suasit,
1239 3130 1427 3213 TurneriuS‚
1450 3128 1590 3215 Iebbius,

299 3246 339 3303 16
356 3240 389 3301 et
412 3238 484 3320 quis
506 3238 594 3301 non‘?
631 3237 757 3303 Horum
780 3242 887 3303 tamen
910 3240 1054 3303 omnium
1076 3260 1171 3303 nemo
1195 3239 1229 3303 in
1252 3260 1320 3302 rem
1343 3238 1512 3321 inquisivit
1534 3237 1590 3303 sed

354 3346 499 3409 contenti
530 3365 615 3409 nova
647 3345 806 3429 scriptura
837 3349 998 3411 vetustam
1030 3346 1243 3429 interpretum
1276 3366 1401 3410 crucem
1429 3344 1589 3409 sublatam

353 3455 574 3537 propagarunt
598 3452 702 3516 securi
726 3452 812 3537 quod
836 3452 1016 3536 speciosum
1040 3474 1108 3519 esre
1130 3474 1225 3517 nemo
1244 3473 1361 3537 negare
1380 3455 1514 3536 poterat.
1545 3452 1590 3515 lit

353 3561 462 3621 tamen
483 3559 689 3642 perspicuum
712 3581 781 3623 esse
804 3563 931 3643 poterat
949 3558 1134 3625 Bonitzium
1157 3582 1223 3623 non
1246 3560 1352 3624 dedita
1376 3581 1474 3643 opera
1493 3560 1590 3645 signi-

353 3664 520 3729 ficationes
545 3687 626 3749 quae
649 3671 757 3731 essent
778 3665 869 3730 verbi
893 3665 1073 3731 addubitati
1097 3668 1280 3750 explorasse
1304 3666 1360 3731 scd
1383 3665 1500 3731 bonum
1518 3688 1590 3750 pur-

352 3775 419 3837 tem
442 3772 631 3856 pependisse
655 3772 694 3836 ab
718 3773 758 3837 iis
778 3794 859 3856 quae
882 3771 923 3837 ab
943 3772 1014 3837 aliis
1034 3772 1132 3838 allata
1149 3773 1239 3836 vidit.
1279 3763 1362 3837 Οἷοιι
1381 3774 1485 3848 εὐθὺς
1504 3773 1590 3857 apud

352 3876 563 3963 Apollonium
592 3878 755 3943 Rhodium
783 3880 852 3944 eius
878 3880 970 3944 verbi
998 3902 1076 3945 usus
1104 3902 1170 3944 non
1198 3879 1262 3944 illis
1291 3879 1416 3943 duobus
1443 3879 1589 3944 versibus
1604 3904 1630 3943 co

353 3986 535 4051 continetur
563 4007 644 4070 quos
669 3986 750 4051 forte
773 3986 941 4051 Bonitaius
965 3988 1005 4053 ab
1030 3986 1103 4051 aliis
1123 3986 1242 4053 citatos
1266 3985 1428 4069 adhibuit,
1456 3985 1513 4050 sed
1535 4009 1588 4070 pa-

352 4092 417 4157 tuit
443 4092 541 4157 latius
569 4115 628 4158 nec
655 4098 741 4158 recte
769 4093 904 4158 iudicari
931 4094 1039 4177 potuit
1064 4094 1129 4158 nisi
1152 4092 1301 4158 omnibus
1325 4113 1397 4156 cum
1421 4114 1497 4158 cura
1520 4115 1590 4177 per-

353 4200 480 4283 spectis.
517 4199 630 4285 Itaque
658 4221 732 4265 cum
759 4204 834 4265 ante
856 4200 981 4285 aliquot
1004 4223 1105 4265 annos
1124 4200 1344 4287 Argonautica
1366 4199 1589 4286 relegeremus,

352 4327 419 4370 non
441 4306 503 4371 hoc
527 4307 676 4391 consilio,
700 4308 755 4371 sed
779 4311 886 4372 tamen
910 4312 947 4373 ut
968 4330 1009 4372 ne
1032 4308 1116 4372 hanc
1140 4307 1269 4392 quidem
1293 4307 1513 4390 quaestionem
1536 4330 1589 4372 ne-

306 4475 310 4481 .
353 4411 559 4499 gligeremus,
582 4414 658 4479 ilico
681 4414 775 4479 nobis
798 4437 988 4499 persuasum
1012 4418 1060 4479 est
1082 4415 1197 4479 falsam
1216 4436 1284 4479 esse
1304 4413 1445 4478 Bonitzii
1464 4417 1588 4477 senten-

354 4519 434 4584 tiam
457 4525 490 4585 et
511 4520 712 4604 postliminio
735 4521 971 4587 restituendum
995 4544 1064 4586 esse
1081 4522 1215 4586 verbum
1235 4522 1415 4604 antiquitus
1433 4521 1588 4587 traditum

352 4627 495 4691 Bonitzii
518 4630 702 4693 coniectura
724 4633 844 4693 temere
867 4629 906 4692 de
929 4651 987 4693 sua
1011 4628 1084 4693 sede
1103 4628 1271 4703 deiectum.
1309 4627 1522 4705 Quamobrem
1540 4650 1588 4692 re-

354 4735 501 4799 veniente
531 4736 751 4819 prooemiandi
779 4736 970 4801 necessitate
999 4758 1037 4801 ex
1063 4734 1124 4799 hac
1148 4734 1277 4819 quidem
1301 4739 1392 4819 parte
1415 4736 1588 4820 profligare

353 4842 381 4905 si
408 4863 580 4926 possumus
607 4841 691 4907 hanc
714 4843 934 4926 quaestionem
958 4845 1102 4907 animum
1125 4842 1324 4925 induximus,
1352 4863 1424 4907 cum
1448 4864 1587 4926 praeser-
