3967 5725
384 651 449 715 568
603 654 703 705 LXIII.
721 654 837 703 INDEX
856 652 1069 704 LECTIONUM
1087 655 1320 705 AESTIVARUM
1339 657 1416 706 1906.

382 814 443 879 His
468 814 597 899 quidem
619 815 725 879 verbis
748 816 895 900 receptis,
919 819 956 879 ut
978 808 1041 879 ia‘m
1066 814 1150 880 hanc
1173 815 1350 879 oraticnem
1374 815 1441 880 suis
1463 816 1613 882 laudibus
1629 822 1667 879 11

381 922 560 1006 laudemus,
588 921 671 986 nihil
697 925 841 986 mutatur
864 922 898 985 in
925 922 966 985 iis
995 943 1077 1004 quae
1105 922 1224 1006 scripta
1251 920 1349 987 habet
1372 922 1484 1008 codex,
1508 924 1615 1003 simul,

381 1028 469 1113 quod
483 1032 532 1093 est
551 1028 686 1093 alterum
706 1031 818 1094 ebrum
837 1028 955 1112 quibus
973 1030 1008 1093 in
1025 1030 1203 1112 reparando
1223 1029 1379 1093 orationis
1398 1029 1524 1095 defectu
1542 1053 1614 1115 pro-

382 1135 464 1219 spici
478 1136 635 1218 iubemus,
650 1157 745 1200 causa
764 1140 813 1199 est
827 1135 944 1199 erroris
959 1140 1085 1220 aperta:
1101 1158 1140 1199 ex
1154 1134 1282 1200 duabus·
1293 1135 1440 1219 partibus
1459 1137 1616 1201 orationis

380 1244 416 1306 in
430 1242 566 1307 eundem
580 1242 704 1307 exitum
718 1242 939 1307 desinentibus
959 1240 1181 1330 (περιτιθέναι
1196 1280 1238 1288 -
1254 1240 1467 1329 ἀποδιδόναι)
1482 1243 1616 1308 alteram

381 1348 506 1415 librarii
534 1350 705 1414 oscitantia
733 1350 957 1433 praetermisit.
1000 1348 1101 1413 Porro
1134 1351 1321 1433 exceptione
1350 1351 1516 1415 universae
1546 1373 1616 1415 sen·

381 1457 501 1521 tentiae
522 1457 590 1520 ‘rite
618 1461 651 1520 et
679 1478 718 1520 ex
745 1480 807 1521 usu
837 1453 908 1542 (per
934 1458 1023 1539 πλὴν
1049 1456 1256 1542 particulam)
1283 1456 1427 1521 subiecta
1450 1479 1487 1521 eo
1511 1461 1618 1543 magis

381 1562 589 1647 perspicuum
608 1563 655 1646 fit,
678 1562 761 1627 nihil
784 1563 1063 1645 conspurcatus
1085 1584 1144 1627 nec
1167 1563 1280 1639 ἀλλοις
1302 1585 1406 1647 neque
1428 1562 1620 1649 ἐπιχωρίοις

381 1669 562 1735 addendum
575 1670 688 1756 fuisse3
703 1674 735 1735 et
748 1669 843 1734 nobis
857 1692 922 1733 une
936 1668 1073 1734 addendi
1087 1690 1184 1753 opera
1199 1669 1331 1755 defungi
1344 1671 1470 1736 licebat.
1486 1670 1617 1756 Optime

228 1783 230 1787 ’
342 1804 368 1844 ιι
383 1780 491 1842 autem
514 1777 599 1841 inter
618 1798 651 1841 se
671 1777 792 1862 opponi
810 1780 945 1861 apparet
966 1778 1027 1860 τὴν
1046 1777 1188 1861 πάτριον
1207 1778 1311 1842 αὑτοῦ
1330 1784 1485 1860 γλῶσσαν
1503 1783 1536 1844 et
1554 1780 1619 1863 τὴν

382 1880 418 1948 δὲ
434 1883 610 1968 ἐπιχώριον
624 1885 713 1971 αὐτῷ
728 1882 852 1971 ἐκείνω,
871 1888 904 1948 et
922 1884 1077 1967 quoniam
1092 1883 1260 1949 Kaibelius
1279 1884 1458 1970 ἐπιχώριον
1476 1884 1619 1951 ἑκάστου

381 1990 497 2054 meluit
521 2012 617 2075 quem
641 1989 821 2075 ἐπιχώριον
843 1990 943 2079 αὐτῷ,
965 2013 1033 2055 non
1056 1991 1235 2056 omittimus
1259 1993 1357 2058 uerbo
1381 2015 1511 2057 monere
1534 1994 1619 2058 nihil

380 2098 532 2163 usitatius
547 2120 615 2163 esse
630 2120 727 2181 quam
746 2120 820 2163 cum
839 2098 1004 2186 ἐπιχωρίῳ
1023 2100 1230 2164 coniunctum
1244 2100 1376 2164 tertium
1396 2120 1514 2183 casum,
1528 2103 1620 2165 velut

382 2204 567 2289 Pausanias,
590 2209 628 2269 ut
646 2205 709 2270 hoc
728 2210 864 2288 utamur,
887 2206 1073 2288 v1117,10
1096 2206 1209 2271 scribit
1227 2209 1421 2290 νομίζουσιν
1443 2207 1505 2292 οὐχ
1529 2209 1617 2273 οὕτω

385 2314 432 2376 τὰ·
452 2310 487 2388 ές
514 2314 574 2377 τὸν
593 2310 725 2396 Ἄττην,
749 2312 834 2377 ἀλλὰ
861 2310 1035 2396 ἐπιχώριός
1063 2311 1155 2378 ἐστιν
1183 2315 1282 2389 ἀλλος
1310 2318 1430 2397 σφίσιν
1457 2312 1491 2391 ἐς
1514 2316 1620 2380 αὐτὸν

384 2422 483 2502 λόγος
506 2421 558 2483 vel
576 2418 658 2483 ibid.
678 2420 730 2502 21,
751 2421 768 2482 I
795 2420 986 2484 Ποσειδῶνι
1007 2472 1035 2484 ..
1054 2421 1109 2485 καλ
1129 2421 1198 2506 ἰδία
1217 2424 1335 2505 σφίσιν
1354 2418 1513 2506 ἐπιχώρια
1536 2424 1620 2487 ὄντα

382 2524 568 2613 (ὀνόματα)
586 2526 718 2591 ἕκαστοι
746 2529 905 2591 τίθενται.
944 2526 1054 2591 Unum
1082 2530 1183 2591 restat
1211 2527 1297 2611 quod
1325 2527 1376 2593 vel
1404 2528 1542 2593 maxime
1567 2529 1618 2593 de-

381 2633 544 2697 fendentis
559 2655 689 2717 operam
705 2634 852 2716 requirit,
865 2655 906 2698 ne
923 2632 1076 2697 labantur
1093 2656 1203 2698 rursus
1222 2656 1304 2718 quae
1318 2635 1412 2699 nobis
1431 2634 1621 2713 videbamur

381 2740 507 2807 firmius
526 2739 731 2823 stabilivisse,
754 2738 834 2804 illud
859 2740 995 2804 dicimus
1018 2741 1106 2824 quod
1123 2741 1202 2805 haec
1222 2740 1284 2805 sibi
1303 2742 1464 2806 contraria
1481 2742 1618 2807 fecimus

342 2875 369 2914 ιο
384 2848 428 2913 οὐ
457 2848 581 2931 ταύτην
610 2846 823 2928 ἀποδιδόναι,
851 2848 912 2931 τὴν
935 2849 957 2912 δ
962 2848 979 2913 b
1001 2845 1180 2933 ἐπιχώριον
1203 2849 1299 2937 αὐτῷ.
1336 2848 1399 2914 Sed
1422 2850 1504 2914 hanc
1527 2849 1617 2915 dubi-

383 2957 542 3020 tationem
568 2955 596 3018 si
626 2976 689 3039 que
716 2959 766 3019 est
793 2954 909 3018 tollent
938 2955 1085 3038 exempla
1107 2978 1210 3039 pauca
1233 2958 1360 3041 selecta,
1382 2957 1523 3042 primum
1547 2957 1617 3022 Pla·

383 3061 480 3145 tonis,
504 3061 596 3126 cuius
620 3061 671 3124 vel
694 3061 774 3128 haec
797 3065 873 3126 sunt
896 3061 934 3125 de
957 3062 1086 3148 legibus
1106 3080 1118 3125 Ι
1136 3086 1167 3147 p.
1182 3064 1279 3129 637d

480 3193 492 3200 ‘¹
517 3167 601 3251 λέγω
626 3169 663 3234 δὲ
687 3168 757 3234 οὐκ
781 3175 878 3234 οίνον
900 3167 975 3254 περὶ
998 3171 1128 3246 πόσεως
1150 3171 1187 3236 τὸ
1211 3173 1368 3254 παράπαν
1392 3172 1411 3255 ἢ
1435 3175 1489 3256 μή,
1512 3172 1620 3257 μέθης

455 3287 469 3308 ”
516 3273 557 3340 δέ
581 3276 683 3360 αὐτῆς
706 3275 791 3359 πέρι,
813 3279 958 3361 πότερον
981 3329 1011 3340 ..
1036 3277 1207 3361 χρηστέον,

383 3383 435 3446 vel
459 3382 535 3447 ibid.
559 3406 590 3467 p.
610 3382 706 3447 640b
1382 3431 1385 3436 -

515 3500 580 3555 νῦν
598 3490 638 3554 δέ
654 3514 692 3574 γε
703 3493 750 3556 οὐ
766 3491 992 3572 στρατοπέδου
1006 3490 1082 3574 περὶ
1098 3491 1238 3575 λέγομεν
1251 3492 1411 3578 ἄρξοντος
1425 3492 1463 3559 ἐν
1477 3494 1618 3578 ἀνδρῶν

517 3597 661 3678 ὁμιλίαις
679 3596 813 3682 ἐχθρῶν
833 3596 968 3682 ἐχθροῖς
987 3600 1068 3679 μετά
1086 3598 1245 3683 πολέμου,
1265 3602 1375 3682 φίλων
1393 3599 1422 3666 δ’
1446 3599 1483 3666 ἐν
1502 3603 1617 3685 εἰρήνη

515 3706 598 3787 πρὸς
613 3707 734 3789 φίλους
753 3709 1031 3789 κοινωνησόντων
1045 3707 1311 3789 φιλοφροσύνης,
1330 3729 1412 3790 quae
1425 3707 1524 3792 plana
1542 3712 1618 3772 sunt

382 3815 416 3874 et
430 3811 575 3877 mutandi
588 3811 718 3876 licentia
731 3816 862 3895 sumpta
877 3810 1104 3897 obscurantur3
1119 3813 1170 3877 vel
1183 3817 1221 3876 ut
1234 3814 1297 3877 tria
1311 3814 1376 3878 sint
1392 3814 1469 3879 ibid.
1483 3815 1618 3899 p.6430

342 3945 369 3986 so
518 3919 562 3984 οὐ
592 3920 654 4002 γὰρ
682 3929 786 3984 ταῦτα
812 3916 1011 4003 ἡγουμένων
1038 3920 1082 3995 ὡς
1109 3916 1190 3984 ἔοικ’
1222 3913 1307 3984 εἶναι
1330 3922 1486 3986 παιδείαν
1509 3923 1526 3988 ὁ
1550 3932 1618 3987 νῦν

519 4029 617 4109 λόγος
639 4025 682 4091 ἀν
706 4033 765 4111 είη,
788 4028 849 4109 τὴν
872 4023 913 4091 δέ
936 4026 1021 4110 πρὸς
1043 4025 1164 4111 ἀρετὴν
1188 4025 1222 4090 ἐκ
1245 4029 1376 4092 παίδων
1398 4030 1561 4094 παιδείαν.

385 4131 448 4209 Qui
470 4155 547 4197 usus
571 4135 693 4199 multus
717 4137 765 4197 est
788 4135 821 4197 in
843 4133 955 4198 libello
979 4132 1055 4216 περὶ
1079 4133 1196 4215 ὕψους,
1220 4136 1309 4199 velut
1332 4137 1510 4200 xxxvl114

518 4240 563 4304 οὐ
589 4242 652 4325 γὰρ
676 4242 713 4305 τὸ
737 4250 870 4325 πρᾶγμα
893 4240 989 4305 ἕνεκα
1013 4251 1070 4325 τῆς
1093 4242 1279 4325 ὑπερβολῆς
1296 4245 1619 4326 παραλαμβάνεσθαι

519 4348 625 4428 δοκεῖ,
653 4347 672 4430 ἡ
696 4347 864 4431 ὑπερβολὴ
889 4346 919 4412 δ’
946 4348 1092 4432 εὐλόγως
1115 4355 1301 4430 γεννᾶσθαι
1323 4350 1407 4432 πρὸς
1429 4359 1490 4414 τοῦ
1513 4352 1616 4434 πράγ-

518 4478 628 4538 ματος.

386 4560 448 4624 Sed
472 4563 534 4626 hoc
552 4562 703 4646 persequi
723 4562 977 4646 supersedemus,
1000 4563 1232 4646 praevertimus
1255 4561 1304 4626 illi
1323 4561 1460 4627 Dionem
1481 4561 1621 4648 Chryso·

385 4673 534 4750 stomum,
558 4670 649 4733 cuius
672 4690 754 4752 quae
777 4672 853 4733 sunt
876 4669 910 4732 in
933 4690 976 4732 or.
996 4669 1108 4732 xnv2

519 4775 602 4858 παρ’
627 4775 707 4859 ὑμῖν
730 4772 767 4840 δὲ
790 4774 833 4840 ἀν
856 4773 965 4852 διεξίω
992 4776 1052 4840 τὸν
1075 4785 1132 4858 τῆς
1155 4785 1266 4860 φυγῆς
1289 4779 1422 4862 χρόνον,
1446 4777 1516 4842 οὐκ
1539 4778 1621 4843 ὀδύ-

519 4885 642 4964 ρεσθαί
662 4905 702 4966 με
726 4884 824 4966 φήσει
848 4906 908 4964 τις,
931 4885 1019 4946 πολὺ
1043 4884 1063 4947 δ
1069 4879 1084 4946 b
1109 4887 1237 4966 μᾶλλον
1261 4882 1528 4967 ἀλαζονεύεσθαι,
