3967 5725
397 623 463 686 442
629 625 687 676 LV.
706 625 823 676 INDEX
839 623 1055 676 LEOTIONUM
1072 623 1306 676 AESTIVARUM
1324 627 1393 676 1902

485 782 547 851 His
562 787 717 872 expositis
731 787 868 851 fortasse
882 783 1049 872 continget
1062 783 1243 850 ut'versum
1251 783 1525 869 Aristophaneum
1535 807 1630 870 quem

397 915 494 979 supra
513 893 682 958 citavimus
701 895 821 959 certius
840 915 937 977 quam
956 891 1061 957 adhuc
1078 891 1200 958 factum
1219 896 1267 957 est
1286 893 1326 956 ad
1344 892 1564 978 integritatem
1583 915 1631 958 re·

396 1020 557 1066 vocemus.
602 999 724 1064 Versus
753 999 840 1064 enim
861 999 1020 1083 Equitum
1044 999 1100 1084 32,
1129 997 1225 1084 quem
1254 998 1331 1062 libri
1355 997 1509 1063 exhibent
1532 1011 1631 1065 ποῖον

396 1105 527 1192 βρέτας;
551 1105 644 1172 ἐτεὸν
666 1105 742 1190 ἡγεῖ
761 1108 825 1192 γὰρ
849 1107 966 1185 θεούς;
989 1105 1070 1190 pede
1092 1105 1200 1170 minor
1221 1109 1270 1170 est
1289 1108 1323 1170 et
1345 1105 1409 1169 sibi
1427 1126 1539 1171 vocem
1557 1105 1631 1170 addi

396 1214 430 1277 in
452 1213 558 1279 media
579 1218 679 1299 parte*
694 1215 825 1298 poscit.»
853 1211 928 1278 Sed·
941 1211 1199 1297 quissententia
1218 1213 1317 1297 plena
1341 1216 1398 1297 est,
1422 1213 1469 1277 sic
1491 1216 1529 1278 ut
1548 1211 1631 1277 nihil

397 1319 601 1400 desideretur,
626 1324 876 1387 consentaneum
899 1319 962 1402 est,
989 1321 1079 1384 nullo
1104 1320 1183 1385 duce
1206 1319 1318 1406 vagari
1341 1319 1453 1384 doctos
1478 1324 1509 1384 et
1532 1320 1631 1385 ambi-

397 1448 471 1513 gere
495 1427 534 1492 de
557 1425 775 1513 supplementi
798 1427 931 1496 ratione.
967 1425 1118 1510 Plerique
1142 1428 1199 1510 qui
1221 1425 1297 1491 huic
1318 1427 1424 1491 versui
1447 1449 1630 1492 succurrere

397 1533 590 1599 studuerunt
617 1534 658 1597 ad
684 1546 784 1600 ποῖον
803 1532 929 1618 ’βρέτας
956 1533 1031 1598 addi
1057 1534 1229 1598 voluerunt
1249 1532 1344 1617 'quod
1372 1555 1445 1598 cum
1473 1534 1632 1599 sententia

398 1663 524 1706 versum
548 1640 700 1725 expleret.
737 1639 800 1717 Sed
819 1662 903 1724 quae
927 1640 962 1704 in
980 1639 1068 1705 hano
1090 1644 1216 1725 partem
1239 1641 1406 1725 proposita
1425 1644 1508 1725 sunt*
1531 1650 1631 1706 ποῖον

356 1779 383 1819 10
396 1745 516 1833 βρέτας
534 1743 638 1831 εἶπας,
650 1746 760 1813 ποῖον
777 1742 915 1832 βρέτας;’
932 1746 1118 1832 φράζε-τέ
1138 1747 1166 1811 si
1185 1747 1256 1831 quis
1276 1748 1316 1814 ad
1334 1747 1502 1831 Euripidei
1520 1769 1632 1813 versus

396 1853 532 1920 formam
554 1876 652 1939 supra
669 1854 760 1920 allati
779 1853 911 1920 suadeat
928 1867 1028 1920 ποῖον
1046 1851 1169 1941 βρέτας
1184 1857 1260 1938 φής,
1285 1855 1422 1938 denique
1441 1863 1547 1920 ποῖον’
1558 1853 1630 1939 βρέ-

396 1960 454 2038 τας
466 1964 563 2047 πρός;
582 1965 619 2027 ut
632 1963 800 2027 mittamus
818 1963 881 2026 alia
896 1963 974 2041 olim
990 1960 1178 2044 coniectati,
1197 1961 1277 2028 haec
1292 1963 1400 2026 omnia
1413 1983 1491 2026 usus
1507 1963 1631 2026 curiose

396 2066 582 2154 exploratus
605 2071 737 2155 probari
758 2091 826 2134 non
848 2091 943 2155 posse
966 2068 1091 2133 clamat.
1129 2067 1214 2135 Nam
1240 2069 1333 2153 plena
1357 2073 1389 2133 et
1412 2069 1560 2134 absoluta
1581 2073 1632 2134 est

396 2176 473 2240 ista
487 2177 589 2242 oratio
616 2174 716 2242 croton
743 2175 875 2262 βρέτας,
904 2196 985 2261 quae
1014 2177 1132 2262 pendet
1160 2175 1421 2262 asuperi'oribus
1449 2175 1632 2261 nequeant

395 2285 530 2349 verbum
550 2281 902 2369 aut'praepo'sitionem·
913 2284 977 2348 sibi
996 2283 1070 2348 addi
1089 2283 1222 2369 flagitat.
1256 2282 1442 2368 Appellatio
1462 2283 1508 2348 ibi
1524 2281 1631 2349 locum

395 2389 514 2455 habere
542 2388 663 2476 potuit,
696 2391 764 2455 sive
791 2388 837 2454 ea¹
856 2391 957 2475 quam
980 2389 1148 2455 Dobraeus
1178 2389 1314 2455 coniecit
1341 2402 1441 2456 ποῖον
1465 2390 1582 2475 βρέτας
1605 2387 1631 2456 ὦ

395 2506 466 2580 τᾶν,
481 2498 548 2563 sive
567 2498 640 2580 quis
658 2497 816 2572 coniicere
833 2493 926 2562 malit
944 2500 1055 2562 ποῖον’
1061 2495 1185 2581 βρέτας
1198 2509 1287 2582 μῶρε
1307 2497 1460 2564 suadente
1478 2499 1535 2562 illa
1550 2519 1630 2582 quae

396 2607 445 2667 est
468 2601 496 2668 r.
514 2604 587 2668 162
610 2599 636 2669 ὦ
664 2615 752 2689 μῶρε
777 2604 875 2679 ποίας
890 2607 1172 2688 “κοτλέας,.αεφαε
1196 2602 1281 2668 enim
1303 2616 1392 2689 μῶρε
1405 2605 1521 2671 'minus
1545 2609 1631 2670 recte

397 2705 493 2793 quam
518 2703 655 2795 ὦμῶρέ
679 2710 742 2775 dici
764 2714 879 2778 uotum
902 2715 958 2775 est.
1004 2708 1068 2775 Sed
1083 2707 1172 2779 :illud
1197 2707 1385 2776 clementius
1409 2713 1506 2796 paulo
1530 2710 1630 2776 aDe·

356 2836 382 2885 ro
396 2815 563 2883 mosthene
591 2819 757 2903 prolatum
780 2816 909 2891 ridetur
935 2815 995 2902 pro
1025 2830 1062 2883 ea
1090 2839 1186 2903 qnam
1214 2815 1312 2884 habet
1325 2821 1511 2904 sententia,
1540 2830 1630 2905 μῶρε

396 2928 502 2990 autem
526 2926 554 2989 si
577 2928 646 2990 erat
668 2924 839 3009 adiectum,
861 2924 923 2990 hoc
945 2921 1015 2990 non*
1027 2920 1159 3010 ¹poterat
1176 2924 1242 2990 non
1260 2924 1443 3013 argumenti
1460 2928 1532 2992 loco
1552 2948 1630 3011 esse,

396 3032 448 3095 cui
462 3031 516 3096 vix
534 3029 768 3115 exspectaveris
787 3032 976 3116 superaddi
995 3032 1523 3119 seriaminterrogationemistam
1538 3034 1630 3099 ἐτεὸν

395 3138 469 3221 ἡγεῖ
496 3139 557 3223 γὰρ
586 3139 702 3224 θεούς;
730 3137 835 3214 Quare
862 3142 961 3205 missa
988 3141 1049 3205 hac
1063 3138 1347 3225 ..partesbeamus
1376 3141 1410 3204 in
1438 3142 1570 3206 alteram
1593 3145 1629 3205 ut

396 3243 586 3327 quaeramus
610 3246 726 3329 ecquid
749 3246 796 3310 ibi
813 3247 982 3332 praemitti
997 3252 1071 3331 apte
1089 3247 1241 3331 potuerit.
1278 3245 1316 3311 In
1334 3246 1418 3312 hano
1438 3244 1629 3312 sent-'entiam'

395 3350 575 3416 Meinekius
603 3353 774 3437 proposuit
802 3366 903 3419 ποῖον
929 3353 1061 3440 βρέτας;
1095 3351 1177 3438 φέρ’
1206 3352 1298 3419 ἐτεὸν
1324 3352 1398 3437 ἡγεῖ
1426 3355 1488 3439 γὰρ
1516 3354 1630 3437 θεούς,

396 3456 482 3541 quod
496 3460 623 3526 'mirum
641 3463 696 3523 est
719 3482 738 3523 a
761 3459 913 3539 Zachero,
924 3486 926 3490 ⁴
938 3460 1018 3526 cumr
1029 3462 1137 3525 multa
1158 3456 1296 3525 vanaet
1308 3511 1310 3517 ,
1323 3460 1502 3526 reiectanea
1524 3482 1629 3526 recen-

394 3568 473 3647 seat,
487 3586 535 3631 .ne
558 3567 861 3632 commemoratione
885 3564 1172 3653 quidemfdignum
1195 3566 1321 3637 haberi..
1351 3565 1426 3646 &Sed
1448 3567 1629 3633 Meinekius

394 3676 432 3736 ut
463 3674 568 3737 solent
599 3675 709 3759 magni
741 3674 940 3749 oritioivsuis
969 3674 1211 3759 opinationibus
1240 3674 1353 3739 confisi
1381 3676 1562 3758 expositam
1585 3676 1629 3751 ὡς

393 3780 497 3843 παῖδα
520 3780 736 3845 coniecturam
760 3780 909 3844 destituit
930 3802 1035 3864 neque
1059 3780 1230 3865 quicquam
1249 3781 1290 3845 ad
1312 3778 1383 3846 eam
1402 3781 1629 3846 stabiliendam

353 3886 505 3953 reattulit
522 3887 586 3951 nisi
602 3886 707 3952 ΦΕΡ’
720 3892 794 3953 ante
807 3892 840 3952 E
844 3886 940 3953 Tldoo
953 3887 1048 3951 facile
1062 3887 1170 3951 omitti
1189 3888 1358 3953 scribentis
1378 3889 1457 3953 vitio
1477 3889 1629 3973 potuisse.

396 3992 519 4069 Quodsi
541 3996 761 4080 exemplorum
784 3995 872 4058 nube
895 3989 1066 4080 docuisset,
1090 3997 1210 4079 quanto
1235 4004 1331 4079 opere
1350 4017 1421 4060 mos
1439 3993 1629 4079 Aristopha-

394 4121 474 4163 neus
502 4101 748 4187 interrogationi
775 4100 987 4186 praemissum
1017 4099 1098 4185 φέρε
1120 4100 1256 4186 fo'veretj
1285 4101 1357 4186 quis
1385 4124 1451 4167 non
1474 4103 1629 4168 ambabus

394 4205 478 4271 hanc
498 4208 726 4273 correctionem
745 4208 943 4294 arripuisset,
962 4229 1025 4291 qua
1043 4228 1156 4273 versus
1173 4208 1307 4273 mancus
1325 4211 1629 4294 suppletur‚10ratio

395 4317 501 4378 autem
524 4314 614 4379 nulla
634 4312 732 4401 'parte
761 4314 943 4381 cumulatur
960 4316 1026 4380 sed
1053 4320 1190 4401 augetur
1217 4320 1343 4381 tantum
1367 4314 1521 4401 eoquod
1543 4321 1630 4381 recte

395 4420 469 4484 addi
496 4444 574 4487 usus
601 4426 799 4487 monstratus
824 4422 919 4487 fidem
942 4422 1030 4488 facit.
1076 4422 1253 4507 Ergothoo
1280 4424 1406 4509 agimus
1421 4427 1468 4488 :ut
1489 4423 1629 4489 alienum

396 4526 521 4611 βρέφος
538 4532 650 4594 nostra
668 4550 743 4593 cura
761 4529 908 4594 tueamur
922 4527 960 4593 et
977 4550 1204 4595 caveamus-ne
1223 4530 1322 4596 semel
1335 4528 1448 4595 natum
1463 4530 1630 4617 indignam

396 4633 430 4695 in
454 4634 650 4700 oblivionem
675 4635 822 4701 reccidat.
896 4672 901 4677 -

485 4740 595 4825 Equit.
616 4742 680 4807 145
740 4741 838 4827 φέρε
859 4743 1009 4808 τοῦτὸν
1033 4744 1139 4827 ἄνδρα
1162 4752 1284 4810 τοῦτον
1307 4744 1539 4830 ἐξευρήσορεω
1673 4802 1681 4809 .

486 4846 625 4913 Acharn.
645 4849 708 4914 541
741 4848 825 4934 φέρ’
851 4852 882 4915 εἰ
904 4850 1179 4934 Λακεδαιμονίαν
1201 4875 1252 4928 τις
1274 4849 1453 4929 &misticae
1477 4851 1596 4935 σκάφει
