3967 5725
563 612 566 617 ·
649 589 698 639 nn
716 572 946 639 mmrnanno
966 588 1125 639 varnmo
1144 589 1300 639 manusc.
1533 566 1616 650 isa.

363 748 461 833 gisae:
490 750 610 833 quippe
637 770 703 813 non
730 751 850 832 fiducia
876 751 998 832 asperati
1022 751 1122 831 fretas
1149 750 1205 813 sed
1232 752 1357 832 iapeaio
1383 750 1483 831 fretas
1511 749 1597 813 Zeno

363 854 574 939 appellandus
598 859 666 920 erat
685 861 742 920 aut
760 856 823 919 alio
843 856 973 920 nomine
991 856 1100 940 posito
1118 856 1208 920 velut
1226 859 1259 921 ai
1277 863 1306 921 et
1321 857 1460 921 sollertia
1478 859 1601 940 imperti-i

361 963 476 1043 fretas;
505 962 556 1026 vel
581 964 608 1027 si
629 964 749 1045 fidaeia
772 965 893 1045 imperiii
915 965 1095 1048 placuerat,
1123 985 1188 1027 non
1209 964 1310 1044 fretas
1332 964 1388 1027 sed
1411 964 1476 1028 alio
1500 963 1599 1048 parti-

364 1067 449 1154 cipio
473 1069 618 1135 adhibito
643 1076 732 1135 tamta
750 1071 869 1152 fiducia
888 1072 1011 1152 imperiii
1028 1076 1129 1135 motas
1147 1072 1214 1134 sive
1233 1060 1342 1135 dactus
1360 1071 1521 1135 dicendus.
1559 1069 1599 1135 In

365 1199 428 1259 qua
451 1198 485 1240 re
508 1182 630 1241 tamtam
652 1199 711 1261 pro
735 1184 825 1242 taeta
847 1179 990 1262 positum
1014 1199 1074 1241 nos
1102 1177 1186 1241 nihil
1214 1178 1352 1242 adiuvat.
1397 1177 1474 1243 Fuit
1502 1179 1598 1242 etiam

365 1282 420 1366 qui
442 1284 542 1364 fretas
569 1284 738 1349 delendum
768 1289 923 1368 censeret,
955 1284 1003 1350 sic
1034 1306 1163 1369 quoque
1189 1284 1352 1367 probabili
1378 1285 1483 1349 forma
1509 1307 1599 1349 recu-

363 1394 475 1474 perata
494 1387 716 1477 (Apripeatam
732 1394 827 1474 petiit
844 1398 935 1457 tanta
956 1393 1076 1477 [telaria
1094 1394 1216 1474 imperiii
1233 1412 1272 1456 ac
1290 1413 1419 1471 moram,
1442 1398 1478 1456 at
1494 1413 1600 1475 spera

364 1495 464 1583 ecrit).
503 1496 564 1561 Sed
580 1497 636 1582 qui
651 1501 798 1563 naturam
812 1498 909 1563 huius
924 1499 1082 1564 orationis
1096 1499 1226 1584 penitus
1245 1500 1455 1583 perspexerit,
1474 1500 1600 1565 cavebit

364 1626 405 1667 ne
432 1605 586 1669 mutando
615 1605 709 1669 tollat
737 1606 825 1690 quod
847 1605 1013 1671 Valerium
1045 1606 1236 1689 prudentem
1268 1607 1416 1691 posuisse
1448 1604 1600 1673 credibile

366 1716 427 1797 est3
452 1734 524 1777 cum
547 1714 736 1796 praesertim
761 1714 915 1778 mutando
940 1714 967 1778 si
991 1712 1128 1777 salutem
1152 1736 1287 1798 quaeras
1306 1714 1376 1778 viae
1399 1713 1506 1778 variae
1528 1713 1599 1797 pari
1614 1737 1643 1777 ro

365 1820 432 1882 fere
454 1818 685 1903 probabilitate
708 1842 742 1884 se
766 1820 920 1903 aperiant.
965 1820 1141 1885 Enimvero
1165 1820 1314 1884 Valerius
1340 1842 1414 1884 cum
1436 1820 1600 1885 abundan-

366 1926 444 1991 tiam
477 1928 639 2010 quandam
672 1928 827 1991 orationis
861 1930 1001 1991 sectatus
1033 1948 1093 2011 pro
1126 1927 1267 2011 simplici
1299 1927 1430 1991 nomine
1468 1928 1601 1992 circum-

365 2032 529 2097 locutione
553 2038 706 2117 uteretur,
730 2034 846 2100 accidit
869 2039 906 2098 ut
929 2035 980 2099 bis
999 2034 1085 2099 idem
1104 2035 1209 2099 dicere
1228 2034 1398 2117 videretur,
1421 2056 1487 2098 non
1506 2034 1601 2119 plane

366 2140 522 2226 singulari
546 2140 578 2205 id
602 2142 731 2225 quidem
756 2144 912 2225 exemplo.
958 2140 1044 2206 Nam
1068 2141 1154 2225 quod
1179 2140 1292 2206 scribit
1314 2163 1344 2224 p.
1359 2140 1470 2225 464,5

501 2247 557 2313 Ca.
584 2246 684 2313 Carbo
713 2250 758 2313 ad
783 2249 972 2332 sappliciam
1001 2250 1111 2313 dadas
1131 2249 1226 2329 petiit
1252 2269 1274 2311 a
1301 2248 1454 2313 militibus
1479 2254 1516 2312 at
1540 2248 1602 2313 sibi

500 2356 606 2420 aleam
630 2356 731 2420 levare
746 2358 843 2438 prius
865 2378 961 2438 qaam
984 2358 1158 2437 exspiraret
1179 2356 1293 2433 liceret,
1321 2376 1379 2437 qao
1407 2357 1603 2421 miserrimae

500 2462 579 2527 iacis
601 2484 661 2528 asa
684 2463 804 2528 diatias
824 2465 989 2545 fraeretar,

366 2567 493 2634 etiamsi
521 2569 626 2633 minus
654 2571 791 2635 fortasse
819 2570 990 2634 offenderit
1017 2572 1177 2655 legentem
1207 2568 1326 2655 (neque
1354 2570 1441 2653 quod
1464 2570 1601 2634 sciamus

367 2676 536 2759 quisquam
568 2676 602 2740 in
632 2698 669 2742 eo
700 2676 828 2760 haesit),
857 2678 913 2742 vix
946 2682 1055 2741 tamen
1085 2677 1246 2742 diversum
1277 2681 1327 2741 est
1356 2676 1396 2741 ab
1427 2676 1484 2741 illo
1515 2676 1603 2761 quod

366 2782 460 2847 modo
495 2783 753 2869 disceptavimus.
800 2784 885 2849 Satis
919 2786 1006 2849 enim
1039 2789 1106 2848 erat
1140 2784 1202 2849 dici
1234 2806 1293 2867 qao
1326 2786 1507 2849 miserrima
1538 2784 1604 2848 tace
1617 2811 1646 2851 ao

367 2893 487 2956 diatias
508 2893 673 2973 frueretur,
696 2892 748 2957 vel
771 2892 799 2956 si
822 2893 963 2957 malebat
986 2895 1184 2958 miserrimae
1209 2893 1288 2957 lacis
1316 2914 1408 2957 asam
1432 2893 1603 2976 appellare,

367 2999 456 3063 aliud
479 2999 628 3084 verbum,
651 3021 716 3063 non
737 3002 819 3082 frmi,
843 2999 1024 3064 addendum
1049 3003 1130 3082 erat,
1153 3000 1242 3064 velut
1266 3001 1386 3065 diatias
1408 3001 1604 3066 miserrimae

367 3107 446 3171 imis
467 3127 559 3171 asam
582 3107 713 3171 baberet.
758 3107 855 3171 Nunc
878 3107 957 3172 tacis
979 3127 1040 3171 aaa
1059 3108 1129 3189 frat
1150 3129 1218 3172 non
1240 3106 1334 3171 aliter
1364 3107 1484 3171 dicitur
1507 3110 1603 3190 quam

367 3214 486 3296 fiducia
516 3216 637 3297 imperiii
664 3215 780 3295 fretam
810 3235 880 3280 esse.
927 3213 1041 3298 Neque
1071 3212 1152 3278 illud
1183 3213 1361 3298 comparari
1391 3235 1458 3277 non
1487 3217 1604 3297 potest,

253 3389 255 3394 ,
369 3342 563 3404 quamquam
588 3320 710 3404 aliquid
733 3321 857 3406 proprii
880 3321 987 3404 habet,
1011 3322 1099 3404 quod
1122 3322 1242 3407 legitur
1264 3320 1444 3404 p.207,10

507 3427 600 3492 Orere
618 3430 716 3510 ipitar
731 3478 737 3491 .
753 3478 759 3491 .
773 3428 847 3493 biae
859 3427 989 3493 Decime
1003 3429 1103 3506 Laeti,
1122 3428 1211 3492 tiliae
1224 3429 1274 3493 M.
1289 3429 1437 3510 Aqm'ppa
1451 3479 1458 3492 .
1473 3479 1480 3491 .
1494 3429 1605 3493 totam-

502 3556 559 3616 qae
577 3535 683 3599 beatae
701 3536 808 3600 iarbae
823 3557 953 3618 precem,
972 3537 1028 3617 qai
1044 3541 1141 3600 aestro
1160 3535 1253 3600 decta
1271 3535 1450 3600 temeranda
1467 3537 1606 3600 sincerae

481 3683 482 3686 =
503 3642 579 3724 aaa
595 3643 755 3724 stemmata
773 3643 920 3708 iaadibas
939 3649 966 3707 et
980 3645 1135 3726 praemiis
1158 3647 1286 3707 caedas
1302 3644 1430 3723 perepit,
1453 3644 1490 3705 ia
1508 3642 1605 3705 lacem

503 3749 658 3814 oobiseam
678 3751 862 3831 protrabite.

369 3852 454 3920 Nam
473 3878 543 3920 non
566 3877 640 3920 cum
662 3857 793 3920 nomine
816 3877 901 3920 nunc
921 3857 1054 3921 verbum
1074 3857 1216 3920 eiusdem
1235 3854 1378 3920 notionis
1397 3856 1603 3920 coniunctum
1619 3882 1647 3922 ao

371 3968 429 4040 est,
453 3963 508 4028 sed
532 3962 595 4026 duo
618 3963 750 4026 nomina
774 3984 874 4046 paene
897 3964 982 4028 idem
1007 3964 1223 4048 significantia
1247 3963 1293 4027 ita
1311 3983 1455 4027 connexa
1474 3966 1550 4026 sunt
1568 3966 1605 4026 ut

371 4070 507 4134 alterum
540 4070 580 4134 ab
611 4072 713 4134 altero
743 4074 875 4155 regatur
904 4075 937 4133 et
966 4071 1112 4154 pendeat.
1158 4069 1273 4154 Neque
1304 4069 1390 4133 enim
1421 4073 1488 4134 erat
1502 4067 1606 4152 'qnod

371 4181 466 4241 totam
497 4175 602 4240 beatae
631 4177 738 4240 tarbae
765 4197 886 4258 prepem
916 4177 1049 4259 diceret⁷
1082 4199 1155 4242 cum
1185 4180 1295 4260 posset
1324 4182 1420 4241 totam
1448 4177 1606 4241 beatarum

369 4304 490 4366 precem
513 4283 683 4348 relictam
712 4283 833 4348 beatam
861 4285 997 4361 tarbam,
1026 4284 1082 4347 scd
1110 4284 1216 4348 studio
1245 4282 1303 4347 illo
1332 4283 1606 4368 circumloquendi

371 4390 567 4454 factumest
594 4395 631 4454 ut
658 4390 766 4455 iarbae
791 4412 912 4473 precem
942 4394 1079 4455 vocaret.
1124 4390 1169 4454 Et
1192 4391 1256 4454 hoe
1279 4390 1365 4473 quod
1389 4391 1514 4474 proprii
1537 4411 1607 4454 esse

372 4496 407 4559 in
429 4495 492 4562 hoc
516 4496 663 4580 exemplo
687 4497 832 4580 dicimus,
855 4498 952 4561 latius
977 4501 1078 4581 patet:
1102 4499 1196 4580 quale
1220 4500 1268 4560 est
1292 4496 1425 4579 251,13

507 4604 557 4667 Μ.
576 4604 700 4668 Fabiae
722 4604 915 4686 triampbam
939 4605 1047 4668 dacae
1069 4625 1132 4669 aaa
1154 4605 1313 4681 sammaa,
1336 4606 1412 4686 qaia
1436 4625 1468 4668 eo
1485 4603 1607 4685 proelio

511 4711 545 4792 Q.
560 4701 682 4776 Fabios
694 4712 795 4792 frater
809 4713 875 4776 cias
893 4711 1067 4776 caasalam's
1082 4712 1253 4792 fortissime
1271 4710 1429 4775 dimicares
1446 4711 1606 4775 occiderat.

512 4818 670 4898 Qaaatam
693 4820 729 4882 im
752 4838 784 4881 ea
801 4823 923 4899 pectore
939 4819 1089 4898 pietatem
1106 4819 1268 4898 fraternae
1291 4819 1433 4881 caritatis
1451 4816 1607 4879 habitasse
