3967 5725
391 603 459 697 200
579 635 664 685 xun.
684 635 801 685 runax
818 634 1032 686 nucmouuu
1050 633 1293 685 umanuuncu
1312 629 1445 704 reessoc.

553 795 665 862 torcios
687 801 810 861 cruento
835 794 984 861 Xoctdos
1007 796 1241 874 medicato,

553 908 618 969 cut
640 922 718 968 com
740 901 895 984 superbo
918 903 1035 967 victor
1058 904 1098 967 ic
1121 922 1232 967 curro
1254 903 1359 984 stetit

551 1010 670 1093 cyo'tqoe
690 1009 829 1075 hohenoe
850 1009 1012 1074 Hectorem
1036 1015 1064 1074 et
1086 1011 1217 1074 Troiam
1239 1008 1373 1073 traheres
1488 1088 1491 1096 p

391 1114 482 1182 Haec
500 1138 583 1202 quae
601 1115 772 1201 selegimus
790 1138 894 1201 pauca
907 1115 946 1179 de
960 1115 1073 1181 multis
1088 1117 1144 1200 qui
1158 1115 1316 1180 curiosius
1330 1113 1387 1180 sed
1399 1114 1503 1181 libero
1518 1115 1627 1181 animo

391 1223 609 1308 rimabuntur,
630 1223 732 1306 ultro,
754 1221 968 1307 opinabimur,
991 1223 1088 1288 etiam
1112 1246 1131 1286 a
1154 1222 1247 1288 nobis
1270 1244 1335 1287 non
1359 1221 1550 1308 singillatim
1573 1222 1629 1286 ad·

392 1329 508 1396 moniti
526 1329 718 1416 intelligent,
736 1351 806 1394 csso
820 1350 889 1393 eam
905 1350 1002 1414 quam
1018 1329 1157 1394 diximus
1171 1333 1339 1414 poetarum
1353 1328 1628 1414 consuetudinem,

393 1437 572 1521 scitumque
598 1436 782 1502 libertatem
811 1437 967 1502 orationis
995 1437 1170 1502 cavendum
1198 1457 1329 1501 essene
1352 1457 1450 1520 prave
1472 1437 1628 1520 interpre-

394 1543 492 1610 tando
512 1564 754 1628 corrumpamus
773 1543 863 1608 etad
883 1542 1074 1607 deteriorem
1092 1543 1319 1609 formationem
1338 1547 1449 1609 nostro
1468 1544 1627 1609 arbitratu

394 1649 609 1715 detrudamus.
645 1647 759 1735 Itaque
781 1671 822 1713 ne
844 1649 1049 1733 Piopertium
1074 1650 1204 1734 quidem
1228 1673 1301 1715 cum
1325 1649 1437 1716 scribit

353 1784 380 1825 ro
768 1761 795 1821 ct
817 1757 933 1822 incedit
953 1757 1000 1822 cel
1022 1756 1095 1822 Ioco
1117 1758 1216 1841 diaco
1237 1778 1324 1824 soror

553 1869 609 1928 oct
630 1883 700 1928 com
723 1863 918 1946 Munychias
941 1863 1056 1930 Paltos
1077 1867 1235 1948 spatiotcr
1257 1865 1302 1930 od
1323 1885 1401 1930 cros

392 1970 550 2057 largimur
576 1970 610 2034 id
638 1971 775 2036 sensisse
800 1971 888 2054 quod
910 1970 1022 2036 Birtus
1046 1972 1075 2035 ei
1099 1971 1297 2056 suppeditat,
1324 1977 1381 2037 oct
1402 1972 1483 2038 velot
1504 1972 1629 2052 Paltos,

392 2098 463 2143 com
489 2079 659 2160 spatiato,
687 2077 743 2142 sed
771 2099 843 2142 cum
871 2078 951 2144 dicit
977 2079 1046 2143 Act
1067 2099 1137 2144 com
1160 2078 1275 2144 Paltos
1296 2080 1454 2162 spotiotcr
1476 2080 1521 2145 od
1542 2099 1629 2158 cros,

392 2186 534 2270 primum
552 2185 681 2270 locutus
700 2188 804 2250 estut
821 2190 926 2269 poete,
950 2185 1064 2250 deinde
1082 2184 1146 2251 hoc
1160 2185 1318 2270 superiori
1332 2185 1479 2271 exemplo
1493 2185 1627 2250 liberius

394 2313 470 2356 sanc
494 2291 549 2357 scd
571 2290 658 2356 haud
681 2291 893 2373 incommode,
916 2314 1046 2357 sensum
1070 2291 1096 2356 si
1117 2296 1250 2377 spectes,
1273 2290 1461 2378 adnectit*).
1498 2291 1542 2356 Et
1564 2291 1628 2358 hoc

393 2420 453 2463 nos
476 2419 515 2462 eo
537 2397 689 2462 fidentius
713 2398 924 2482 affirmamus,
947 2400 1024 2483 quia
1047 2399 1144 2465 ctiam
1168 2400 1225 2465 ubi
1248 2421 1348 2464 unum
1370 2402 1498 2463 tantum
1522 2399 1627 2464 simile

394 2505 541 2587 affertur,
573 2504 683 2570 eadem
716 2509 878 2569 structura
909 2510 1046 2572 utuntur
1077 2511 1204 2592 poetae,
1235 2507 1326 2572 velut
1352 2505 1515 2592 Vergilius
1550 2505 1627 2570 Aen.

394 2611 527 2676 xn101

554 2717 606 2782 his
627 2721 733 2800 ociter
753 2719 852 2800 furiis
873 2725 991 2803 totoque
1013 2722 1154 2786 ardentis
1176 2721 1216 2786 ab
1238 2742 1289 2787 ore
1642 2730 1686 2787 20

355 2852 382 2893 ao
556 2825 712 2891 conedae
733 2826 899 2907 cineum,
921 2827 1018 2893 codis
1042 2828 1137 2894 mdct
1158 2828 1283 2895 acribus
1305 2829 1401 2912 iocis,

556 2935 694 3017 caecitas
715 2934 832 3000 coleti
854 2955 932 3000 cum
949 2937 1062 3018 prima
1084 2936 1120 3000 ic
1136 2935 1261 3019 proelio
1283 2942 1394 3001 tomos

557 3041 708 3123 terrificos
729 3043 788 3106 ciet
809 3048 900 3124 utque
921 3044 1019 3107 irasci
1042 3044 1078 3107 ic
1100 3063 1218 3109 corccc
1240 3048 1384 3125 temptat

396 3148 450 3213 vel
472 3145 669 3213 Claudianus
692 3166 716 3212 v
734 3148 778 3213 22
1384 3174 1386 3179 ·

555 3244 630 3319 doec
649 3255 750 3336 fatis,
773 3257 873 3321 cortis
893 3256 1011 3321 cetcti
1032 3258 1066 3323 si
1087 3258 1181 3338 frenc
1202 3258 1336 3323 resolvat

555 3362 683 3442 Acolree,
707 3361 837 3444 compto
857 3368 960 3445 pentes
981 3365 1027 3428 sic
1049 3364 1144 3429 obiice
1163 3365 1250 3446 fodit

557 3468 735 3553 locavitque
757 3472 843 3534 oiom
866 3469 970 3548 cellis

396 3575 482 3641 idem
506 3573 609 3641 (larm.
628 3576 704 3639 min
723 3593 822 3640 xxvn
840 3577 883 3641 36
904 3575 947 3663 (p.
968 3576 1096 3665 31213.)

557 3683 625 3747 icm
647 3684 734 3748 broce
756 3685 901 3749 moscii
921 3685 1026 3750 lccwc
1050 3686 1232 3769 tocpoctqoe
1253 3687 1347 3752 secoli

557 3792 662 3873 sepitis
683 3790 773 3855 stello
793 3792 877 3874 peto,
900 3792 1028 3872 quotis
1050 3812 1128 3858 com
1149 3795 1229 3875 forte
1251 3800 1369 3861 terretur

357 3924 383 3964 so
557 3896 691 3962 mccc
713 3902 741 3961 et
763 3897 856 3963 dubio
878 3902 1014 3965 venaco
1039 3899 1175 3984 Cynthio
1197 3922 1300 3967 ccccc

397 4003 430 4070 N
431 4026 467 4070 ec
484 4008 599 4088 poetae
617 4003 723 4069 solum
741 4004 796 4068 sed
810 4004 973 4088 pedestres
989 3990 1119 4091 quoque
1132 4009 1313 4093 scriptores,
1332 4007 1444 4076 Cicero
1460 4009 1499 4075 de
1513 4009 1634 4075 officiis

398 4108 497 4197 (125,
517 4110 574 4195 87)
598 4110 632 4174 in
655 4111 818 4176 vertendis
841 4112 947 4177 verbis
970 4112 1148 4181 Platonicis

491 4340 555 4411 *15)
575 4339 683 4412 [Addas
703 4339 788 4395 Statii
806 4339 883 4409 (silv.
897 4361 930 4394 111
944 4346 970 4407 3,
985 4346 1047 4411 126)

808 4431 856 4485 scd
873 4432 964 4485 medio
982 4432 1099 4487 cecidere
1117 4434 1238 4502 obrupta
1257 4434 1368 4489 iuventa

612 4520 719 4591 paedia
736 4520 911 4589 mentesque
929 4538 1016 4575 manu
1033 4522 1116 4577 ccidit
1133 4523 1253 4593 Atropos
1271 4540 1373 4591 occos,

614 4610 711 4677 qualia
724 4610 860 4677 pdleotcs
878 4609 1019 4666 declinant
1036 4611 1099 4665 lilio
1116 4612 1218 4667 cdnws

612 4698 793 4768 pubentesque
810 4714 889 4753 roseo
902 4700 1010 4768 primos
1028 4701 1186 4756 muctar
1203 4701 1241 4756 cd
1259 4708 1380 4769 omres,

616 4794 675 4841 aut
692 4788 750 4841 uti
767 4804 852 4842 corno
869 4790 948 4843 cocio
965 4790 1089 4859 exspirat
1102 4806 1233 4859 purpura
1247 4793 1340 4861 protis

401 4892 419 4929 a
438 4874 590 4931 Skutschio
604 4874 801 4944 Vollmeroque
820 4877 1020 4946 interpretibus
1039 4876 1204 4952 declarata]
