3967 5725
726 595 775 644 ns
793 593 1059 645 snrsrornsms
1078 593 1280 656 nemausus.
1550 590 1616 654 279

386 759 419 820 et
441 754 583 820 rationes
606 760 750 821 recenset
774 755 891 840 quibus
914 754 977 820 hoo
1000 756 1070 819 iure
1088 755 1160 819 fieri
1183 755 1363 819 confirmet:
1386 755 1527 839 primum
1546 751 1616 820 ἐπεὶ

384 862 425 926 τὰ
444 864 541 927 κοινὰ
562 863 643 947 πρὶν
662 867 775 947 λαχεῖν
793 865 990 945 κατεσθίεις,
1014 884 1096 946 quae
1114 882 1244 927 sensum
1263 861 1393 945 quidem
1411 861 1617 945 perspicuum

385 969 519 1053 habent,
552 991 747 1054 quamquam
780 992 861 1054 quae
887 990 938 1035 res
966 970 1173 1054 potissimum
1201 968 1400 1055 significetur
1428 968 1617 1055 ambiguum

385 1079 447 1160 est3
471 1076 585 1140 deiude
608 1077 744 1142 alterum
762 1075 818 1142 καὶ
837 1076 1055 1156 ἀποσυκύζεις
1072 1075 1192 1156 πιέζων
1209 1079 1289 1153 τοὺς
1306 1076 1523 1152 ὑπευθύνους
1543 1090 1617 1140 σκο-

384 1194 457 1250 πῶν
485 1184 575 1260 ὅστις
604 1184 716 1249 αὑτῶν
739 1183 827 1269 ὠμός
855 1181 947 1249 ἐστιν
975 1183 996 1266 ἢ
1022 1183 1139 1249 πέπων
1166 1182 1186 1266 ἢ
1214 1184 1258 1266 μὴ
1287 1182 1413 1248 πέπωνε
1441 1183 1616 1267 inquibus

382 1291 525 1374 primum
548 1291 630 1356 illud
651 1292 789 1356 mixtum
813 1311 914 1376 genus
938 1291 1188 1374 semper-ationis
1212 1289 1399 1377 agnoscitur
1417 1290 1505 1374 quod
1523 1312 1616 1374 saepe

384 1398 523 1462 diximus
547 1403 579 1463 et
602 1398 686 1482 apud
709 1399 797 1464 huno
814 1404 944 1483 poetam
962 1399 1066 1463 multo
1084 1420 1146 1463 usu
1163 1398 1361 1482 frequentari
1379 1402 1517 1464 oonstat:
1540 1419 1617 1462 nam

382 1505 513 1589 proprie
545 1505 695 1570 dicuntur
727 1507 785 1582 τὰς
816 1515 920 1582 συκᾶς
952 1505 1172 1585 ἀποσυκύζειν
1204 1510 1237 1569 et
1267 1506 1309 1570 τὰ
1340 1514 1426 1570 σῦκα
1452 1503 1618 1584 πιέζοντες

383 1610 558 1698 σκοπεῖν*)
582 1613 600 1678 ὅ
624 1637 656 1677 τι
679 1613 791 1678 αὑτῶν
814 1613 907 1697 ὠμόν
929 1611 1021 1678 ἐστιν
1043 1611 1064 1696 ἢ
1087 1615 1142 1696 μή,
1165 1611 1220 1678 sed
1243 1613 1323 1677 haee
1345 1611 1616 1697 nulla-eompara-

382 1718 471 1784 tione
492 1719 579 1784 facta
601 1719 642 1784 ad
663 1719 882 1797 ὑπευθύνους
904 1720 1122 1805 applicantur,
1145 1741 1227 1804 quos
1250 1720 1305 1785 ille
1328 1719 1447 1800 πιέζων
1470 1721 1617 1805 arguitur
1631 1746 1657 1786 ιο

382 1828 569 1911 temptasse,
592 1830 630 1891 ut
652 1826 799 1891 homines
823 1829 863 1892 τὰ
885 1837 970 1893 σῦκα
994 1828 1108 1892 solent.
1146 1824 1208 1892 Sed
1232 1826 1344 1892 dehis
1368 1826 1454 1911 quod
1477 1828 1539 1893 tria
1562 1849 1615 1911 ap-

330 1953 369 2009 1⁰
381 1932 496 2018 pellari
524 1934 674 1999 videntur
701 1955 783 2019 quae
805 1936 861 1998 ille
883 1934 1057 2019 premendo
1082 1935 1243 2018 exquirat,
1271 1933 1439 2000 dubitandi
1463 1938 1495 2000 et
1518 1934 1613 2000 corri-

382 2041 479 2126 gendi
506 2063 636 2106 oausam
663 2040 768 2107 dootis
796 2041 1028 2126 suppeditavit,
1058 2043 1114 2125 qui
1141 2041 1217 2124 quie
1245 2042 1289 2124 μὴ
1315 2040 1430 2106 πέπονι
1457 2063 1523 2106 non
1546 2063 1615 2107 esse

381 2149 486 2231 possit
503 2150 566 2213 nisi
586 2149 642 2232 qui
660 2147 749 2230 ὠμός
767 2153 908 2232 vooetur,
926 2170 967 2214 ue
983 2149 1035 2214 bis
1054 2148 1138 2212 idem
1158 2148 1263 2213 disere
1277 2148 1448 2232 videretur,
1467 2146 1486 2231 ἢ
1501 2147 1615 2214 πέπων

381 2256 402 2340 ἢ
431 2255 566 2341 μηδέπω
599 2259 655 2320 aut
681 2254 702 2339 ἢ
729 2254 844 2320 πέπων
870 2254 891 2339 ἢ
918 2257 962 2340 μὴ
986 2253 1135 2322 ’κπέπων
1164 2254 1368 2320 scribendum
1396 2257 1614 2341 oouieoerunt3

382 2385 461 2448 quas
489 2364 703 2446 coniecturas,
731 2384 926 2447 quamquam
952 2383 1013 2428 neo
1039 2360 1173 2445 μηδέπω
1196 2383 1256 2427 neo
1280 2361 1429 2428 έκπέπων
1452 2363 1530 2428 satis
1553 2385 1614 2428 usu

381 2470 554 2554 stabilitur,
571 2469 731 2535 Zaoherus
751 2470 785 2533 iu
804 2470 1011 2536 adnotatione
1025 2470 1247 2538 memorandas
1262 2469 1362 2534 duxit.
1394 2468 1503 2555 Atque
1517 2470 1615 2537 etiam

382 2578 438 2663 qui
459 2578 544 2643 nihil
565 2577 685 2643 mutari
707 2576 834 2660 iubent,
861 2580 970 2643 tamen
992 2577 1234 2662 interpretando
1257 2577 1320 2644 hoo
1343 2579 1427 2644 idem
1452 2579 1537 2645 effioi
1560 2601 1614 2645 vo

380 2685 462 2770 lunt,
484 2691 522 2750 ut
543 2687 664 2752 mutnet
686 2689 719 2750 et
740 2687 880 2752 ναιδνικ
903 2688 1025 2752 motari
1048 2686 1299 2772 distinguantur.
1335 2684 1384 2752 Ao
1406 2690 1471 2752 tres
1495 2686 1613 2773 gradus

381 2793 576 2861 maturitatis
594 2795 629 2857 iu
647 2793 717 2857 fiais
736 2792 874 2861 disserui
892 2796 1047 2880 potuisse,
1066 2793 1138 2880 quis
1158 2792 1285 2859 dubitet
1298 2815 1372 2859 oum
1386 2794 1519 2879 respicit
1533 2816 1613 2879 quae
1628 2818 1654 2858 ao

381 2904 437 2965 aut
460 2900 704 2985 Theophrastus
727 2902 840 2968 scribit
863 2901 902 2967 de
925 2902 1072 2986 iunipero
1096 2901 1186 2990 (hist.
1206 2902 1305 2987 plant.
1324 2920 1365 2967 111
1385 2902 1436 2984 12,
1454 2900 1491 2989 4)
1514 2904 1559 2979 ὡς
1581 2904 1617 2967 ol

379 3007 418 3075 έν
440 3006 599 3095 Ἀρκαδέμ
626 3007 761 3092 λέγουσι
788 3021 877 3095 τρεῖς
904 3010 971 3095 ἅμα
993 3012 1141 3094 καρπούς
1165 3016 1264 3094 ἴσχει,
1292 3012 1351 3075 τόν
1374 3033 1409 3074 τε
1431 3011 1613 3093 περυσινὸν

380 3117 473 3182 οὔπω
505 3115 633 3182 πέπονα
664 3117 719 3182 καὶ
751 3117 811 3182 τὸν
837 3118 1090 3203 προπερύσινον
1116 3119 1179 3202 ἤδη
1208 3115 1336 3183 πέπονα
1363 3117 1418 3181 καὶ
1447 3116 1614 3201 ἐδώδιμον

378 3224 434 3289 καὶ
456 3227 570 3307 τρίτον
592 3224 653 3289 τὸν
675 3221 755 3289 νέον
776 3223 959 3310 ὑποφαίνει
982 3228 1039 3289 aut
1062 3246 1143 3309 quae
1166 3225 1206 3288 de
1229 3225 1300 3290 uvis
1325 3224 1452 3289 suntin
1472 3222 1612 3309 Odyssea

379 3328 444 3419 (vn
465 3327 543 3417 125)
566 3332 669 3407 ἄλλας
692 3328 728 3396 δὲ
751 3330 943 3416 τραπέουσι·
968 3332 1112 3417 πύρονθε
1131 3331 1172 3397 δέ
1186 3330 1214 3397 τ’
1237 3330 1383 3417 ὄμφακές
1401 3334 1488 3397 εἰσιν
1506 3334 1612 3409 ἄνθος

379 3437 543 3521 ἀφιεῖσαι,
574 3437 684 3524 ἕτεραι
717 3437 753 3504 δ’
784 3438 1080 3524 ὑποπερκάζουσιν.
1117 3438 1163 3503 At
1194 3439 1309 3505 horum
1342 3440 1461 3504 similia
1489 3437 1613 3505 Aristo·

377 3544 516 3629 phanem
535 3544 734 3631 significasse
752 3547 850 3611 verba
870 3544 1068 3631 dissuadent3
1087 3548 1143 3630 qui
1163 3546 1250 3630 quod
1267 3546 1380 3611 soribit
1397 3547 1487 3623 ὅστις
1501 3548 1611 3613 αὐτῶν

378 3649 448 3717 ἐστι
470 3651 602 3717 πέπων
625 3651 645 3736 ἢ
664 3654 713 3737 μὴ
731 3652 877 3737 πέπων,
899 3675 965 3718 non
984 3657 1034 3717 est
1052 3674 1089 3718 ea
1108 3652 1237 3737 duplex,
1260 3675 1356 3736 quam
1376 3653 1536 3739 duplioem
1554 3677 1611 3739 pu-

377 3759 504 3843 tabant,
536 3759 592 3824 sed
623 3759 762 3845 simplex
792 3759 1017 3846 iuterrogatio:
1050 3782 1125 3825 nam
1153 3760 1182 3823 si
1210 3760 1375 3842 quaeritur
1401 3764 1510 3825 utrum
1539 3761 1611 3845 quis

377 3869 522 3931 maturus
550 3888 593 3931 an
618 3889 684 3931 nou
712 3870 857 3931 maturus
881 3868 937 3950 sit,
964 3889 1031 3932 non
1054 3867 1180 3931 diversa
1203 3870 1402 3950 quaeruntur
1424 3867 1479 3933 sed
1502 3890 1611 3952 unum,
1625 3890 1651 3931 eo

377 3974 461 4038 sitne
483 3973 546 4038 hoo
568 3996 609 4039 an
632 3995 698 4039 non
722 3974 773 4057 sit,
796 3996 901 4058 neque
923 3975 958 4039 in
979 3976 1024 4058 μὴ
1048 3974 1162 4039 πέπων
1185 3974 1257 4057 plus
1281 3978 1339 4039 aut
1355 3972 1443 4038 aliud
1462 3996 1559 4057 quam
1577 3975 1610 4039 in

377 4079 492 4146 πέπων
510 4081 615 4145 inesse
633 4084 750 4164 potest.
769 4078 878 4158 Ὅπως
893 4082 966 4167 ἴδῃς
980 4079 1045 4147 εἴτ’
1058 4078 1159 4147 ένδον
1174 4078 1232 4146 εἶτ’
1251 4081 1313 4146 οὐκ
1328 4081 1428 4146 ένδον
1443 4078 1545 4167 (Aias.
1562 4079 1610 4167 7),

376 4310 450 4366 Nub.
470 4304 540 4365 1332
564 4312 602 4375 ὡς
625 4311 656 4366 ἐν
679 4309 745 4383 δίκῃ
769 4308 795 4365 o'
821 4310 947 4366 ἔτυπτον.
961 4313 971 4381 ll
985 4313 1044 4366 Kal
1065 4320 1125 4375 πῶς
1143 4309 1246 4382 γένοιτ’
1268 4310 1304 4367 δν
1322 4310 1429 4378 πατέρα
1447 4312 1560 4366 τύπτειν
1579 4311 1610 4367 ἐν

376 4398 457 4472 δίκῃ,
480 4401 529 4455 sed
552 4400 622 4455 ibid.
639 4405 707 4453 13⁷⁷
727 4401 833 4456 οὑιιονν
851 4398 1043 4464 δικαίως-
1059 4432 1092 4441 -
1107 4404 1116 4471 ΙΙ
1130 4397 1218 4465 αὑθις
1236 4398 1272 4456 αὑ
1291 4401 1456 4471 τυπήσομαι.
1471 4403 1480 4470 ΙΙ
1494 4400 1541 4470 Νὴ
1560 4400 1609 4455 ste

376 4487 424 4544 Δί’
446 4491 481 4545 ἐν
500 4488 579 4563 δίκῃ
598 4485 626 4560 γ’
648 4490 696 4545 ἄν.
711 4492 721 4560 11
735 4491 792 4544 Καὶ
810 4500 870 4553 πῶς
889 4489 1044 4556 δικαίωςς
1067 4491 1132 4545 Pae.
1148 4496 1200 4545 628
1221 4490 1255 4545 έν
1274 4489 1353 4563 δίκῃ
1372 4490 1423 4560 μὲν
1442 4487 1542 4545 οὑν-
1558 4488 1610 4563 -ll

376 4580 424 4649 Νὴ
443 4576 491 4633 Δί’
512 4574 534 4633 ὦ
553 4575 613 4648 μέλ’
635 4577 777 4642 ἐνδίκως
796 4600 827 4649 με
846 4576 920 4649 δῆτ’,
938 4580 989 4633 ubi
1009 4580 1039 4635 ἐν
1059 4577 1124 4653 δίκῃ
1144 4599 1174 4649 γε
1193 4582 1334 4649 reponunt
1351 4579 1487 4649 plerique.

465 4667 511 4739 *9)
530 4667 595 4721 Nou
617 4670 694 4722 reote
716 4670 850 4737 putamus
873 4668 914 4722 sio
936 4667 1101 4738 interpuugi
1124 4666 1225 4733 πιέζων
1243 4670 1309 4733 τοὺς
1327 4669 1521 4735 ὑπευθύνους,
1545 4685 1609 4722 σκο-

375 4765 437 4812 πῶν
452 4782 500 4826 —3
513 4774 581 4811 nam
594 4756 644 4812 ille
659 4757 764 4810 dicitur
776 4757 877 4822 πιέζων
893 4766 1022 4825 σκοπεῖν,
1036 4774 1093 4811 non
1106 4757 1199 4826 magis
1214 4760 1427 4831 aesimedes,
1442 4755 1607 4827 διγκυρίσοιςι

375 4845 462 4900 immo
486 4847 629 4919 διαλαβὼν
652 4847 707 4916 (vel.
729 4847 825 4916 potius
849 4846 992 4917 διαβαλὼν
1012 4847 1089 4915 quod
1106 4849 1150 4902 est
1168 4846 1199 4901 in
1217 4846 1307 4917 libris)
1327 4845 1477 4917 ἀμιτνρέσαι
1496 4845 1607 4901 dieitur.
