3967 5725
415 633 479 699 142
609 637 667 687 xu.
687 636 804 687 mnus
822 635 1038 688 securorum
1055 634 1299 687 sumserimus
1318 635 1448 703 rumpe.

411 818 472 863 uos
504 797 551 863 itu
579 798 751 887 statuimus
779 798 923 861 studiose
952 799 1136 880 quaesitum
1164 819 1233 861 esse
1255 796 1342 860 hunc
1364 782 1522 875 ordinem,
1552 815 1648 878 quem

413 903 545 973 Valerio
567 905 778 987 restituimus,
803 926 868 989 quo
890 906 1004 990 magis,
1026 904 1132 969 medio
1156 904 1325 969 interieeto
1343 903 1475 967 nomine
1493 902 1648 985 separatis

410 1032 493 1097 quse
511 1010 691 1093 cohaerent,
715 1034 774 1075 sua
792 1011 908 1096 cuique
926 1012 998 1075 voci
1017 1013 1066 1076 vis
1085 1016 1118 1076 et
1136 1011 1297 1075 sententie
1315 1012 1485 1074 constaret.
1521 1006 1706 1077 Aeliu-1⁰

409 1118 525 1187 terium
547 1118 693 1185 videmus
717 1120 845 1203 saepius
869 1118 967 1183 simili
981 1118 1185 1183 'ordinandus
1210 1117 1366 1184 cretionis
1389 1116 1528 1185 artificio
1547 1116 1596 1179 uti
1614 1120 1649 1179 et

410 1247 652 1311 nonnumquam
675 1247 773 1309 prave
793 1224 880 1309 quod
892 1225 958 1289 'ille
982 1225 1131 1289 consulto
1151 1224 1299 1289 <instituit
1316 1245 1335 1286 a
1354 1222 1475 1288 criticis
1493 1223 1648 1287 damnari.

411 1330 538 1401 selecta
556 1333 749 1416 apponimus
773 1330 930 1416 exemplu:
953 1354 983 1414 p.
1005 1330 1057 1413 66,
1075 1331 1097 1395 6

543 1441 627 1521 facto
650 1440 808 1521 sacrificio
831 1440 987 1519 caesisque
1008 1440 1114 1520 capris
1136 1439 1301 1519 epularum
1323 1438 1484 1502 tdccitete
1510 1457 1549 1501 cc
1574 1437 1648 1501 cine

546 1546 683 1630 turpiore
694 1546 841 1628 prouecti,
864 1546 970 1610 diuiso
980 1527 1146 1626 'pastoratu‘
1164 1546 1265 1624 turbu,
1286 1546 1379 1609 muni
1397 1544 1499 1609 omncs
1511 1544 1649 1625 pennus

548 1652 785 1719 immolatorum
807 1652 981 1716 lmstimum
1003 1653 1140 1716 iocantes
1156 1654 1342 1733 peticcrmst,

371 1760 467 1831 nubi
492 1759 569 1845 quid
592 1758 784 1824 novaverint
807 1758 902 1841 docti,
925 1758 1067 1842 Kempfli
1090 1758 1259 1824 adnotatio
1282 1758 1389 1843 docet3
1412 1758 1487 1842 264,
1506 1758 1528 1822 6

545 1867 717 1950 counitione
739 1871 879 1947 suscepto
902 1866 988 1930 demi
1010 1866 1147 1930 consedit
1168 1866 1310 1948 solusque
1335 1868 1459 1947 utrique
1479 1866 1571 1946 perti
1590 1885 1647 1947 per

544 1978 640 2039 totum
664 1972 794 2037 biduum
816 1973 939 2037 ccccm
961 1960 999 2037 ee
1020 1974 1109 2037 tertio
1126 1973 1312 2054 plenissime
1330 1973 1381 2037 die
1399 1972 1647 2054 dilipentcssimc-

544 2101 602 2162 que
624 2081 747 2145 cuditis
768 2079 894 2145 testitum
916 2082 963 2144 itu
979 2077 1256 2164 pronmctim>it;*)

410 2190 461 2255 dic
479 2188 567 2273 quod
586 2190 749 2253 corrector
766 2186 974 2251 Laurentium
993 2186 1113 2252 codicis
1133 2186 1358 2251 traiiciendum
1378 2188 1502 2250 curavit
1515 2185 1647 2249 fuerunt

411 2296 467 2381 qui
491 2295 604 2361 abesse
627 2293 775 2379 mallent3
804 2293 860 2358 sed
882 2294 939 2378 qui
963 2294 1136 2359 contulerit
1160 2292 1249 2377 quod
1271 2293 1368 2357 tertio
1391 2293 1464 2358 loco
1493 2292 1646 2357 adscribi-

409 2423 481 2467 mus
505 2402 580 2485 339,
600 2402 644 2465 23

543 2510 696 2591 quidnam
718 2528 751 2572 se
773 2510 983 2573 immerentem
1002 2507 1133 2590 capitali
1150 2507 1304 2589 supplicio
1322 2508 1572 2587 innocentemque
1589 2506 1648 2570 ed-

543 2616 664 2694 diceret,

407 2724 567 2808 percipiet
590 2724 626 2786 in
643 2720 704 2787 huc
724 2722 935 2787 similitudine
955 2721 1121 2805 scriptoris
1140 2720 1322 2805 consilium,
1345 2719 1397 2785 cui
1409 2724 1554 2807 ¹utroque
1572 2719 1645 2784 loco

368 2831 586 2916 repetendum
612 2834 670 2897 est.
710 2827 898 2895 Similitudo
918 2827 1200 2893 tutabitur‘etium
1225 2826 1308 2894 hece
1330 2850 1414 2913 quus
1442 2826 1644 2893 subiicimus:

542 2939 586 3004 In
609 2938 714 3004 Tullio
736 2939 867 3018 somnne
883 2937 1054 3018 prceciqme
1075 2936 1163 3000 cies
1179 2955 1257 3000 sues
1278 2936 1411 3000 ostendit
1427 2955 1556 3000 emnem
1574 2935 1648 3000 huic

541 3045 614 3111 urbi
636 3051 749 3110 nutum
771 3065 873 3127 repom
896 3044 1003 3108 demde
1028 3042 1102 3127 136,
1123 3043 1156 3126 13

504 3151 582 3217 P
607 3151 745 3217 Atilium
769 3150 985 3216 Philiscum
971 3171 1008 3214 m
1029 3151 1172 3231 pumilio
1201 3169 1326 3230 empore
1353 3154 1513 3232 quaestum
1543 3170 1565 3212 c
1592 3084 1646 3214 dc—

542 3261 629 3325 mino
650 3260 754 3340 secere
777 3263 913 3323 cocetum
937 3257 1013 3340 272,
1032 3256 1088 3340 20;

543 3366 785 3449 Arqcmttcnius
809 3365 993 3431 Gaditanus
1015 3370 1081 3428 tom
1105 3364 1162 3428 duc
1184 3364 1330 3446 repperit
1350 3383 1446 3446 quem
1468 3364 1526 3427 diu
1550 3363 1645 3427 etium

542 3475 587 3539 cd
608 3475 782 3538 sutietatem
804 3473 920 3538 uicisse
942 3471 1065 3536 abunde
1084 3470 1166 3552 foret
1187 3469 1335 3554 408,18.

408 3579 553 3658 Quorum
577 3580 740 3665 inprime
765 3583 797 3644 et
819 3579 917 3644 tertio
940 3599 1008 3643 non
1031 3577 1202 3642 defuerunt
1231 3579 1288 3660 qui
1315 3577 1508 3642 invertendo
1533 3577 1644 3642 ordine

408 3687 560 3772 scriptori
584 3709 770 3754 succurrere
794 3688 1005 3770 temptarent,
1032 3684 1174 3748 medium
1203 3683 1352 3767 quamvis
1379 3684 1513 3749 minime
1537 3684 1645 3768 dispar

407 3795 564 3863 intectum
588 3797 797 3881 reliquerunt.
844 3794 936 3859 Adde
960 3793 1048 3878 quod
1072 3792 1202 3876 scripsit
1224 3790 1310 3856 idem
1333 3813 1365 3874 p.
1380 3789 1456 3874 202,
1471 3791 1495 3854 -8

368 3928 394 3968 m
546 3903 666 3970 Orestes
689 3903 814 3987 Pplcde
833 3921 937 3985 poene
963 3901 1064 3965 cmicc
1092 3919 1187 3980 quem
1210 3897 1447 3980 Apcmcmncnc
1472 3898 1575 3962 nctim
1601 3901 1645 3960 est

536 4017 638 4094 petre,

408 4140 481 4184 cum
505 4121 616 4203 posset
639 4117 819 4202 simplicius
842 4114 961 4182 Orestes
976 4133 1080 4197 poure
1096 4113 1199 4177 notior
1222 4116 1267 4176 est
1284 4110 1408 4195 qucde
1430 4112 1530 4176 emico
1548 4130 1644 4192 quum

406 4228 643 4308 Aqomemncne
659 4230 761 4308 putre.

407 4373 622 4382 —-——--

496 4456 560 4527 ⁸13)
580 4455 634 4527 [Cf.
645 4454 701 4510 Cic.
711 4451 784 4508 Phil.
795 4471 805 4506 r
817 4457 859 4520 13,
870 4456 903 4504 32
918 4467 971 4520 quc
984 4453 1096 4506 smctm
1109 4448 1154 4502 die
1168 4448 1275 4513 laetior,
1289 4463 1342 4516 quc
1348 4449 1470 4516 populus
1480 4444 1644 4503 Romnum

406 4547 501 4616 Atque
514 4545 564 4600 ille
578 4562 639 4599 mos
654 4543 800 4613 comperis
815 4543 865 4596 sut
875 4541 997 4610 cognatu
1009 4537 1159 4592 interiectu
1167 4535 1269 4590 vocula
1281 4551 1366 4604 saepe
1376 4535 1481 4590 leviore
1491 4535 1644 4604 separandi

407 4653 464 4708 quc
487 4635 578 4690 maius
602 4635 676 4688 osset
699 4632 847 4698 utriusque
865 4629 977 4699 pondus
996 4627 1083 4683 etiem
1102 4625 1229 4680 Ciceroni
1247 4624 1304 4678 fuit
1322 4641 1460 4694 perquam
1478 4624 1642 4691 familiaris3

406 4725 482 4800 quod
501 4741 590 4797 genus
608 4739 662 4778 cua
676 4720 887 4792 pulcluitudine
906 4724 972 4776 essct
989 4718 1126 4787 specieque
1140 4714 1297 4789 laudatum
1315 4716 1421 4783 copiose
1430 4721 1522 4784 posset
1535 4720 1642 4770 ornate

405 4833 457 4890 prce
479 4815 579 4882 diccrm
604 4812 695 4884 Gprus
718 4852 747 4864 ..
767 4810 936 4864 iustissimus
957 4807 1016 4875 suit
1036 4805 1308 4874 sapientissimusque
1331 4821 1395 4870 ren;
1418 4805 1445 4858 si
1465 4820 1493 4857 sc
1516 4802 1644 4858 iumentis

405 4903 574 4964 muliebriter
591 4901 766 4968 lacrimisque
784 4895 888 4968 dedet]
