3967 5725
810 599 860 649 113
880 599 998 651 ovmn
1016 598 1148 650 313113.
1556 597 1599 663 91

363 783 441 845 pere
468 782 578 825 eorum
605 761 684 826 111133
713 760 948 843 debilitaretur,
975 760 1040 824 11131
1063 764 1095 825 et
1118 782 1215 826 eausa
1237 765 1389 845 prompta
1412 765 1495 826 esset
1518 783 1601 845 quae

364 889 474 931 versus
502 868 582 932 istos
611 889 669 932 sua
697 868 771 931 sede
799 867 980 951 deiecisset,
1009 872 1041 933 et
1069 867 1190 933 similes
1219 889 1342 933 errores
1365 889 1406 931 113
1429 867 1508 932 alibi
1531 869 1601 952 qui-

365 974 437 1039 dem
460 975 500 1038 ab
525 975 575 1038 his
599 974 770 1043 eodieibus¹
786 973 943 1039 abessent.
979 973 1110 1039 Etenim
1134 998 1208 1041 eum
1231 975 1311 1041 haee
1334 974 1473 1040 disticha
1496 997 1530 1039 33
1548 997 1601 1039 ex·

365 1081 486 1167 cipiant

311 1205 346 1260 17
436 1188 499 1252 201
548 1187 725 1253 Camenis
742 1195 854 1269 portae
876 1190 982 1254 dextro
1006 1195 1050 1254 est
1072 1190 1126 1253 eie
1141 1191 1294 1270 proxime
1317 1191 1410 1254 iano:

592 1296 647 1359 Ire
663 1316 723 1377 per
744 1296 826 1360 tene
848 1296 926 1375 noli,
949 1298 1161 1377 3313331333·
1185 1317 1279 1361 omen
1301 1296 1406 1360 habet.

436 1402 502 1467 203
548 1402 618 1467 Illa
638 1404 728 1485 fama
751 1404 846 1483 refert
867 1404 986 1468 Fabios
1009 1404 1108 1469 331333
1129 1409 1282 1469 trecentos,

592 1510 692 1575 Porta
714 1515 804 1574 vacat
826 1510 930 1591 malpel,
953 1511 1010 1575 sed
1029 1516 1135 1575 temen
1158 1532 1251 1574 omen
1272 1510 1386 1595 habet,

363 1639 459 1682 nemo
485 1639 552 1682 non
574 1617 676 1700 videt,
703 1621 836 1701 propter
859 1616 994 1682 eundem
1020 1617 1157 1683 duorum
1180 1621 1454 1701 pentametromm
1478 1618 1600 1682 exitum

363 1724 518 1789 3331111333
544 1723 678 1788 1111111113
708 1725 748 1788 eb
775 1725 876 1790 altero
904 1724 945 1789 ad
972 1726 1111 1789 elterum
1137 1745 1227 1789 einen
1252 1724 1342 1789 haee
1368 1723 1535 1789 aberrante
1562 1728 1601 1789 ut
1614 1752 1641 1791 ιο

363 1830 502 1895 alterum
524 1853 584 1914 par
606 1852 757 1895 versuum
781 1831 991 1896 omitteretur.
1028 1829 1118 1896 Idem
1142 1835 1250 1894 autem
1269 1852 1371 1916 genus
1389 1832 1462 1896 vitii
1480 1836 1547 1897 tam
1566 1833 1599 1897 in

363 1936 540 2003 Petaviano
564 1938 674 2005 eodiee
698 1939 846 2023 occurrit,
869 1938 903 2002 in
928 1960 991 2022 que
1016 1956 1056 2002 111
1070 1937 1135 2003 395
1145 1960 1185 2003 33.

547 2046 652 2110 Arme
674 2051 794 2110 monent
809 2065 946 2127 pennas.
963 2066 1077 2127 perena
1099 2051 1143 2110 eet
1165 2045 1272 2109 alinea
1294 2048 1429 2111 inmte.

436 2152 501 2215 396
594 2150 729 2217 Condita
752 2173 821 2217 euin
842 2152 974 2233 fuerint,
998 2153 1105 2233 aptius
1126 2173 1215 2217 omen
1238 2153 1308 2217 erit.

548 2260 613 2325 His
635 2261 729 2323 etiem
752 2261 888 2325 coniunx
910 2261 1031 2342 apicati
1052 2265 1163 2325 sanda
1184 2258 1296 2324 Dialis

592 2366 729 2431 [31315113
751 2368 883 2448 inpexas
906 2367 990 2431 delet
1011 2366 1122 2431 hebere
1144 2386 1255 2431 eomas.

549 2475 656 2564 Tertia
679 2494 741 2538 non
764 2475 908 2538 dimersa
929 2494 1002 2539 auos
1023 2475 1078 2537 uli
1100 2475 1228 2539 mevenit
1249 2474 1349 2556 ignes,

435 2581 502 2645 400
594 2580 783 2655 0311άὶ11133
802 2582 938 2663 geminis
953 2581 1096 2663 pacibus
1117 2580 1196 2645 nite
1218 2582 1288 2645 en't.

362 2690 424 2753 erit
449 2688 553 2753 ferma
581 2688 630 2751 bis
653 2689 687 2752 in
710 2692 853 2752 extremo
877 2709 972 2752 versu
996 2685 1086 2773 (306.
1104 2685 1186 2773 400)
1209 2689 1317 2772 posite
1341 2685 1429 2774 (nam
1453 2687 1536 2752 nihil
1560 2688 1599 2751 ad

364 2795 448 2862 hene
474 2817 541 2859 rem
569 2796 710 2880 pertinet
738 2796 863 2859 condita
891 2799 923 2859 et
950 2795 1092 2859 conditae
1119 2796 1154 2859 in
1178 2794 1292 2861 iisdem
1316 2795 1462 2862 versibus
1486 2796 1599 2881 primis
1613 2820 1640 2859 aa

363 2900 572 2989 collocatum)
601 2904 722 2968 fantum
751 2907 800 2966 est
827 2907 865 2966 nt
891 2902 1476 2987 1313113391-4001111313111313111,
1503 2904 1601 2969 tertia

364 3010 492 3074 demum
516 3032 613 3074 manu
637 3011 672 3073 in
694 3010 837 3095 margine
857 3009 1013 3093 adscripti
1032 3008 1086 3096 (ef.
1100 3009 1203 3074 Riesii
1216 3010 1316 3094 praef.
1330 3011 1370 3074 ad
1383 3009 1415 3073 h.
1428 3012 1449 3074 l.
1464 3014 1497 3074 et
1511 3011 1600 3075 Petri

364 3116 446 3201 disp.
466 3117 534 3181 erit.
555 3140 584 3201 p.
606 3115 654 3202 7),
683 3140 778 3201 quam
802 3119 836 3180 in
859 3116 1049 3202 UrsinianO,
1073 3117 1129 3200 qui
1152 3116 1309 3181 1127933.
1334 3138 1407 3182 eum
1429 3116 1509 3183 haee
1531 3117 1601 3181 vul·

363 3229 482 3308 genter

549 3332 727 3396 Transtulit
747 3332 903 3398 Euander
925 3333 1082 3397 silvestria
1104 3334 1239 3396 numine
1261 3351 1379 3408 seorim

437 3438 503 3503 280
593 3440 659 3503 Hie
679 3439 734 3502 nbi
756 3460 840 3503 nnnc
860 3441 935 3503 urbs
957 3445 1013 3517 est,
1036 3446 1102 3504 tum
1125 3440 1208 3504 loen
1230 3439 1317 3503 urbis
1339 3441 1416 3502 erat,

548 3546 629 3610 Inde
651 3547 742 3610 deum
765 3545 894 3610 eolimus
917 3547 1096 3627 devectaque
1117 3566 1210 3610 saera
1234 3545 1395 3627 Ferasiis,-

592 3653 731 3718 Flamen
755 3653 799 3716 ad
819 3652 894 3715 llaec
909 3655 1017 3733 priseo
1040 3674 1123 3718 mere
1145 3652 1256 3717 Dialis
1278 3657 1346 3716 erat

363 3781 474 3825 versus
503 3759 577 3824 281.
601 3759 666 3823 282
691 3781 757 3823 non
780 3757 911 3822 exhibet
934 3759 976 3822 ob
1001 3760 1174 3842 repetitum
1198 3760 1315 3843 exiguo
1340 3758 1509 3822 intervallo
1533 3763 1601 3822 erat

364 3867 554 3951 praeteritos
574 3863 628 3953 (ef.
647 3866 736 3929 Petri
755 3865 836 3949 disp.
856 3864 925 3931 erit.
945 3889 976 3950 p.
999 3863 1072 3951 11);
1094 3866 1128 3930 in
1148 3871 1285 3949 utroque
1304 3869 1411 3930 autem
1430 3863 1539 3929 codiee
1558 3885 1597 3928 ex
1612 3889 1640 3930 ee

364 3974 405 4038 113
428 3995 510 4056 quae
533 3992 570 4036 lv
587 3971 650 4036 135
662 3994 702 4036 ss.
726 3974 878 4057 leguntur

438 4079 501 4144 135
548 4082 656 4144 Aurea
679 4100 851 4144 marmoreo
873 4080 1060 4144 redimicula
1082 4079 1188 4145 solvite
1211 4078 1309 4162 eollo,

592 4186 716 4251 Demite
738 4187 883 4252 divitias:
907 4192 970 4251 toln
993 4185 1134 4250 lavanda
1157 4188 1215 4251 dee
1237 4193 1288 4251 est.

438 4293 499 4358 131
547 4294 657 4358 Aenea
679 4295 790 4358 sieeeto
813 4294 1000 4358 redimicula
1022 4295 1139 4358 reddite
1162 4293 1259 4358 collo:

592 4401 687 4466 Nilne
710 4401 770 4465 alii
792 4401 895 4482 flores,
918 4418 1003 4466 nune
1025 4421 1106 4465 neve
1129 4401 1238 4465 danda
1260 4420 1333 4465 rese
1356 4405 1400 4464 est

364 4530 473 4574 versus
497 4508 653 4572 136.137
678 4508 899 4572 desiderantur
922 4508 1047 4593 origine
1066 4508 1182 4571 erroris
1202 4507 1386 4571 manifesta:
1408 4526 1512 4589 neque
1532 4508 1599 4569 erat

364 4615 452 4700 qnod
475 4637 585 4681 versus
610 4615 665 4699 qui
684 4616 718 4679 in
736 4617 847 4700 paneis
867 4613 996 4699 quidem
1015 4613 1071 4678 sed
1090 4613 1182 4678 bonis
1202 4613 1366 4679 eedieibue
1385 4612 1504 4676 servati
1524 4617 1599 4676 sunt

364 4726 397 4787 et
416 4743 554 4808 qnorum
574 4723 733 4809 elegantia
748 4720 938 4787 Oridienem
957 4726 1057 4786 artem
1076 4722 1125 4784 vel
1142 4720 1281 4785 maxime
1297 4719 1429 4786 decebat
1448 4719 1482 4782 in
1496 4719 1600 4804 suspi-

364 4830 489 4894 cionem
512 4829 587 4894 falei
611 4833 810 4895 vocarentur.

417 4945 545 4985 Vahleni
558 4945 670 4993 opuscula
683 4945 714 4983 11.
1369 4935 1383 4982 'i
