3967 5725
815 607 867 657 uu
885 606 1003 657 ovmu
1019 608 1151 659 marus.
1545 607 1594 671 85

355 765 533 849 particulae
565 768 632 831 vim
659 789 756 852 saepe
782 768 894 832 eodem
922 767 1059 833 consilio
1086 769 1173 851 apud
1198 768 1282 833 alios
1309 791 1439 854 quoque
1464 772 1592 855 positae

355 872 447 937 Petri
469 873 635 938 adnotatio
658 874 700 938 ad
720 899 751 939 v.
770 875 836 939 289
858 876 923 939 uisi
945 874 1090 939 fallimur
1110 897 1178 939 uou
1199 880 1287 941 recte
1309 877 1513 963 significarit

447 977 510 1043 Sed
532 980 746 1046 adscribimus
768 982 832 1047 elie
854 984 1010 1066 exempla
1577 1060 1582 1065 Δ

364 1105 388 1147 v
402 1086 468 1149 375
514 1087 554 1151 de
571 1086 668 1153 Flora
689 1093 863 1173 postquam
887 1089 928 1152 ad
951 1090 1061 1153 omnia
1083 1112 1166 1173 quae
1187 1090 1292 1155 voluit
1309 1094 1407 1174 poeta
1423 1090 1593 1176 respoudit

522 1194 639 1259 Ornata
659 1196 805 1278 firmet:
828 1202 932 1260 tenues
953 1198 1075 1261 secessit
1095 1198 1133 1261 is
1154 1218 1262 1262 curce.

561 1303 691 1367 Mansit
711 1304 803 1367 odor:
820 1322 928 1384 posses
949 1306 1030 1368 scire
1048 1306 1150 1385 fcisse
1170 1306 1271 1369 dmm.

516 1408 647 1474 Floreat
668 1414 706 1473 ut
728 1414 799 1473 toto
823 1432 952 1475 carmen
974 1409 1116 1475 Nasonis
1138 1411 1173 1474 in
1196 1432 1289 1491 aevo,

535 1498 540 1515 l
562 1514 699 1602 Sparge,
720 1538 850 1601 precor,
872 1516 966 1582 douis
989 1521 1123 1601 pectora
1145 1522 1258 1583 nostra
1279 1520 1354 1583 tuis.

363 1641 387 1684 v
402 1622 468 1687 595
513 1624 588 1687 Rite
609 1624 665 1687 deo
687 1624 893 1705 templumque
914 1625 1025 1689 datum
1047 1646 1218 1707 nomenque
1238 1626 1288 1690 ee
1307 1625 1372 1691 alto

559 1731 606 1794 Et
627 1732 756 1795 medies
777 1733 840 1795 coti
862 1731 965 1797 debite
987 1732 1080 1797 solvit
1099 1733 1205 1797 torres:

517 1835 696 1901 Sollemues
718 1836 813 1901 ludos
837 1838 923 1902 circo
947 1837 1120 1923 celebrate,
1143 1838 1293 1916 Quirites.

559 1942 637 2009 Non
659 1945 730 2007 visa
751 1948 801 2007 est
822 1944 939 2009 fortem
963 1966 1078 2009 scaeua
1101 1946 1213 2011 decere
1235 1946 1340 2012 deum.

354 2050 470 2115 1v85‘l
512 2050 615 2115 Remo
639 2052 766 2134 sepulto

520 2158 600 2224 Urts
621 2160 734 2236 oritur,
757 2160 828 2240 qais
850 2164 924 2223 tuae
944 2160 1001 2223 hoe
1021 2159 1082 2222 ulli
1104 2162 1225 2225 eredere
1244 2168 1359 2242 posset,

565 2265 716 2329 Veterem
739 2266 832 2330 terris
854 2266 1042 2346 impositura
1058 2267 1181 2347 pedem.

516 2370 641 2435 Cuncta
662 2392 755 2457 regas
779 2375 812 2435 et
835 2373 879 2435 sis
902 2392 1022 2457 magno
1045 2371 1106 2437 sub
1130 2370 1265 2439 Caesare
1288 2396 1430 2459 semper,

561 2476 662 2563 Saepe
686 2478 784 2543 ctiam
807 2478 916 2562 plures
938 2479 1082 2543 nominis
1103 2479 1201 2545 huius
1224 2480 1323 2565 habe;

515 2584 559 2648 Et
582 2586 733 2669 quotiens
756 2587 884 2649 steteris
908 2586 1032 2651 domito
1055 2586 1203 2652 sublimis
1227 2589 1377 2673 inethe,

561 2690 679 2756 Omnia
701 2693 768 2755 sint
790 2692 933 2757 humeris
956 2692 1110 2758 iuferiora
1132 2694 1207 2759 tuis.

320 2814 392 2867 liv
408 2799 473 2864 949
519 2800 622 2882 Aufer
645 2800 737 2866 Veste
760 2800 850 2865 diem
874 2801 998 2883 coecati
1021 2800 1113 2866 Veste
1134 2809 1255 2885 recepte
1277 2809 1321 2869 est

560 2907 696 2972 Limine.
728 2909 774 2972 eie
795 2909 873 2972 iusti
895 2909 1076 2974 constituere
1092 2915 1210 2990 patres.

517 3013 658 3080 Phoebes
680 3014 770 3080 hebet
786 3020 920 3096 partem,
949 3016 1059 3080 Vestae
1075 3037 1158 3096 pers
1179 3017 1280 3082 altere
1302 3021 1398 3096 cessit,

564 3123 654 3202 Qieod
674 3129 812 3203 superest
833 3122 907 3200 illie,
931 3124 1040 3186 terties
1062 3126 1130 3204 ipse
1151 3129 1237 3188 tenet.

391 3294 393 3304 ,
518 3227 608 3293 State
631 3228 796 3293 Palatinae
819 3229 928 3294 laurus
951 3233 1182 3314 praetextaque
1206 3252 1326 3314 quercu

561 3333 633 3399 Stet
657 3335 784 3400 domus:
808 3339 955 3400 aeternos
980 3341 1045 3400 tres
1068 3335 1167 3400 habet
1189 3358 1254 3402 uua
1277 3338 1362 3402 deos.

355 3443 445 3509 Haec
468 3442 623 3526 exempla,
646 3465 686 3506 ex
709 3443 828 3526 quibus
851 3447 977 3507 tautum
1002 3443 1148 3508 dedimus
1172 3448 1328 3527 quantum
1356 3445 1435 3508 satis
1460 3449 1528 3510 erat
1552 3444 1593 3507 ad

355 3549 603 3635 significandum
626 3549 713 3642 quod
732 3551 881 3614 volumus
901 3551 955 3614 sed
979 3571 1062 3632 quae
1084 3552 1142 3634 qui
1164 3552 1293 3635 penitus
1318 3551 1494 3616 diiudicare
1513 3549 1594 3616 velit

355 3679 413 3722 suo
444 3661 555 3722 tenore
586 3655 739 3740 inspiciat
768 3676 896 3728 neeesse
927 3661 985 3738 est,
1014 3656 1094 3720 haec
1124 3657 1227 3744 igitur
1257 3657 1403 3742 exempla
1435 3658 1491 3741 qui
1520 3678 1592 3722 cum

355 3785 432 3828 cura
459 3764 672 3847 perspexerit,
699 3763 861 3848 intelliget
883 3760 1035 3827 Ovidium
1058 3764 1094 3827 in
1116 3764 1264 3847 partibus
1288 3765 1395 3849 operis
1419 3764 1470 3829 sui
1494 3763 1594 3828 artifi-

355 3855 659 3955 ciosemquandam
684 3868 895 3935 concludendi
918 3869 1078 3934 rationem
1102 3871 1216 3936 sectari
1240 3871 1295 3935 sed
1318 3871 1364 3936 ite
1381 3876 1420 3936 ut
1438 3871 1633 3939 extremisco

354 3979 543 4062 praemittat
574 4000 655 4062 quae
685 3977 749 4042 illis
779 3999 838 4062 pro
868 3976 1078 4041 fundamento
1110 3999 1178 4042 esse
1208 3978 1345 4062 possint.
1390 3976 1505 4062 Atque'
1528 3978 1593 4044 hoc

355 4088 404 4149 est
434 4084 515 4149 illud
545 4085 759 4169 componendi
789 4106 890 4170 genus
923 4105 987 4168 quo
1022 4084 1182 4149 declarato
1214 4085 1408 4169 putabamus
1436 4085 1593 4150 vindicari

354 4203 450 4276 posse
477 4193 586 4257 locum
613 4213 632 4254 a
660 4213 724 4276 quo
754 4191 960 4275 disceptando
990 4190 1167 4274 disputatio
1200 4195 1311 4256 nostra
1343 4191 1473 4256 initium
1505 4192 1591 4258 fecit

356 4298 441 4375 Quid
464 4298 566 4381 enim,
592 4302 630 4364 ut
657 4298 719 4363 hoe
746 4303 889 4383 utamur,
917 4297 965 4363 illi
994 4297 1131 4362 similius
1159 4319 1228 4362 esse
1256 4301 1365 4382 potest
1393 4320 1489 4382 quam
1511 4299 1593 4366 haec

354 4404 470 4470 ultima
494 4428 575 4490 quae
599 4404 775 4483 attulimus,
800 4404 916 4488 quibus
940 4408 1075 4489 apparet
1098 4407 1163 4468 tres
1187 4409 1294 4488 partes
1318 4405 1433 4469 domus
1452 4404 1592 4471 describi

354 4535 384 4576 v.
404 4511 479 4577 951.
503 4511 578 4596 952),
607 4517 645 4576 ut
674 4511 792 4576 habeat
822 4516 917 4595 poeta
948 4511 1035 4595 quod
1065 4511 1162 4575 addat
1191 4511 1341 4596 precibus
1369 4511 1435 4578 ste
1464 4512 1593 4578 demus:

355 4625 496 4686 ueternca
522 4625 584 4684 tres
609 4619 700 4684 eece
724 4639 791 4684 wec
818 4620 897 4684 deos.
942 4617 1005 4682 Vel
1033 4620 1182 4703 exemplo
1205 4619 1405 4704 paenultimo
1431 4618 1592 4702 quianon

355 4727 444 4791 videt
466 4729 596 4810 poetam
619 4727 712 4789 finite
739 4747 846 4790 rerum
874 4723 1030 4790 memoria
1057 4747 1215 4790 summam
1239 4725 1410 4809 complecti
1433 4725 1594 4789 sententia

362 4833 443 4901 Urbs
465 4835 565 4898 erite
584 4883 591 4896 .
607 4883 613 4896 .
629 4883 635 4895 .
654 4835 798 4898 victorem
825 4834 917 4898 terris
940 4833 1128 4913 impositure
1144 4833 1270 4913 pedem,
1299 4853 1363 4916 quo
1393 4828 1594 4895 commodius
