3967 5725
374 616 437 681 158
595 620 666 671 xm.
685 620 802 670 mnus
819 620 1035 671 uncuouuu
1051 619 1285 670 aasmvaauu
1303 621 1382 670 mas.

371 780 581 845 assentientes
607 780 736 864 habuit,
762 786 872 845 tamen
899 804 919 845 a
945 780 1126 866 corrigendi
1153 783 1271 845 conatu
1295 800 1447 844 revocare
1469 778 1608 844 debebat

370 890 509 972 cognata
528 887 632 952 oratio
651 910 716 972 qua
730 884 857 953 Orestes
876 889 911 952 in
930 887 1122 973 cognomine
1140 886 1252 951 fabula
1265 886 1448 950 Menelaum
1462 886 1608 971 appellat

369 991 413 1079 (v.
433 991 513 1080 674)

583 1098 609 1167 ὦ
633 1103 756 1186 πατρὸς
779 1103 898 1186 ὅμαιμε
920 1107 1009 1184 θεῖε,
1032 1103 1092 1166 τὸν
1113 1103 1198 1166 κατὰ
1219 1102 1347 1185 χθονὸς

583 1207 720 1273 θανόντ’
748 1208 885 1273 ἀκούειν
907 1209 987 1274 τάδε
1010 1210 1111 1274 δόκει.

370 1312 514 1391 Quorum
538 1315 717 1379 similitudo
734 1314 908 1380 verborum
927 1315 961 1378 in
979 1318 1092 1399 aperto
1111 1320 1238 1381 estnec
1256 1315 1343 1401 fugit
1360 1314 1450 1380 alios.
1482 1314 1606 1381 Verum

369 1425 478 1485 tamen
505 1421 658 1509 ambigua
684 1426 735 1486 est
761 1426 899 1506 utroque
921 1421 994 1487 looo
1019 1424 1175 1487 orationis
1197 1422 1314 1506 forma,
1342 1444 1424 1507 quae
1446 1424 1510 1487 nisi
1532 1444 1606 1505 pro-

368 1528 510 1594 babilem
533 1531 567 1594 in
590 1530 722 1594 modum
745 1529 947 1613 expedietur,
969 1528 1117 1594 haerebit
1139 1530 1239 1594 semel
1260 1533 1351 1603 mota
1373 1529 1413 1593 de
1432 1527 1606 1614 Sophoclei

368 1658 479 1701 versus
493 1636 680 1722 integritate
695 1636 863 1701 dubitatio.
893 1635 978 1702 Nam
993 1637 1028 1701 id
1042 1637 1171 1722 quidem
1186 1636 1368 1702 Meinelrius
1380 1640 1468 1701 recte
1482 1635 1607 1700 intelle-

329 1771 356 1811 ιο
369 1743 427 1828 xit,
445 1744 533 1807 κάτω
557 1744 591 1807 in
613 1742 763 1809 Electrae
784 1766 881 1808 versu
897 1745 1069 1808 traiectum
1086 1766 1154 1808 non
1171 1764 1251 1827 esse,
1274 1743 1367 1828 quasi
1385 1744 1489 1808 dicere
1507 1745 1607 1807 vellet

369 1848 467 1915 ‘infra
488 1872 507 1913 a
530 1854 622 1933 patre
645 1854 774 1916 mortuo
797 1850 929 1935 pietatis
949 1849 1078 1916 laudem
1096 1850 1201 1934 feres',
1223 1872 1327 1935 neque
1346 1872 1421 1915 cum
1438 1853 1607 1927 θανόντος

369 1957 522 2041 coniungi
544 1979 640 2041 posse
662 1961 700 2021 ut
723 1958 882 2022 diceretur
905 1958 1009 2041 ‘patu
1031 1958 1088 2041 qui
1110 1957 1197 2041 apud
1212 1958 1341 2035 ⁴inferos
1363 1961 1512 2022 mortuus
1535 1958 1606 2022 est'.

369 2061 432 2127 Sed
459 2065 536 2128 dum
564 2070 717 2149 properat
744 2065 785 2130 ad
808 2064 1042 2129 emendandum
1064 2086 1132 2129 non
1154 2064 1237 2128 vidit
1260 2085 1330 2129 esse
1351 2065 1482 2129 tortium
1505 2064 1606 2148 expli-

367 2172 460 2235 candi
491 2172 665 2255 rationem,
698 2194 795 2256 quam
824 2194 863 2237 eo
894 2170 1148 2256 probabiliorem
1183 2171 1346 2254 ducimus,
1377 2172 1454 2256 quia
1484 2171 1606 2256 pariter

367 2278 536 2363 utriusque
558 2282 673 2362 poetae
695 2278 844 2343 versibus
867 2277 1023 2363 applicari
1046 2282 1164 2362 potest.
1204 2277 1290 2343 Nam
1309 2279 1338 2344 si
1359 2279 1457 2362 κόπω,
1480 2277 1568 2363 quod
1586 2301 1607 2342 a

367 2386 490 2470 πατρὸς
511 2386 642 2451 nomine
665 2385 807 2471 separari
829 2407 897 2451 non
918 2390 1037 2471 potest,
1060 2408 1134 2451 cum
1155 2386 1330 2470 participio
1352 2388 1521 2461 θανόντος
1538 2407 1607 2450 uon

366 2492 413 2555 ita
435 2492 587 2558 coalescit
610 2493 644 2556 in
667 2516 768 2557 unum
790 2497 829 2556 ut
852 2494 897 2558 sit
919 2492 936 2559 ὁ
955 2494 1043 2558 κάτω
1063 2494 1192 2575 θανών,
1216 2496 1325 2557 tamen
1342 2491 1426 2557 nihil
1443 2492 1607 2575 prohibet,

367 2600 539 2683 quominus
567 2599 645 2663 haee
674 2600 737 2664 duo
765 2622 832 2664 non
856 2600 1028 2665 coniuncta
1051 2599 1107 2665 sed
1129 2598 1166 2665 ἐκ
1189 2603 1404 2685 παραλλήλου
1428 2600 1608 2683 composita

366 2707 447 2790 sint,
473 2710 511 2770 ut
538 2707 640 2771 altero
669 2706 762 2771 alteri
786 2710 913 2790 praeter
935 2708 1161 2773 necessitatem
1184 2729 1281 2791 super
1303 2707 1413 2772 addito
1435 2706 1606 2772 rotundior

328 2836 354 2878 ro
368 2814 471 2879 exiret
493 2836 530 2879 ao
552 2813 681 2899 plenior
703 2814 816 2879 oratio.
858 2813 946 2892 Quae
969 2814 1171 2881 necessitudo
1193 2815 1372 2902 interduo,
1394 2815 1455 2879 etsi
1474 2813 1608 2879 difficile

368 2921 559 3004 exprimitur
580 2921 701 3006 verbis,
722 2943 788 2986 non
812 2922 920 3007 inepte
942 2923 1079 2987 fortasse
1101 2922 1254 2986 reddetur
1275 2922 1323 2986 ita
1344 2926 1383 2986 ut
1404 2922 1607 3008 intelligatur

369 3029 400 3092 ‘a
421 3033 514 3113 patre
537 3028 624 3113 apud
646 3029 766 3094 inferos
786 3031 906 3114 quippe
924 3030 1075 3096 mortuo'.
1111 3029 1299 3113 Eodemque
1318 3051 1414 3094 sensu
1431 3028 1606 3112 Euripides

367 3135 409 3198 ad
430 3137 490 3201 τὸν
512 3138 594 3201 κατα
618 3139 755 3220 χθονός,
779 3159 860 3221 quae
878 3138 974 3222 plena
993 3141 1043 3201 est
1061 3137 1165 3201 oratio
1185 3158 1330 3221 quaeque
1348 3137 1432 3201 nihil
1450 3135 1513 3201 sibi
1532 3135 1606 3200 addi

367 3241 534 3327 desiderat,
557 3242 662 3307 libero
685 3244 782 3308 modo
805 3247 957 3309 θανόντα
980 3243 1134 3309 adiecisse
1153 3243 1330 3308 credendus
1349 3248 1406 3307 est.
1445 3241 1509 3307 Sed
1526 3242 1607 3308 haec

366 3351 513 3434 quamvis
531 3372 591 3433 per
609 3371 643 3414 se
663 3351 729 3416 sint
747 3351 824 3416 satis
843 3350 1034 3436 probabilia,
1057 3355 1166 3415 tamen
1184 3372 1333 3415 veremur
1350 3371 1391 3414 ne
1408 3371 1476 3414 non
1494 3349 1606 3414 multis

365 3456 534 3539 probaturi
562 3451 678 3540 simus,
705 3457 769 3521 nisi
798 3459 971 3544 contigerit
998 3479 1036 3523 ea
1062 3461 1099 3522 ut
1127 3457 1229 3521 simili
1252 3458 1399 3540 exemplo
1423 3455 1605 3542 Sophocleo

367 3563 658 3630 corroboraremus.
701 3563 784 3628 Sunt
806 3564 907 3629 verba
927 3563 1128 3629 Philoctetae
1152 3566 1194 3646 (v.
1211 3561 1313 3650 1348)

582 3667 607 3736 ὦ
632 3672 776 3756 στυγνὸς
798 3673 896 3756 αἰών,
918 3675 954 3736 τί
973 3695 1028 3756 με,
1050 3675 1085 3736 τί
1106 3669 1177 3754 δῆτ’
1204 3667 1290 3755 ἔχεις
1311 3672 1380 3735 ἄνω

581 3777 747 3860 βλέποντα
769 3779 853 3844 κούκ
876 3779 1006 3862 ἀφῆκας
1029 3781 1077 3854 εἰς
1092 3775 1210 3842 ‘'Aedov
1233 3781 1363 3863 μολεῑν;

325 3908 352 3948 ro
367 3883 484 3969 quibus
511 3885 618 3950 verbis
645 3886 792 3950 videmus
820 3885 889 3968 ἅνω
917 3884 1083 3968 βλέποντα
1110 3888 1145 3949 in
1173 3886 1364 3950 contrariam
1389 3888 1514 3969 partem
1537 3906 1605 3948 non

367 3991 460 4056 aliter
488 3991 552 4056 dici
580 4015 677 4077 quem
701 3993 788 4057 κάτω
811 3993 1034 4069 benemoria
1057 3992 1202 4071 Electra,
1229 4013 1295 4057 non
1317 3995 1354 4057 ut
1377 3993 1448 4058 dvo
1471 3989 1605 4074 βλέπων

367 4097 577 4184 intelligatur,
595 4121 662 4164 non
682 4101 785 4184 magis
805 4122 901 4184 quam
921 4099 938 4165 ὁ
957 4100 1045 4164 κάτω
1064 4096 1192 4183 θανών,
1211 4099 1267 4163 sed
1280 4098 1453 4182 utrobique
1468 4098 1603 4162 altmum

366 4205 474 4288 elteri,
501 4205 674 4270 adiuvante
698 4207 795 4271 etiam
818 4228 928 4272 versus
952 4192 1222 4290 conformatione,
1246 4205 1380 4271 liberius
1404 4205 1543 4289 adnecti,
1566 4208 1605 4268 ut

368 4311 493 4377 duobus
517 4313 690 4396 seperatim
713 4313 829 4398 positis
853 4315 1053 4398 exprimatur
1076 4313 1161 4398 quod
1185 4313 1288 4378 altoro
1311 4317 1385 4379 utro
1409 4314 1487 4378 satis
1506 4313 1604 4399 signi-

366 4417 458 4482 ficari
479 4422 619 4501 potmat:
647 4419 738 4504 ‘quid
760 4442 811 4484 me
833 4420 974 4506 retines’,
1001 4421 1110 4504 inquit
1131 4418 1328 4505 Philocteta,
1350 4419 1447 4505 ‘apud
1471 4441 1603 4504 superos

366 4528 405 4590 ut
432 4524 541 4590 vivum
570 4530 603 4589 et
629 4527 813 4592 videntem'.
856 4526 949 4604 Quod
977 4550 1053 4592 vero
1077 4527 1257 4592 Meinekius
1281 4528 1316 4592 in
1338 4546 1432 4592 versu
1456 4527 1604 4591 Electrae

368 4636 424 4698 aut
446 4631 534 4697 κάτω
563 4635 619 4698 aut
641 4636 810 4711 θανόντος
832 4634 979 4698 ‘moleste
1002 4635 1176 4699 abundare'
1200 4635 1327 4720 scribit,
1353 4656 1391 4698 ea
1412 4656 1479 4698 nou
1500 4634 1604 4700 maior

368 4742 418 4805 est
445 4739 643 4805 abundantia
665 4761 763 4822 quam
786 4763 851 4825 qua
873 4739 1075 4806 Philocteme
1100 4741 1204 4807 oratio
1228 4741 1363 4825 laboret,
1384 4743 1419 4806 in
1443 4762 1507 4825 qua
1528 4739 1603 4822 βλέ-

367 4871 474 4914 ποντα
500 4851 566 4912 tam
595 4851 680 4912 recte
707 4846 818 4912 abesse
845 4851 974 4931 poterat
1002 4871 1098 4933 quam
1124 4851 1291 4924 θανόντος
1314 4849 1349 4913 in
1370 4848 1472 4912 altero
1494 4867 1602 4931 versu3
