<?xml version="1.0" encoding="UTF-8"?>
<!DOCTYPE html PUBLIC "-//W3C//DTD XHTML 1.0 Transitional//EN"
    "http://www.w3.org/TR/xhtml1/DTD/xhtml1-transitional.dtd">
<html xmlns="http://www.w3.org/1999/xhtml" xml:lang="en" lang="en">
 <head>
  <title>
</title>
<meta http-equiv="Content-Type" content="text/html;charset=utf-8" />
  <meta name='ocr-system' content='tesseract 3.04.00' />
  <meta name='ocr-capabilities' content='ocr_page ocr_carea ocr_par ocr_line ocrx_word'/>
</head>
<body>
  <div class='ocr_page' id='page_1' title='image "./iohannisvahleni00vahlgoog/iohannisvahleni00vahlgoog_0483.png"; bbox 0 0 3967 5725; ppageno 0'>
   <div class='ocr_carea' id='block_1_1' title="bbox 580 646 1604 712">
    <p class='ocr_par' dir='ltr' id='par_1_1' title="bbox 580 646 1604 712">
     <span class='ocr_line' id='line_1_1' title="bbox 580 646 1604 712; baseline 0.009 -17"><span class='ocrx_word' id='word_1_1' title='bbox 580 646 630 695; x_wconf 86' lang='lat' dir='ltr'>DE</span> <span class='ocrx_word' id='word_1_2' title='bbox 648 646 824 698; x_wconf 81' lang='lat' dir='ltr'>VERSIBUS</span> <span class='ocrx_word' id='word_1_3' title='bbox 842 647 1053 699; x_wconf 82' lang='lat' dir='ltr'><strong>NONNULLIS</strong></span> <span class='ocrx_word' id='word_1_4' title='bbox 1070 647 1219 700; x_wconf 79' lang='lat' dir='ltr'><strong>PAOUVII</strong></span> <span class='ocrx_word' id='word_1_5' title='bbox 1236 647 1392 701; x_wconf 67' lang='lat' dir='ltr'>undaret</span> <span class='ocrx_word' id='word_1_6' title='bbox 1539 647 1604 712; x_wconf 84' lang='grc'>491</span> 
     </span>
    </p>
   </div>
   <div class='ocr_carea' id='block_1_2' title="bbox 275 805 1648 4954">
    <p class='ocr_par' dir='ltr' id='par_1_2' title="bbox 369 805 1607 1317">
     <span class='ocr_line' id='line_1_2' title="bbox 506 805 1607 893; baseline 0.005 -23"><span class='ocrx_word' id='word_1_7' title='bbox 506 805 955 892; x_wconf 76' lang='lat' dir='ltr'>Nequetemeimiseret,surqe</span> <span class='ocrx_word' id='word_1_8' title='bbox 962 813 991 873; x_wconf 85' lang='lat' dir='ltr'>et</span> <span class='ocrx_word' id='word_1_9' title='bbox 999 809 1093 890; x_wconf 82' lang='lat' dir='ltr'>sepeli</span> <span class='ocrx_word' id='word_1_10' title='bbox 1101 815 1212 874; x_wconf 79' lang='lat' dir='ltr'>aotam</span> <span class='ocrx_word' id='word_1_11' title='bbox 1219 813 1312 875; x_wconf 91' lang='lat' dir='ltr'>tuum</span> <span class='ocrx_word' id='word_1_12' title='bbox 1313 811 1409 892; x_wconf 73' lang='lat' dir='ltr'>piiss</span> <span class='ocrx_word' id='word_1_13' title='bbox 1417 831 1512 893; x_wconf 77' lang='lat' dir='ltr'>qaam</span> <span class='ocrx_word' id='word_1_14' title='bbox 1519 812 1607 892; x_wconf 81' lang='lat' dir='ltr'>ferae</span> 
     </span>
     <span class='ocr_line' id='line_1_3' title="bbox 512 911 720 994; baseline 0.005 -18"><span class='ocrx_word' id='word_1_15' title='bbox 512 911 720 994; x_wconf 78' lang='lat' dir='ltr'>Volaorasqae.</span> 
     </span>
     <span class='ocr_line' id='line_1_4' title="bbox 372 1018 1607 1107; baseline 0.005 -24"><span class='ocrx_word' id='word_1_16' title='bbox 372 1018 419 1083; x_wconf 84' lang='lat' dir='ltr'>At</span> <span class='ocrx_word' id='word_1_17' title='bbox 440 1041 500 1084; x_wconf 88' lang='lat' dir='ltr'>neo</span> <span class='ocrx_word' id='word_1_18' title='bbox 522 1019 628 1103; x_wconf 89' lang='lat' dir='ltr'>prima</span> <span class='ocrx_word' id='word_1_19' title='bbox 655 1019 712 1085; x_wconf 90' lang='lat' dir='ltr'>illa</span> <span class='ocrx_word' id='word_1_20' title='bbox 739 1021 899 1086; x_wconf 86' lang='lat' dir='ltr'>sententia</span> <span class='ocrx_word' id='word_1_21' title='bbox 926 1021 1054 1107; x_wconf 83' lang='lat' dir='ltr'>integra</span> <span class='ocrx_word' id='word_1_22' title='bbox 1081 1023 1214 1088; x_wconf 86' lang='lat' dir='ltr'>effertur</span> <span class='ocrx_word' id='word_1_23' title='bbox 1241 1027 1274 1088; x_wconf 91' lang='lat' dir='ltr'>et</span> <span class='ocrx_word' id='word_1_24' title='bbox 1296 1023 1376 1090; x_wconf 87' lang='lat' dir='ltr'>haee</span> <span class='ocrx_word' id='word_1_25' title='bbox 1392 1025 1489 1106; x_wconf 76' lang='lat' dir='ltr'>prims</span> <span class='ocrx_word' id='word_1_26' title='bbox 1510 1041 1607 1106; x_wconf 77' lang='lat' dir='ltr'>quom</span> 
     </span>
     <span class='ocr_line' id='line_1_5' title="bbox 369 1125 1606 1215; baseline 0.005 -25"><span class='ocrx_word' id='word_1_27' title='bbox 369 1126 458 1207; x_wconf 69' lang='lat' dir='ltr'>ferm</span> <span class='ocrx_word' id='word_1_28' title='bbox 479 1125 672 1208; x_wconf 68' lang='lat' dir='ltr'>esaiasque</span> <span class='ocrx_word' id='word_1_29' title='bbox 693 1131 842 1211; x_wconf 87' lang='lat' dir='ltr'>apertum</span> <span class='ocrx_word' id='word_1_30' title='bbox 861 1131 910 1192; x_wconf 88' lang='lat' dir='ltr'>est</span> <span class='ocrx_word' id='word_1_31' title='bbox 929 1151 947 1193; x_wconf 92' lang='lat' dir='ltr'>e</span> <span class='ocrx_word' id='word_1_32' title='bbox 965 1127 1070 1194; x_wconf 85' lang='lat' dir='ltr'>media</span> <span class='ocrx_word' id='word_1_33' title='bbox 1088 1127 1234 1195; x_wconf 83' lang='lat' dir='ltr'>oratione</span> <span class='ocrx_word' id='word_1_34' title='bbox 1253 1135 1381 1215; x_wconf 90' lang='lat' dir='ltr'>sumpta</span> <span class='ocrx_word' id='word_1_35' title='bbox 1403 1151 1482 1215; x_wconf 88' lang='lat' dir='ltr'>esse,</span> <span class='ocrx_word' id='word_1_36' title='bbox 1504 1135 1542 1196; x_wconf 83' lang='lat' dir='ltr'>ut</span> <span class='ocrx_word' id='word_1_37' title='bbox 1559 1132 1606 1195; x_wconf 85' lang='lat' dir='ltr'>in-</span> 
     </span>
     <span class='ocr_line' id='line_1_6' title="bbox 372 1231 1487 1317; baseline 0.005 -22"><span class='ocrx_word' id='word_1_38' title='bbox 372 1231 457 1298; x_wconf 90' lang='lat' dir='ltr'>dioio</span> <span class='ocrx_word' id='word_1_39' title='bbox 481 1237 589 1297; x_wconf 88' lang='lat' dir='ltr'>essent</span> <span class='ocrx_word' id='word_1_40' title='bbox 612 1233 690 1317; x_wconf 90' lang='lat' dir='ltr'>quid</span> <span class='ocrx_word' id='word_1_41' title='bbox 712 1237 809 1317; x_wconf 88' lang='lat' dir='ltr'>poeta</span> <span class='ocrx_word' id='word_1_42' title='bbox 832 1235 974 1299; x_wconf 72' lang='lat' dir='ltr'><strong>sentiret.</strong></span> <span class='ocrx_word' id='word_1_43' title='bbox 1484 1255 1487 1262; x_wconf 81' lang='grc'><strong><em>’</em></strong></span> 
     </span>
    </p>

    <p class='ocr_par' dir='ltr' id='par_1_3' title="bbox 371 1337 1646 2067">
     <span class='ocr_line' id='line_1_7' title="bbox 463 1337 1607 1430; baseline 0.005 -26"><span class='ocrx_word' id='word_1_44' title='bbox 463 1337 526 1404; x_wconf 89' lang='lat' dir='ltr'>Sed</span> <span class='ocrx_word' id='word_1_45' title='bbox 549 1338 628 1404; x_wconf 85' lang='lat' dir='ltr'>haee</span> <span class='ocrx_word' id='word_1_46' title='bbox 650 1344 725 1406; x_wconf 92' lang='lat' dir='ltr'>utut</span> <span class='ocrx_word' id='word_1_47' title='bbox 747 1340 984 1428; x_wconf 80' lang='lat' dir='ltr'>iudicabuntur,</span> <span class='ocrx_word' id='word_1_48' title='bbox 1008 1344 1157 1428; x_wconf 82' lang='lat' dir='ltr'>graviora</span> <span class='ocrx_word' id='word_1_49' title='bbox 1178 1348 1254 1409; x_wconf 88' lang='lat' dir='ltr'>sunt</span> <span class='ocrx_word' id='word_1_50' title='bbox 1278 1366 1360 1428; x_wconf 91' lang='lat' dir='ltr'>quae</span> <span class='ocrx_word' id='word_1_51' title='bbox 1382 1346 1607 1430; x_wconf 85' lang='lat' dir='ltr'>insequuntur,</span> 
     </span>
     <span class='ocr_line' id='line_1_8' title="bbox 371 1446 1607 1536; baseline 0.005 -26"><span class='ocrx_word' id='word_1_52' title='bbox 371 1446 408 1510; x_wconf 93' lang='lat' dir='ltr'>in</span> <span class='ocrx_word' id='word_1_53' title='bbox 431 1446 549 1530; x_wconf 89' lang='lat' dir='ltr'>quibus</span> <span class='ocrx_word' id='word_1_54' title='bbox 572 1447 706 1512; x_wconf 90' lang='lat' dir='ltr'>dubium</span> <span class='ocrx_word' id='word_1_55' title='bbox 724 1469 790 1513; x_wconf 91' lang='lat' dir='ltr'>non</span> <span class='ocrx_word' id='word_1_56' title='bbox 809 1452 859 1513; x_wconf 90' lang='lat' dir='ltr'>est</span> <span class='ocrx_word' id='word_1_57' title='bbox 877 1449 957 1533; x_wconf 91' lang='lat' dir='ltr'>quin</span> <span class='ocrx_word' id='word_1_58' title='bbox 974 1449 1098 1534; x_wconf 89' lang='lat' dir='ltr'>aliquid</span> <span class='ocrx_word' id='word_1_59' title='bbox 1121 1471 1219 1535; x_wconf 86' lang='lat' dir='ltr'>prave</span> <span class='ocrx_word' id='word_1_60' title='bbox 1238 1451 1395 1534; x_wconf 88' lang='lat' dir='ltr'>seriptum</span> <span class='ocrx_word' id='word_1_61' title='bbox 1415 1451 1466 1536; x_wconf 89' lang='lat' dir='ltr'>sit,</span> <span class='ocrx_word' id='word_1_62' title='bbox 1490 1453 1517 1516; x_wconf 90' lang='lat' dir='ltr'>si</span> <span class='ocrx_word' id='word_1_63' title='bbox 1537 1452 1607 1535; x_wconf 91' lang='lat' dir='ltr'>qui-</span> 
     </span>
     <span class='ocr_line' id='line_1_9' title="bbox 372 1552 1606 1644; baseline 0.006 -28"><span class='ocrx_word' id='word_1_64' title='bbox 372 1552 443 1617; x_wconf 89' lang='lat' dir='ltr'>dem</span> <span class='ocrx_word' id='word_1_65' title='bbox 467 1554 502 1618; x_wconf 90' lang='lat' dir='ltr'>in</span> <span class='ocrx_word' id='word_1_66' title='bbox 524 1552 617 1619; x_wconf 89' lang='lat' dir='ltr'>libris</span> <span class='ocrx_word' id='word_1_67' title='bbox 636 1554 792 1621; x_wconf 83' lang='lat' dir='ltr'>Tullianis</span> <span class='ocrx_word' id='word_1_68' title='bbox 815 1554 896 1621; x_wconf 89' lang='lat' dir='ltr'>haeo</span> <span class='ocrx_word' id='word_1_69' title='bbox 914 1557 960 1620; x_wconf 85' lang='lat' dir='ltr'>ita</span> <span class='ocrx_word' id='word_1_70' title='bbox 979 1561 1111 1621; x_wconf 85' lang='lat' dir='ltr'>exarata</span> <span class='ocrx_word' id='word_1_71' title='bbox 1129 1557 1311 1641; x_wconf 88' lang='lat' dir='ltr'>traduntur,</span> <span class='ocrx_word' id='word_1_72' title='bbox 1328 1561 1365 1622; x_wconf 89' lang='lat' dir='ltr'>ut</span> <span class='ocrx_word' id='word_1_73' title='bbox 1384 1559 1606 1644; x_wconf 89' lang='lat' dir='ltr'>supraposita</span> 
     </span>
     <span class='ocr_line' id='line_1_10' title="bbox 372 1661 1608 1749; baseline 0.005 -26"><span class='ocrx_word' id='word_1_74' title='bbox 372 1665 462 1724; x_wconf 91' lang='lat' dir='ltr'>sunt:</span> <span class='ocrx_word' id='word_1_75' title='bbox 484 1682 545 1725; x_wconf 77' lang='lat' dir='ltr'>nea</span> <span class='ocrx_word' id='word_1_76' title='bbox 566 1661 718 1742; x_wconf 78' lang='lat' dir='ltr'>reliquias</span> <span class='ocrx_word' id='word_1_77' title='bbox 731 1662 893 1747; x_wconf 78' lang='lat' dir='ltr'>semiassi</span> <span class='ocrx_word' id='word_1_78' title='bbox 914 1664 988 1747; x_wconf 80' lang='lat' dir='ltr'>reis</span> <span class='ocrx_word' id='word_1_79' title='bbox 1004 1664 1172 1729; x_wconf 73' lang='lat' dir='ltr'>denudatis</span> <span class='ocrx_word' id='word_1_80' title='bbox 1194 1685 1218 1729; x_wconf 92' lang='lat' dir='ltr'>o.</span> <span class='ocrx_word' id='word_1_81' title='bbox 1250 1663 1395 1741; x_wconf 81' lang='lat' dir='ltr'>Quorum</span> <span class='ocrx_word' id='word_1_82' title='bbox 1419 1687 1501 1749; x_wconf 90' lang='lat' dir='ltr'>quae</span> <span class='ocrx_word' id='word_1_83' title='bbox 1524 1668 1608 1731; x_wconf 84' lang='lat' dir='ltr'>esset</span> 
     </span>
     <span class='ocr_line' id='line_1_11' title="bbox 372 1765 1646 1859; baseline 0.005 -29"><span class='ocrx_word' id='word_1_84' title='bbox 372 1765 538 1850; x_wconf 86' lang='lat' dir='ltr'>primitive</span> <span class='ocrx_word' id='word_1_85' title='bbox 550 1767 663 1848; x_wconf 85' lang='lat' dir='ltr'>forma,</span> <span class='ocrx_word' id='word_1_86' title='bbox 677 1769 712 1832; x_wconf 93' lang='lat' dir='ltr'>in</span> <span class='ocrx_word' id='word_1_87' title='bbox 724 1769 891 1853; x_wconf 86' lang='lat' dir='ltr'>prooemio</span> <span class='ocrx_word' id='word_1_88' title='bbox 905 1792 933 1834; x_wconf 89' lang='lat' dir='ltr'>a.</span> <span class='ocrx_word' id='word_1_89' title='bbox 950 1769 1091 1855; x_wconf 66' lang='lat' dir='ltr'>levasso</span> <span class='ocrx_word' id='word_1_90' title='bbox 1110 1769 1159 1859; x_wconf 83' lang='lat' dir='ltr'>(P.</span> <span class='ocrx_word' id='word_1_91' title='bbox 1174 1789 1187 1834; x_wconf 89' lang='lat'>1</span> <span class='ocrx_word' id='word_1_92' title='bbox 1202 1794 1232 1855; x_wconf 94' lang='lat' dir='ltr'>p.</span> <span class='ocrx_word' id='word_1_93' title='bbox 1247 1771 1291 1835; x_wconf 78' lang='grc'>92</span> <span class='ocrx_word' id='word_1_94' title='bbox 1301 1769 1356 1858; x_wconf 90' lang='lat' dir='ltr'>ss.)</span> <span class='ocrx_word' id='word_1_95' title='bbox 1373 1773 1606 1856; x_wconf 82' lang='lat' dir='ltr'>quaerebamus</span> <span class='ocrx_word' id='word_1_96' title='bbox 1621 1797 1646 1837; x_wconf 85' lang='lat' dir='ltr'>ro</span> 
     </span>
     <span class='ocr_line' id='line_1_12' title="bbox 373 1875 1605 1964; baseline 0.005 -26"><span class='ocrx_word' id='word_1_97' title='bbox 373 1877 406 1938; x_wconf 92' lang='lat' dir='ltr'>et</span> <span class='ocrx_word' id='word_1_98' title='bbox 428 1875 600 1958; x_wconf 85' lang='lat' dir='ltr'>explanate</span> <span class='ocrx_word' id='word_1_99' title='bbox 622 1875 771 1959; x_wconf 89' lang='lat' dir='ltr'>pluribus</span> <span class='ocrx_word' id='word_1_100' title='bbox 789 1877 896 1942; x_wconf 87' lang='lat' dir='ltr'>verbis</span> <span class='ocrx_word' id='word_1_101' title='bbox 915 1877 1076 1942; x_wconf 88' lang='lat' dir='ltr'>sententia</span> <span class='ocrx_word' id='word_1_102' title='bbox 1093 1878 1262 1943; x_wconf 90' lang='lat' dir='ltr'>lenissimo</span> <span class='ocrx_word' id='word_1_103' title='bbox 1282 1879 1471 1944; x_wconf 90' lang='lat' dir='ltr'>emendandi</span> <span class='ocrx_word' id='word_1_104' title='bbox 1490 1900 1605 1964; x_wconf 83' lang='lat' dir='ltr'>genere</span> 
     </span>
     <span class='ocr_line' id='line_1_13' title="bbox 373 1970 1140 2067; baseline 0.01 -24"><span class='ocrx_word' id='word_1_105' title='bbox 373 1982 424 2044; x_wconf 87' lang='lat' dir='ltr'>usi</span> <span class='ocrx_word' id='word_1_106' title='bbox 448 1981 652 2047; x_wconf 80' lang='lat' dir='ltr'>scribendum</span> <span class='ocrx_word' id='word_1_107' title='bbox 674 1983 902 2067; x_wconf 81' lang='lat' dir='ltr'>proposuimus</span> <span class='ocrx_word' id='word_1_108' title='bbox 1138 1970 1140 1974; x_wconf 32' lang='lat'><strong><em>¹</em></strong></span> 
     </span>
    </p>

    <p class='ocr_par' dir='ltr' id='par_1_4' title="bbox 321 2080 1387 2278">
     <span class='ocr_line' id='line_1_14' title="bbox 321 2080 1387 2170; baseline 0.006 -19"><span class='ocrx_word' id='word_1_109' title='bbox 321 2080 379 2137; x_wconf 71' lang='lat'>1⁸·</span> <span class='ocrx_word' id='word_1_110' title='bbox 507 2088 580 2152; x_wconf 84' lang='lat' dir='ltr'>Nea</span> <span class='ocrx_word' id='word_1_111' title='bbox 602 2089 766 2170; x_wconf 67' lang='lat' dir='ltr'>relliquias</span> <span class='ocrx_word' id='word_1_112' title='bbox 787 2093 944 2155; x_wconf 85' lang='lat' dir='ltr'>semustas</span> <span class='ocrx_word' id='word_1_113' title='bbox 964 2091 1057 2156; x_wconf 82' lang='lat' dir='ltr'>sireis</span> <span class='ocrx_word' id='word_1_114' title='bbox 1079 2092 1246 2157; x_wconf 76' lang='lat' dir='ltr'>desudatis</span> <span class='ocrx_word' id='word_1_115' title='bbox 1268 2093 1387 2157; x_wconf 82' lang='lat' dir='ltr'>ossibus</span> 
     </span>
     <span class='ocr_line' id='line_1_15' title="bbox 508 2194 1316 2278; baseline 0.004 -19"><span class='ocrx_word' id='word_1_116' title='bbox 508 2194 574 2260; x_wconf 90' lang='lat' dir='ltr'>Per</span> <span class='ocrx_word' id='word_1_117' title='bbox 595 2201 712 2261; x_wconf 81' lang='lat' dir='ltr'>terrem</span> <span class='ocrx_word' id='word_1_118' title='bbox 734 2198 824 2261; x_wconf 77' lang='lat' dir='ltr'>sanie</span> <span class='ocrx_word' id='word_1_119' title='bbox 847 2197 1000 2262; x_wconf 70' lang='lat' dir='ltr'>saeuas</span> <span class='ocrx_word' id='word_1_120' title='bbox 1020 2198 1109 2278; x_wconf 80' lang='lat' dir='ltr'>foede</span> <span class='ocrx_word' id='word_1_121' title='bbox 1131 2199 1316 2263; x_wconf 75' lang='lat' dir='ltr'>dioesesim.</span> 
     </span>
    </p>

    <p class='ocr_par' dir='ltr' id='par_1_5' title="bbox 371 2299 1645 3028">
     <span class='ocr_line' id='line_1_16' title="bbox 372 2299 1607 2389; baseline 0.004 -23"><span class='ocrx_word' id='word_1_122' title='bbox 372 2299 461 2368; x_wconf 88' lang='lat' dir='ltr'>Haeo</span> <span class='ocrx_word' id='word_1_123' title='bbox 475 2301 647 2367; x_wconf 87' lang='lat' dir='ltr'>Ribbeekii</span> <span class='ocrx_word' id='word_1_124' title='bbox 666 2302 838 2368; x_wconf 88' lang='lat' dir='ltr'>insolentia</span> <span class='ocrx_word' id='word_1_125' title='bbox 856 2304 966 2388; x_wconf 87' lang='lat' dir='ltr'>irrisit,</span> <span class='ocrx_word' id='word_1_126' title='bbox 985 2325 1057 2368; x_wconf 90' lang='lat' dir='ltr'>oum</span> <span class='ocrx_word' id='word_1_127' title='bbox 1072 2305 1118 2368; x_wconf 86' lang='lat' dir='ltr'>ita</span> <span class='ocrx_word' id='word_1_128' title='bbox 1132 2304 1286 2370; x_wconf 77' lang='lat' dir='ltr'>scriberet</span> <span class='ocrx_word' id='word_1_129' title='bbox 1305 2325 1400 2387; x_wconf 76' lang='lat' dir='ltr'>neque</span> <span class='ocrx_word' id='word_1_130' title='bbox 1414 2304 1607 2389; x_wconf 77' lang='lat' dir='ltr'>Polymestor</span> 
     </span>
     <span class='ocr_line' id='line_1_17' title="bbox 372 2408 1606 2494; baseline 0.003 -21"><span class='ocrx_word' id='word_1_131' title='bbox 372 2408 525 2491; x_wconf 78' lang='lat' dir='ltr'>Polydori</span> <span class='ocrx_word' id='word_1_132' title='bbox 546 2429 657 2490; x_wconf 69' lang='lat' dir='ltr'>eorpus</span> <span class='ocrx_word' id='word_1_133' title='bbox 678 2415 846 2475; x_wconf 65' lang='lat' dir='ltr'>mmmmm</span> <span class='ocrx_word' id='word_1_134' title='bbox 864 2411 975 2475; x_wconf 69' lang='lat' dir='ltr'>obieris</span> <span class='ocrx_word' id='word_1_135' title='bbox 991 2431 1048 2475; x_wconf 80' lang='lat' dir='ltr'>aee</span> <span class='ocrx_word' id='word_1_136' title='bbox 1069 2411 1213 2476; x_wconf 73' lang='lat' dir='ltr'>limaeam</span> <span class='ocrx_word' id='word_1_137' title='bbox 1230 2413 1368 2493; x_wconf 75' lang='lat' dir='ltr'>fraterni</span> <span class='ocrx_word' id='word_1_138' title='bbox 1386 2413 1523 2494; x_wconf 69' lang='lat' dir='ltr'>eorpoms</span> <span class='ocrx_word' id='word_1_139' title='bbox 1540 2417 1606 2477; x_wconf 78' lang='lat' dir='ltr'>tam</span> 
     </span>
     <span class='ocr_line' id='line_1_18' title="bbox 371 2516 1607 2603; baseline 0.004 -24"><span class='ocrx_word' id='word_1_140' title='bbox 371 2516 563 2580; x_wconf 71' lang='lat' dir='ltr'>inewmosom</span> <span class='ocrx_word' id='word_1_141' title='bbox 583 2517 652 2598; x_wconf 83' lang='lat' dir='ltr'>fore</span> <span class='ocrx_word' id='word_1_142' title='bbox 673 2518 804 2600; x_wconf 68' lang='lat' dir='ltr'>obsitam</span> <span class='ocrx_word' id='word_1_143' title='bbox 819 2523 952 2603; x_wconf 80' lang='lat' dir='ltr'>poterat,</span> <span class='ocrx_word' id='word_1_144' title='bbox 974 2523 1010 2583; x_wconf 82' lang='lat' dir='ltr'>at</span> <span class='ocrx_word' id='word_1_145' title='bbox 1026 2539 1099 2600; x_wconf 74' lang='lat' dir='ltr'>roqo</span> <span class='ocrx_word' id='word_1_146' title='bbox 1117 2519 1241 2599; x_wconf 77' lang='lat' dir='ltr'>quidem</span> <span class='ocrx_word' id='word_1_147' title='bbox 1266 2519 1433 2583; x_wconf 76' lang='lat' dir='ltr'>mandaret</span> <span class='ocrx_word' id='word_1_148' title='bbox 1453 2520 1509 2585; x_wconf 88' lang='lat' dir='ltr'>sed</span> <span class='ocrx_word' id='word_1_149' title='bbox 1529 2539 1607 2584; x_wconf 78' lang='lat' dir='ltr'>aori-</span> 
     </span>
     <span class='ocr_line' id='line_1_19' title="bbox 372 2623 1607 2708; baseline 0.002 -21"><span class='ocrx_word' id='word_1_150' title='bbox 372 2624 449 2688; x_wconf 81' lang='lat' dir='ltr'>dam</span> <span class='ocrx_word' id='word_1_151' title='bbox 472 2629 698 2688; x_wconf 68' lang='lat' dir='ltr'>menatem</span> <span class='ocrx_word' id='word_1_152' title='bbox 719 2624 909 2706; x_wconf 79' lang='lat' dir='ltr'>abriperet</span> <span class='ocrx_word' id='word_1_153' title='bbox 930 2630 960 2689; x_wconf 81' lang='lat' dir='ltr'>et</span> <span class='ocrx_word' id='word_1_154' title='bbox 978 2626 1059 2707; x_wconf 80' lang='lat' dir='ltr'>feris</span> <span class='ocrx_word' id='word_1_155' title='bbox 1082 2625 1321 2690; x_wconf 78' lang='lat' dir='ltr'>dilacerandum</span> <span class='ocrx_word' id='word_1_156' title='bbox 1343 2625 1535 2708; x_wconf 73' lang='lat' dir='ltr'>relinqueret.</span> <span class='ocrx_word' id='word_1_157' title='bbox 1568 2623 1607 2690; x_wconf 96' lang='lat' dir='ltr'>In</span> 
     </span>
     <span class='ocr_line' id='line_1_20' title="bbox 373 2729 1607 2815; baseline 0.004 -23"><span class='ocrx_word' id='word_1_158' title='bbox 373 2729 492 2812; x_wconf 88' lang='lat' dir='ltr'>quibus</span> <span class='ocrx_word' id='word_1_159' title='bbox 512 2751 594 2813; x_wconf 90' lang='lat' dir='ltr'>quae</span> <span class='ocrx_word' id='word_1_160' title='bbox 612 2731 652 2794; x_wconf 91' lang='lat' dir='ltr'>de</span> <span class='ocrx_word' id='word_1_161' title='bbox 669 2729 892 2813; x_wconf 83' lang='lat' dir='ltr'>Polymestore</span> <span class='ocrx_word' id='word_1_162' title='bbox 911 2731 1033 2814; x_wconf 78' lang='lat' dir='ltr'>scribit,</span> <span class='ocrx_word' id='word_1_163' title='bbox 1052 2753 1248 2815; x_wconf 85' lang='lat' dir='ltr'>quamquam</span> <span class='ocrx_word' id='word_1_164' title='bbox 1266 2753 1333 2797; x_wconf 91' lang='lat' dir='ltr'>non</span> <span class='ocrx_word' id='word_1_165' title='bbox 1351 2733 1466 2798; x_wconf 87' lang='lat' dir='ltr'>nesaiit</span> <span class='ocrx_word' id='word_1_166' title='bbox 1484 2734 1524 2798; x_wconf 93' lang='lat' dir='ltr'>ab</span> <span class='ocrx_word' id='word_1_167' title='bbox 1545 2733 1607 2798; x_wconf 90' lang='lat' dir='ltr'>ista</span> 
     </span>
     <span class='ocr_line' id='line_1_21' title="bbox 373 2837 1645 2924; baseline 0.004 -23"><span class='ocrx_word' id='word_1_168' title='bbox 373 2837 532 2922; x_wconf 85' lang='lat' dir='ltr'>prooemii</span> <span class='ocrx_word' id='word_1_169' title='bbox 546 2837 764 2922; x_wconf 86' lang='lat' dir='ltr'>disputatione</span> <span class='ocrx_word' id='word_1_170' title='bbox 778 2837 873 2923; x_wconf 91' lang='lat' dir='ltr'>plane</span> <span class='ocrx_word' id='word_1_171' title='bbox 888 2838 992 2904; x_wconf 77' lang='lat' dir='ltr'>aliena</span> <span class='ocrx_word' id='word_1_172' title='bbox 1011 2861 1088 2919; x_wconf 90' lang='lat' dir='ltr'>esse,</span> <span class='ocrx_word' id='word_1_173' title='bbox 1106 2844 1214 2905; x_wconf 89' lang='lat' dir='ltr'>tamen</span> <span class='ocrx_word' id='word_1_174' title='bbox 1229 2864 1247 2905; x_wconf 89' lang='lat' dir='ltr'>a</span> <span class='ocrx_word' id='word_1_175' title='bbox 1267 2839 1329 2905; x_wconf 89' lang='lat' dir='ltr'>fide</span> <span class='ocrx_word' id='word_1_176' title='bbox 1348 2862 1407 2905; x_wconf 90' lang='lat' dir='ltr'>sua</span> <span class='ocrx_word' id='word_1_177' title='bbox 1421 2839 1605 2924; x_wconf 82' lang='lat' dir='ltr'>impetrarit</span> <span class='ocrx_word' id='word_1_178' title='bbox 1619 2866 1645 2906; x_wconf 86' lang='lat' dir='ltr'>ro</span> 
     </span>
     <span class='ocr_line' id='line_1_22' title="bbox 373 2944 1607 3028; baseline 0.003 -20"><span class='ocrx_word' id='word_1_179' title='bbox 373 2949 411 3008; x_wconf 93' lang='lat' dir='ltr'>ut</span> <span class='ocrx_word' id='word_1_180' title='bbox 424 2944 503 3008; x_wconf 85' lang='lat' dir='ltr'>haee</span> <span class='ocrx_word' id='word_1_181' title='bbox 518 2966 599 3028; x_wconf 92' lang='lat' dir='ltr'>quae</span> <span class='ocrx_word' id='word_1_182' title='bbox 613 2944 751 3009; x_wconf 88' lang='lat' dir='ltr'>absurda</span> <span class='ocrx_word' id='word_1_183' title='bbox 765 2950 841 3010; x_wconf 90' lang='lat' dir='ltr'>sunt</span> <span class='ocrx_word' id='word_1_184' title='bbox 856 2946 1028 3011; x_wconf 86' lang='lat' dir='ltr'>eavillandi</span> <span class='ocrx_word' id='word_1_185' title='bbox 1043 2967 1138 3011; x_wconf 86' lang='lat' dir='ltr'>causa</span> <span class='ocrx_word' id='word_1_186' title='bbox 1153 2946 1250 3011; x_wconf 90' lang='lat' dir='ltr'>simul</span> <span class='ocrx_word' id='word_1_187' title='bbox 1265 2969 1337 3012; x_wconf 89' lang='lat' dir='ltr'>oum</span> <span class='ocrx_word' id='word_1_188' title='bbox 1353 2947 1453 3011; x_wconf 85' lang='lat' dir='ltr'>altero</span> <span class='ocrx_word' id='word_1_189' title='bbox 1469 2948 1607 3012; x_wconf 87' lang='lat' dir='ltr'>afferret.</span> 
     </span>
    </p>

    <p class='ocr_par' dir='ltr' id='par_1_6' title="bbox 275 3049 1607 3564">
     <span class='ocr_line' id='line_1_23' title="bbox 275 3049 1606 3138; baseline 0.002 -24"><span class='ocrx_word' id='word_1_190' title='bbox 275 3097 278 3101; x_wconf 28' lang='grc' dir='ltr'><em>ι</em></span> <span class='ocrx_word' id='word_1_191' title='bbox 374 3049 556 3128; x_wconf 84' lang='lat' dir='ltr'>Quaerere</span> <span class='ocrx_word' id='word_1_192' title='bbox 576 3052 615 3116; x_wconf 93' lang='lat' dir='ltr'>de</span> <span class='ocrx_word' id='word_1_193' title='bbox 633 3050 795 3135; x_wconf 86' lang='lat' dir='ltr'>Polydoro</span> <span class='ocrx_word' id='word_1_194' title='bbox 815 3056 847 3117; x_wconf 92' lang='lat' dir='ltr'>et</span> <span class='ocrx_word' id='word_1_195' title='bbox 866 3057 967 3119; x_wconf 89' lang='lat' dir='ltr'>matre</span> <span class='ocrx_word' id='word_1_196' title='bbox 989 3056 1057 3118; x_wconf 86' lang='lat' dir='ltr'>eius</span> <span class='ocrx_word' id='word_1_197' title='bbox 1077 3053 1227 3138; x_wconf 83' lang='lat' dir='ltr'>effutivit,</span> <span class='ocrx_word' id='word_1_198' title='bbox 1250 3075 1347 3137; x_wconf 91' lang='lat' dir='ltr'>quarn</span> <span class='ocrx_word' id='word_1_199' title='bbox 1365 3058 1484 3119; x_wconf 91' lang='lat' dir='ltr'>temere</span> <span class='ocrx_word' id='word_1_200' title='bbox 1507 3057 1539 3118; x_wconf 88' lang='lat' dir='ltr'>et</span> <span class='ocrx_word' id='word_1_201' title='bbox 1562 3054 1606 3117; x_wconf 87' lang='lat' dir='ltr'>in·</span> 
     </span>
     <span class='ocr_line' id='line_1_24' title="bbox 373 3158 1607 3244; baseline 0.002 -22"><span class='ocrx_word' id='word_1_202' title='bbox 373 3159 555 3244; x_wconf 78' lang='lat' dir='ltr'>cogitanter</span> <span class='ocrx_word' id='word_1_203' title='bbox 577 3160 662 3224; x_wconf 84' lang='lat' dir='ltr'>iaata</span> <span class='ocrx_word' id='word_1_204' title='bbox 680 3160 754 3243; x_wconf 88' lang='lat' dir='ltr'>sint,</span> <span class='ocrx_word' id='word_1_205' title='bbox 777 3158 865 3223; x_wconf 87' lang='lat' dir='ltr'>haud</span> <span class='ocrx_word' id='word_1_206' title='bbox 886 3161 933 3223; x_wconf 85' lang='lat' dir='ltr'>its</span> <span class='ocrx_word' id='word_1_207' title='bbox 952 3159 1083 3224; x_wconf 84' lang='lat' dir='ltr'>difficile</span> <span class='ocrx_word' id='word_1_208' title='bbox 1102 3164 1151 3223; x_wconf 87' lang='lat' dir='ltr'>est</span> <span class='ocrx_word' id='word_1_209' title='bbox 1170 3161 1399 3241; x_wconf 87' lang='lat' dir='ltr'>demonstratu,</span> <span class='ocrx_word' id='word_1_210' title='bbox 1417 3160 1515 3225; x_wconf 90' lang='lat' dir='ltr'>modo</span> <span class='ocrx_word' id='word_1_211' title='bbox 1534 3160 1607 3244; x_wconf 84' lang='lat' dir='ltr'>quis</span> 
     </span>
     <span class='ocr_line' id='line_1_25' title="bbox 374 3265 1607 3351; baseline 0.002 -22"><span class='ocrx_word' id='word_1_212' title='bbox 374 3265 556 3351; x_wconf 89' lang='lat' dir='ltr'>intelligere</span> <span class='ocrx_word' id='word_1_213' title='bbox 583 3267 693 3350; x_wconf 88' lang='lat' dir='ltr'>eupiat</span> <span class='ocrx_word' id='word_1_214' title='bbox 720 3287 801 3349; x_wconf 91' lang='lat' dir='ltr'>quae</span> <span class='ocrx_word' id='word_1_215' title='bbox 828 3266 951 3351; x_wconf 87' lang='lat' dir='ltr'>saripta</span> <span class='ocrx_word' id='word_1_216' title='bbox 978 3272 1063 3331; x_wconf 87' lang='lat' dir='ltr'>sunt.</span> <span class='ocrx_word' id='word_1_217' title='bbox 1106 3266 1169 3331; x_wconf 84' lang='lat' dir='ltr'>Sed</span> <span class='ocrx_word' id='word_1_218' title='bbox 1196 3267 1325 3331; x_wconf 88' lang='lat' dir='ltr'>initium</span> <span class='ocrx_word' id='word_1_219' title='bbox 1353 3266 1448 3331; x_wconf 89' lang='lat' dir='ltr'>nobis</span> <span class='ocrx_word' id='word_1_220' title='bbox 1470 3266 1607 3332; x_wconf 78' lang='lat' dir='ltr'>facimus</span> 
     </span>
     <span class='ocr_line' id='line_1_26' title="bbox 373 3372 1607 3456; baseline 0.002 -20"><span class='ocrx_word' id='word_1_221' title='bbox 373 3373 413 3437; x_wconf 89' lang='lat' dir='ltr'>ab</span> <span class='ocrx_word' id='word_1_222' title='bbox 433 3395 471 3438; x_wconf 90' lang='lat' dir='ltr'>ea</span> <span class='ocrx_word' id='word_1_223' title='bbox 487 3373 593 3437; x_wconf 85' lang='lat' dir='ltr'>forma</span> <span class='ocrx_word' id='word_1_224' title='bbox 611 3374 766 3437; x_wconf 90' lang='lat' dir='ltr'>orationis</span> <span class='ocrx_word' id='word_1_225' title='bbox 785 3394 882 3456; x_wconf 90' lang='lat' dir='ltr'>quarn</span> <span class='ocrx_word' id='word_1_226' title='bbox 901 3372 1102 3439; x_wconf 84' lang='lat' dir='ltr'>Ribbeekius</span> <span class='ocrx_word' id='word_1_227' title='bbox 1121 3373 1186 3437; x_wconf 89' lang='lat' dir='ltr'>iarn</span> <span class='ocrx_word' id='word_1_228' title='bbox 1206 3374 1337 3437; x_wconf 83' lang='lat' dir='ltr'>tertium</span> <span class='ocrx_word' id='word_1_229' title='bbox 1357 3374 1607 3439; x_wconf 82' lang='lat' dir='ltr'>commendavit:</span> 
     </span>
     <span class='ocr_line' id='line_1_27' title="bbox 394 3480 1444 3564; baseline 0.004 -21"><span class='ocrx_word' id='word_1_230' title='bbox 394 3494 401 3507; x_wconf 95' lang='grc'>·</span> <span class='ocrx_word' id='word_1_231' title='bbox 507 3480 579 3545; x_wconf 82' lang='lat' dir='ltr'>Nea</span> <span class='ocrx_word' id='word_1_232' title='bbox 600 3480 752 3561; x_wconf 75' lang='lat' dir='ltr'>reliquias</span> <span class='ocrx_word' id='word_1_233' title='bbox 775 3501 894 3564; x_wconf 87' lang='lat' dir='ltr'>quaeso</span> <span class='ocrx_word' id='word_1_234' title='bbox 918 3480 999 3545; x_wconf 81' lang='lat' dir='ltr'>inias</span> <span class='ocrx_word' id='word_1_235' title='bbox 1022 3481 1114 3544; x_wconf 80' lang='lat' dir='ltr'>sireis</span> <span class='ocrx_word' id='word_1_236' title='bbox 1136 3481 1304 3545; x_wconf 81' lang='lat' dir='ltr'>denudatis</span> <span class='ocrx_word' id='word_1_237' title='bbox 1325 3481 1444 3547; x_wconf 71' lang='lat' dir='ltr'>ossibus</span> 
     </span>
    </p>

    <p class='ocr_par' dir='ltr' id='par_1_7' title="bbox 509 3586 1316 3669">
     <span class='ocr_line' id='line_1_28' title="bbox 509 3586 1316 3669; baseline 0 -18"><span class='ocrx_word' id='word_1_238' title='bbox 509 3586 574 3651; x_wconf 91' lang='lat' dir='ltr'>Per</span> <span class='ocrx_word' id='word_1_239' title='bbox 595 3592 713 3651; x_wconf 60' lang='lat' dir='ltr'>arram</span> <span class='ocrx_word' id='word_1_240' title='bbox 735 3588 825 3651; x_wconf 77' lang='lat' dir='ltr'>sanie</span> <span class='ocrx_word' id='word_1_241' title='bbox 847 3586 1001 3652; x_wconf 73' lang='lat' dir='ltr'>diibuias</span> <span class='ocrx_word' id='word_1_242' title='bbox 1020 3587 1108 3669; x_wconf 83' lang='lat' dir='ltr'>foede</span> <span class='ocrx_word' id='word_1_243' title='bbox 1131 3587 1316 3653; x_wconf 79' lang='lat' dir='ltr'>dioeearier.</span> 
     </span>
    </p>

    <p class='ocr_par' dir='ltr' id='par_1_8' title="bbox 374 3686 1648 4954">
     <span class='ocr_line' id='line_1_29' title="bbox 374 3686 1608 3780; baseline 0 -22"><span class='ocrx_word' id='word_1_244' title='bbox 374 3691 565 3759; x_wconf 89' lang='lat' dir='ltr'>Omittimus</span> <span class='ocrx_word' id='word_1_245' title='bbox 589 3693 719 3757; x_wconf 88' lang='lat' dir='ltr'>interim</span> <span class='ocrx_word' id='word_1_246' title='bbox 742 3693 932 3758; x_wconf 89' lang='lat' dir='ltr'>emendandi</span> <span class='ocrx_word' id='word_1_247' title='bbox 954 3715 1057 3780; x_wconf 84' lang='lat' dir='ltr'>genus</span> <span class='ocrx_word' id='word_1_248' title='bbox 1087 3714 1151 3777; x_wconf 90' lang='lat' dir='ltr'>quo</span> <span class='ocrx_word' id='word_1_249' title='bbox 1174 3716 1253 3759; x_wconf 74' lang='lat' dir='ltr'>rmus</span> <span class='ocrx_word' id='word_1_250' title='bbox 1277 3698 1326 3759; x_wconf 90' lang='lat' dir='ltr'>est</span> <span class='ocrx_word' id='word_1_251' title='bbox 1350 3694 1437 3779; x_wconf 90' lang='lat' dir='ltr'>quod</span> <span class='ocrx_word' id='word_1_252' title='bbox 1460 3686 1514 3759; x_wconf 80' lang='lat' dir='ltr'>v&#39;ix</span> <span class='ocrx_word' id='word_1_253' title='bbox 1539 3716 1608 3779; x_wconf 91' lang='lat' dir='ltr'>spe-</span> 
     </span>
     <span class='ocr_line' id='line_1_30' title="bbox 374 3799 1607 3886; baseline 0.002 -22"><span class='ocrx_word' id='word_1_254' title='bbox 374 3799 509 3865; x_wconf 87' lang='lat' dir='ltr'>randum</span> <span class='ocrx_word' id='word_1_255' title='bbox 533 3804 583 3865; x_wconf 87' lang='lat' dir='ltr'>est</span> <span class='ocrx_word' id='word_1_256' title='bbox 604 3799 716 3864; x_wconf 88' lang='lat' dir='ltr'>multis</span> <span class='ocrx_word' id='word_1_257' title='bbox 737 3800 934 3885; x_wconf 74' lang='lat' dir='ltr'>placiturum</span> <span class='ocrx_word' id='word_1_258' title='bbox 957 3821 1038 3865; x_wconf 89' lang='lat' dir='ltr'>esse:</span> <span class='ocrx_word' id='word_1_259' title='bbox 1067 3800 1149 3865; x_wconf 92' lang='lat' dir='ltr'>illud</span> <span class='ocrx_word' id='word_1_260' title='bbox 1178 3803 1374 3886; x_wconf 83' lang='lat' dir='ltr'>quaerimus,</span> <span class='ocrx_word' id='word_1_261' title='bbox 1401 3802 1607 3883; x_wconf 66' lang='lat' dir='ltr'>reliquissem</span> 
     </span>
     <span class='ocr_line' id='line_1_31' title="bbox 375 3906 1648 3994; baseline 0.002 -23"><span class='ocrx_word' id='word_1_262' title='bbox 375 3908 527 3991; x_wconf 86' lang='lat' dir='ltr'>quoniam</span> <span class='ocrx_word' id='word_1_263' title='bbox 547 3908 635 3972; x_wconf 83' lang='lat' dir='ltr'>varia</span> <span class='ocrx_word' id='word_1_264' title='bbox 654 3911 704 3971; x_wconf 89' lang='lat' dir='ltr'>est</span> <span class='ocrx_word' id='word_1_265' title='bbox 721 3906 926 3994; x_wconf 81' lang='lat' dir='ltr'>significatio,</span> <span class='ocrx_word' id='word_1_266' title='bbox 949 3929 1029 3992; x_wconf 88' lang='lat' dir='ltr'>quas</span> <span class='ocrx_word' id='word_1_267' title='bbox 1048 3906 1248 3973; x_wconf 83' lang='lat' dir='ltr'>Ribbeolrius</span> <span class='ocrx_word' id='word_1_268' title='bbox 1265 3908 1418 3989; x_wconf 81' lang='lat' dir='ltr'>reliquias</span> <span class='ocrx_word' id='word_1_269' title='bbox 1436 3907 1501 3972; x_wconf 87' lang='lat' dir='ltr'>dioi</span> <span class='ocrx_word' id='word_1_270' title='bbox 1518 3907 1608 3971; x_wconf 78' lang='lat' dir='ltr'>uolu-</span> <span class='ocrx_word' id='word_1_271' title='bbox 1622 3932 1648 3973; x_wconf 81' lang='lat' dir='ltr'>so</span> 
     </span>
     <span class='ocr_line' id='line_1_32' title="bbox 375 4014 1609 4100; baseline 0.001 -22"><span class='ocrx_word' id='word_1_272' title='bbox 375 4016 445 4098; x_wconf 87' lang='lat' dir='ltr'>erit,</span> <span class='ocrx_word' id='word_1_273' title='bbox 469 4018 501 4079; x_wconf 88' lang='lat' dir='ltr'>et</span> <span class='ocrx_word' id='word_1_274' title='bbox 525 4037 589 4099; x_wconf 93' lang='lat' dir='ltr'>qua</span> <span class='ocrx_word' id='word_1_275' title='bbox 611 4016 736 4081; x_wconf 88' lang='lat' dir='ltr'>ratione</span> <span class='ocrx_word' id='word_1_276' title='bbox 755 4018 858 4080; x_wconf 90' lang='lat' dir='ltr'>mater</span> <span class='ocrx_word' id='word_1_277' title='bbox 875 4016 938 4080; x_wconf 89' lang='lat' dir='ltr'>hoo</span> <span class='ocrx_word' id='word_1_278' title='bbox 956 4016 1125 4100; x_wconf 87' lang='lat' dir='ltr'>providere</span> <span class='ocrx_word' id='word_1_279' title='bbox 1144 4016 1287 4100; x_wconf 89' lang='lat' dir='ltr'>potuerit</span> <span class='ocrx_word' id='word_1_280' title='bbox 1305 4014 1393 4099; x_wconf 91' lang='lat' dir='ltr'>quod</span> <span class='ocrx_word' id='word_1_281' title='bbox 1411 4014 1549 4099; x_wconf 85' lang='lat' dir='ltr'>iubetur,</span> <span class='ocrx_word' id='word_1_282' title='bbox 1567 4036 1609 4079; x_wconf 91' lang='lat' dir='ltr'>ne</span> 
     </span>
     <span class='ocr_line' id='line_1_33' title="bbox 375 4118 1609 4207; baseline -0.002 -21"><span class='ocrx_word' id='word_1_283' title='bbox 375 4143 430 4185; x_wconf 89' lang='lat' dir='ltr'>eae</span> <span class='ocrx_word' id='word_1_284' title='bbox 453 4120 608 4205; x_wconf 89' lang='lat' dir='ltr'>reliquiae</span> <span class='ocrx_word' id='word_1_285' title='bbox 631 4122 800 4187; x_wconf 84' lang='lat' dir='ltr'>denudatis</span> <span class='ocrx_word' id='word_1_286' title='bbox 823 4122 950 4188; x_wconf 88' lang='lat' dir='ltr'>ossibus</span> <span class='ocrx_word' id='word_1_287' title='bbox 977 4145 1035 4207; x_wconf 91' lang='lat' dir='ltr'>per</span> <span class='ocrx_word' id='word_1_288' title='bbox 1056 4126 1177 4187; x_wconf 90' lang='lat' dir='ltr'>terram</span> <span class='ocrx_word' id='word_1_289' title='bbox 1200 4122 1396 4187; x_wconf 79' lang='lat' dir='ltr'>divexentur.</span> <span class='ocrx_word' id='word_1_290' title='bbox 1433 4118 1484 4185; x_wconf 82' lang='lat' dir='ltr'>Ab</span> <span class='ocrx_word' id='word_1_291' title='bbox 1509 4119 1609 4204; x_wconf 88' lang='lat' dir='ltr'>expli-</span> 
     </span>
     <span class='ocr_line' id='line_1_34' title="bbox 376 4226 1607 4313; baseline -0.002 -20"><span class='ocrx_word' id='word_1_292' title='bbox 376 4228 477 4293; x_wconf 82' lang='lat' dir='ltr'>canda</span> <span class='ocrx_word' id='word_1_293' title='bbox 500 4228 629 4312; x_wconf 89' lang='lat' dir='ltr'>quidem</span> <span class='ocrx_word' id='word_1_294' title='bbox 653 4229 812 4294; x_wconf 87' lang='lat' dir='ltr'>sententia</span> <span class='ocrx_word' id='word_1_295' title='bbox 830 4228 1029 4296; x_wconf 84' lang='lat' dir='ltr'>Ribbeakius</span> <span class='ocrx_word' id='word_1_296' title='bbox 1053 4233 1119 4293; x_wconf 89' lang='lat' dir='ltr'>tam</span> <span class='ocrx_word' id='word_1_297' title='bbox 1144 4230 1178 4294; x_wconf 94' lang='lat' dir='ltr'>in</span> <span class='ocrx_word' id='word_1_298' title='bbox 1197 4229 1337 4293; x_wconf 86' lang='lat' dir='ltr'>editione</span> <span class='ocrx_word' id='word_1_299' title='bbox 1357 4250 1453 4313; x_wconf 91' lang='lat' dir='ltr'>quam</span> <span class='ocrx_word' id='word_1_300' title='bbox 1471 4227 1505 4291; x_wconf 92' lang='lat' dir='ltr'>in</span> <span class='ocrx_word' id='word_1_301' title='bbox 1524 4226 1607 4291; x_wconf 91' lang='lat' dir='ltr'>libro</span> 
     </span>
     <span class='ocr_line' id='line_1_35' title="bbox 376 4333 1608 4423; baseline -0.001 -25"><span class='ocrx_word' id='word_1_302' title='bbox 376 4334 415 4399; x_wconf 93' lang='lat' dir='ltr'>de</span> <span class='ocrx_word' id='word_1_303' title='bbox 429 4336 595 4421; x_wconf 84' lang='lat' dir='ltr'>tragoedia</span> <span class='ocrx_word' id='word_1_304' title='bbox 608 4333 756 4400; x_wconf 85' lang='lat' dir='ltr'>Romana</span> <span class='ocrx_word' id='word_1_305' title='bbox 769 4333 814 4423; x_wconf 87' lang='lat' dir='ltr'>(p.</span> <span class='ocrx_word' id='word_1_306' title='bbox 828 4334 909 4422; x_wconf 78' lang='lat'>234)</span> <span class='ocrx_word' id='word_1_307' title='bbox 929 4336 1094 4422; x_wconf 88' lang='lat' dir='ltr'>abstinuit,</span> <span class='ocrx_word' id='word_1_308' title='bbox 1113 4336 1169 4400; x_wconf 89' lang='lat' dir='ltr'>sed</span> <span class='ocrx_word' id='word_1_309' title='bbox 1188 4336 1340 4420; x_wconf 88' lang='lat' dir='ltr'>quoniam</span> <span class='ocrx_word' id='word_1_310' title='bbox 1354 4338 1498 4399; x_wconf 85' lang='lat' dir='ltr'>nostram</span> <span class='ocrx_word' id='word_1_311' title='bbox 1512 4333 1608 4399; x_wconf 86' lang='lat' dir='ltr'>inter·</span> 
     </span>
     <span class='ocr_line' id='line_1_36' title="bbox 376 4441 1608 4527; baseline -0.001 -21"><span class='ocrx_word' id='word_1_312' title='bbox 376 4441 524 4525; x_wconf 83' lang='lat' dir='ltr'>pretendi</span> <span class='ocrx_word' id='word_1_313' title='bbox 547 4442 707 4507; x_wconf 88' lang='lat' dir='ltr'>rationem</span> <span class='ocrx_word' id='word_1_314' title='bbox 729 4443 920 4527; x_wconf 85' lang='lat' dir='ltr'>repudiavit,</span> <span class='ocrx_word' id='word_1_315' title='bbox 941 4464 1007 4507; x_wconf 93' lang='lat' dir='ltr'>non</span> <span class='ocrx_word' id='word_1_316' title='bbox 1031 4444 1159 4507; x_wconf 84' lang='lat' dir='ltr'>uidetur</span> <span class='ocrx_word' id='word_1_317' title='bbox 1181 4443 1246 4506; x_wconf 89' lang='lat' dir='ltr'>nisi</span> <span class='ocrx_word' id='word_1_318' title='bbox 1269 4462 1387 4525; x_wconf 87' lang='lat' dir='ltr'>eorpus</span> <span class='ocrx_word' id='word_1_319' title='bbox 1411 4442 1608 4525; x_wconf 88' lang='lat' dir='ltr'>insepultum</span> 
     </span>
     <span class='ocr_line' id='line_1_37' title="bbox 377 4548 1608 4637; baseline 0 -25"><span class='ocrx_word' id='word_1_320' title='bbox 377 4548 445 4613; x_wconf 90' lang='lat' dir='ltr'>sive</span> <span class='ocrx_word' id='word_1_321' title='bbox 469 4571 543 4615; x_wconf 90' lang='lat' dir='ltr'>ossa</span> <span class='ocrx_word' id='word_1_322' title='bbox 567 4551 711 4633; x_wconf 86' lang='lat' dir='ltr'>eorporis</span> <span class='ocrx_word' id='word_1_323' title='bbox 734 4549 894 4615; x_wconf 89' lang='lat' dir='ltr'>inhumati</span> <span class='ocrx_word' id='word_1_324' title='bbox 917 4550 1099 4637; x_wconf 80' lang='lat' dir='ltr'>intelligere</span> <span class='ocrx_word' id='word_1_325' title='bbox 1121 4549 1204 4635; x_wconf 86' lang='lat' dir='ltr'>velle</span> <span class='ocrx_word' id='word_1_326' title='bbox 1228 4570 1309 4633; x_wconf 89' lang='lat' dir='ltr'>quae</span> <span class='ocrx_word' id='word_1_327' title='bbox 1328 4570 1403 4613; x_wconf 89' lang='lat' dir='ltr'>sane</span> <span class='ocrx_word' id='word_1_328' title='bbox 1422 4551 1571 4632; x_wconf 87' lang='lat' dir='ltr'>poterant</span> <span class='ocrx_word' id='word_1_329' title='bbox 1590 4570 1608 4611; x_wconf 91' lang='lat' dir='ltr'>a</span> 
     </span>
     <span class='ocr_line' id='line_1_38' title="bbox 376 4654 1609 4747; baseline 0 -28"><span class='ocrx_word' id='word_1_330' title='bbox 376 4655 454 4721; x_wconf 85' lang='lat' dir='ltr'>feris</span> <span class='ocrx_word' id='word_1_331' title='bbox 467 4678 526 4741; x_wconf 88' lang='lat' dir='ltr'>per</span> <span class='ocrx_word' id='word_1_332' title='bbox 539 4659 659 4720; x_wconf 85' lang='lat' dir='ltr'>terram</span> <span class='ocrx_word' id='word_1_333' title='bbox 673 4656 823 4721; x_wconf 79' lang='lat' dir='ltr'>direxari.</span> <span class='ocrx_word' id='word_1_334' title='bbox 848 4654 911 4721; x_wconf 86' lang='lat' dir='ltr'>Sed</span> <span class='ocrx_word' id='word_1_335' title='bbox 924 4656 987 4722; x_wconf 89' lang='lat' dir='ltr'>hoe</span> <span class='ocrx_word' id='word_1_336' title='bbox 1001 4658 1031 4721; x_wconf 87' lang='lat' dir='ltr'>si</span> <span class='ocrx_word' id='word_1_337' title='bbox 1045 4658 1207 4739; x_wconf 80' lang='lat' dir='ltr'>statuitur,</span> <span class='ocrx_word' id='word_1_338' title='bbox 1221 4655 1405 4720; x_wconf 85' lang='lat' dir='ltr'>relabamur</span> <span class='ocrx_word' id='word_1_339' title='bbox 1415 4675 1548 4747; x_wconf 84' lang='lat' dir='ltr'>neeesse</span> <span class='ocrx_word' id='word_1_340' title='bbox 1560 4658 1609 4719; x_wconf 90' lang='lat' dir='ltr'>est</span> 
     </span>
     <span class='ocr_line' id='line_1_39' title="bbox 377 4762 1610 4849; baseline -0.001 -23"><span class='ocrx_word' id='word_1_341' title='bbox 377 4762 417 4826; x_wconf 89' lang='lat' dir='ltr'>ad</span> <span class='ocrx_word' id='word_1_342' title='bbox 433 4762 631 4846; x_wconf 87' lang='lat' dir='ltr'>superiorem</span> <span class='ocrx_word' id='word_1_343' title='bbox 646 4764 838 4828; x_wconf 88' lang='lat' dir='ltr'>sententiam</span> <span class='ocrx_word' id='word_1_344' title='bbox 850 4785 911 4828; x_wconf 87' lang='lat' dir='ltr'>nee</span> <span class='ocrx_word' id='word_1_345' title='bbox 925 4763 1087 4848; x_wconf 80' lang='lat' dir='ltr'>contingit</span> <span class='ocrx_word' id='word_1_346' title='bbox 1101 4767 1138 4827; x_wconf 89' lang='lat' dir='ltr'>ut</span> <span class='ocrx_word' id='word_1_347' title='bbox 1151 4766 1225 4847; x_wconf 87' lang='lat' dir='ltr'>apte</span> <span class='ocrx_word' id='word_1_348' title='bbox 1239 4762 1498 4849; x_wconf 83' lang='lat' dir='ltr'>progredientem</span> <span class='ocrx_word' id='word_1_349' title='bbox 1513 4762 1610 4827; x_wconf 91' lang='lat' dir='ltr'>orati-</span> 
     </span>
     <span class='ocr_line' id='line_1_40' title="bbox 378 4868 1608 4954; baseline -0.002 -21"><span class='ocrx_word' id='word_1_350' title='bbox 378 4890 472 4933; x_wconf 92' lang='lat' dir='ltr'>onem</span> <span class='ocrx_word' id='word_1_351' title='bbox 481 4869 839 4954; x_wconf 75' lang='lat' dir='ltr'>nenoiseamm:‘sepeli</span> <span class='ocrx_word' id='word_1_352' title='bbox 847 4868 1608 4954; x_wconf 69' lang='lat' dir='ltr'>natum,priusquamferaemembradilacerent,</span> 
     </span>
    </p>
   </div>
   <div class='ocr_carea' id='block_1_3' title="bbox 0 0 1997 5725">
    <p class='ocr_par' dir='ltr' id='par_1_9' title="bbox 0 0 1997 5725">
     <span class='ocr_line' id='line_1_41' title="bbox 0 0 1997 5725; baseline 0 0"><span class='ocrx_word' id='word_1_353' title='bbox 0 0 1997 5725; x_wconf 95' lang='lat' dir='ltr'> </span> 
     </span>
    </p>
   </div>
  </div>
 </body>
</html>
