3967 5725
415 611 482 677 360
647 614 693 664 LI.
712 613 828 664 INDEX
846 611 1060 662 LECTIONUM
1077 610 1311 661 AESTIVABUM
1330 612 1407 662 1900.

412 797 507 840 nemo
540 775 758 840 desiderasset.
798 771 881 838 Ibid.
909 769 963 858 (111
989 794 1020 856 p.
1047 769 1125 855 135,
1149 770 1184 858 8)
1211 769 1266 836 καὶ
1293 772 1313 856 ἡ
1341 772 1405 856 μὲν
1431 771 1647 856 ἀσχημοσύνη

412 881 468 947 καί
487 880 660 968 ἀρρυθμία
677 879 733 946 καὶ
752 880 957 964 ἀναρμοστία
975 882 1173 963 κακολογίας
1191 877 1247 944 καὶ
1264 880 1466 962 κακοηθείας
1479 877 1648 963 ἀδελφοί,

412 991 453 1054 τὰ
483 987 514 1054 δ’
551 988 686 1054 ἐναντία
718 997 778 1054 τοῦ
811 986 981 1069 ἐναντίου,
1014 987 1190 1072 σώφρονός
1221 1009 1256 1051 τε
1284 985 1338 1051 καὶ
1366 986 1499 1070 ἀγαθοῦ
1527 987 1648 1070 ἤθους,

413 1096 565 1181 ἀδελφά
591 1119 630 1162 τε
658 1094 721 1161 καί
749 1098 957 1180 μιμήματα.
992 1093 1153 1158 Addimus
1181 1093 1220 1159 de
1247 1092 1436 1179 Protagora,
1465 1094 1521 1176 qui
1544 1093 1648 1157 multa

355 1198 359 1204 ’
412 1203 511 1270 habet
528 1203 657 1288 similia,
674 1204 754 1268 haec
772 1204 886 1267 saltem
901 1223 982 1285 quae
997 1223 1027 1285 p.
1043 1200 1095 1286 92,
1110 1199 1130 1264 5
1149 1199 1303 1286 leguntur
1321 1200 1430 1284 ὥσπερ
1450 1197 1513 1266 οὖν
1531 1200 1572 1265 οὐ
1586 1201 1647 1265 τὸν

412 1313 566 1396 κείμενόν
592 1335 652 1388 τις
679 1308 728 1374 ἂν
749 1309 981 1391 καταβάλοι,
1009 1307 1093 1373 ἀλλά
1115 1303 1260 1390 τὸνμὲν
1283 1307 1408 1374 ἑστῶτοί
1430 1330 1508 1372 ποτε
1532 1331 1645 1372 κατα-

412 1419 528 1503 βάλοτ
548 1420 595 1484 ἀν
612 1441 686 1500 τις,
705 1417 789 1482 ὥστε
804 1418 959 1501 κείμενον
976 1424 1124 1499 ποιησαι,
1142 1417 1201 1482 τὸν
1215 1415 1253 1481 δὲ
1266 1416 1419 1497 κείμενον
1433 1415 1486 1497 oo,
1500 1415 1586 1480 οὕτω

413 1527 473 1591 τὸν
490 1529 699 1610 κυβερνήτην
715 1522 817 1608 μέγας
831 1524 954 1608 χειμὼν
968 1521 1134 1588 ἐπιπεσὼν
1149 1521 1351 1607 ἀμήχανον
1365 1520 1412 1587 ἀν
1425 1525 1646 1606 ποιήσειεν,

413 1630 468 1698 καί
491 1633 641 1717 γεωργὸν
664 1632 788 1716 χαλεπὴ
811 1631 880 1712 ὥρα
903 1628 1094 1696 ἐπελθοῦσα
1117 1629 1320 1714 ἀμήχανον
1342 1628 1389 1694 ἀν
1411 1631 1511 1712 θείη.

372 1766 400 1809 ro
503 1739 627 1816 Quibus
659 1738 814 1825 exemplis
846 1739 909 1804 hoc
935 1737 1075 1802 fortasse
1101 1738 1237 1802 vicimus
1264 1741 1302 1801 ut
1328 1737 1386 1800 illa
1412 1737 1476 1801 tria
1503 1755 1599 1821 supra
1626 1759 1647 1800 a

411 1847 509 1913 nobis
536 1847 703 1931 proposita
729 1850 848 1911 temere
872 1844 910 1910 de
933 1846 1116 1928 corruptela
1138 1845 1231 1930 argui
1254 1842 1462 1928 intelligatur.
1501 1842 1562 1909 Sed
1585 1865 1645 1908 nos

411 1953 496 2018 nihil
514 1955 679 2037 antiquius
697 1952 894 2018 habebamus
913 1942 1010 2037 quam
1029 1956 1066 2017 ut
1084 1951 1181 2016 verba
1194 1949 1374 2038 Apologiae
1389 1950 1530 2017 Socratis
1548 1951 1648 2016 simili

413 2061 589 2128 offensione
612 2065 727 2127 vexata
750 2060 790 2125 ab
815 2060 941 2125 iniuriis
965 2059 1152 2126 criticorum
1177 2058 1203 2124 si
1226 2059 1296 2123 fieri
1315 2063 1424 2143 posset
1443 2059 1649 2124 defensitare·

412 2190 493 2234 mus.
530 2167 618 2233 Haec
642 2169 720 2233 dicit
744 2165 892 2232 Socrates
916 2166 961 2254 (p.
980 2166 1038 2251 32,
1059 2163 1092 2253 1)

548 2281 767 2361 Χαιρεφῶντα
794 2275 857 2358 γὰρ
887 2280 956 2339 tere
982 2295 1059 2338 ττου.
1092 2267 1190 2352 οὗτος
1218 2274 1294 2357 ἐμός
1321 2297 1356 2339 τε
1385 2271 1513 2358 ἑταῖρος
1540 2269 1583 2357 ἢν
1610 2274 1647 2340 ἐκ

548 2381 628 2447 νέου
659 2380 715 2447 καὶ
746 2381 842 2466 ὑμῶν
871 2388 916 2468 τῷ
939 2382 1063 2464 πλήθει
1092 2378 1220 2466 ἑταῖρός
1247 2405 1283 2446 τε
1309 2379 1365 2447 καὶ
1393 2380 1559 2466 ξυνέφυγε
1586 2383 1648 2465 τὴν

548 2490 662 2575 φυγὴν
685 2489 809 2571 ταύτην
831 2485 886 2552 καὶ
909 2485 992 2571 μεθ’
1014 2487 1109 2570 ὑμῶν
1131 2493 1285 2573 κατῆλθε.

413 2596 502 2674 Quae
524 2595 622 2662 verba
641 2593 674 2660 Ο.
695 2592 730 2660 S.
750 2593 891 2661 Cobetus
914 2593 1048 2679 primus,
1070 2596 1219 2660 molestia
1243 2598 1279 2660 ut
1297 2589 1424 2661 videtur
1442 2599 1572 2682 repetiti
1589 2619 1650 2663 no·

413 2704 510 2770 minis
529 2703 654 2787 ductus,
672 2701 889 2787 reprehendit3
909 2703 966 2785 qui
984 2703 1018 2765 in
1037 2703 1102 2767 illis
1121 2704 1294 2786 praeclaris
1313 2703 1422 2769 Variis
1439 2703 1649 2770 Lectionibus

372 2840 400 2882 so
414 2809 455 2900 (o.
483 2810 569 2877 1854
587 2833 617 2895 p.
637 2807 732 2897 299),
760 2830 833 2874 cum
860 2808 962 2874 multa
989 2831 1028 2873 ex
1056 2808 1218 2897 Apologia
1246 2811 1438 2877 emblemata
1465 2812 1650 2898 expelleret,

413 2920 493 2985 haec
517 2918 649 2985 seclusis
674 2918 792 3002 spuriis
815 2917 860 2981 ita
883 2917 1009 2982 notavit
1033 2916 1174 2983 breviter
1192 2913 1291 2995 οὗτος
1310 2916 1386 3001 ἐμός
1404 2942 1439 2985 τε
1458 2920 1586 3005 ἑταῖρος
1605 2916 1649 3003 ἦν

413 3027 468 3092 καί
493 3026 588 3111 ὑμῶν
611 3034 655 3113 τῷ
670 3027 793 3108 πλήθει
813 3022 957 3109 [ἑταῖρός
975 3024 1024 3109 τε]
1043 3022 1098 3089 καὶ
1118 3023 1284 3110 ξυνίφυγε
1303 3028 1363 3110 τὴν
1382 3028 1495 3111 φυγὴν
1514 3028 1649 3111 ταύτην.

415 3133 486 3211 Quo
514 3136 636 3199 resecto
663 3132 794 3198 nomine
818 3133 976 3196 sententia
998 3154 1064 3197 non
1087 3135 1244 3219 mutatur;
1271 3156 1345 3198 nam
1370 3132 1498 3215 ἑταῖρος
1521 3136 1548 3199 si
1571 3136 1649 3200 scri-

413 3244 507 3325 ptum
535 3260 601 3305 non
629 3242 678 3304 est
705 3240 739 3303 in
767 3239 865 3304 altera
892 3242 998 3323 parte,
1030 3242 1135 3304 tumen
1164 3262 1291 3307 necesse
1320 3243 1369 3305 est
1396 3240 1556 3325 audiatur,
1587 3263 1649 3307 nec

369 3370 373 3378 ’
413 3349 520 3413 minus
548 3349 622 3431 apte
649 3368 736 3411 nunc
763 3367 859 3430 quam
888 3350 962 3410 onte
988 3345 1067 3411 haec
1090 3346 1153 3411 trio
1175 3348 1210 3411 in
1232 3370 1332 3412 unum
1355 3352 1485 3433 coeunt,
1513 3348 1589 3432 ε’μός
1612 3371 1646 3413 τε

415 3453 544 3538 ἑταῖρος
561 3449 603 3537 ἦν
621 3451 676 3519 καὶ
695 3454 791 3537 ὑμῶν
808 3460 853 3541 τῷ
868 3456 991 3536 πλήθει
1011 3450 1092 3539 (scil.
1108 3451 1251 3540 ἑταῖρος)
1270 3454 1332 3519 καὶ
1349 3454 1515 3539 ξυνίφυγε
1529 3478 1555 3521 τ.
1571 3481 1604 3539 φ.
1620 3478 1648 3519 τ.

414 3561 446 3626 A·
469 3559 590 3627 Sobeto
619 3562 771 3627 incitatus
795 3558 970 3625 Schanzius
999 3561 1077 3626 olim
1101 3584 1127 3626 u.
1150 3560 1234 3625 1875
1257 3562 1364 3646 primo
1387 3561 1533 3628 Platonis
1556 3562 1648 3627 volu-

414 3669 501 3733 mine
529 3668 615 3735 edito
644 3671 776 3733 auctore
802 3666 840 3732 A.
864 3667 1034 3753 Ludwigio
1062 3690 1128 3732 non
1155 3668 1286 3750 ἑταῖρός
1310 3692 1345 3734 τε
1373 3670 1428 3733 sed
1456 3668 1586 3755 ἑταῖρός
1612 3693 1646 3735 τε

414 3774 469 3841 καὶ
493 3775 650 3841 elicienda
672 3779 705 3840 et
728 3775 812 3840 banc
834 3795 904 3839 esse
927 3776 1118 3840 sententiam
1142 3777 1274 3859 censuit,
1298 3775 1375 3858 ἐμός
1398 3800 1432 3843 τε
1457 3774 1585 3862 ἑταῖρος
1603 3773 1686 3861 dvo

374 3910 401 3951 so
414 3881 467 3949 xci
492 3883 587 3966 ὑμῶν
606 3884 789 3971 spiritaliter
807 3880 974 3966 ξυνίφυγε
992 3906 1020 3947 τ.
1035 3907 1068 3967 φ.
1088 3883 1184 3967 idque
1203 3883 1346 3948 obtinuit
1364 3906 1469 3969 nuper
1486 3883 1647 3972 Apologia

414 3990 519 4056 denuo
548 3990 633 4055 edita
661 3993 694 4053 et
721 3988 882 4054 uberrimo
910 3992 1140 4056 commentario
1169 3991 1340 4072 instructa,
1367 3992 1430 4057 nisi
1458 3993 1544 4077 quod
1572 3992 1647 4074 ἐμὸς

414 4096 543 4181 ἑταῖρός
570 4118 605 4162 τε
632 4091 675 4179 ἦν
703 4096 739 4161 ἐκ
761 4095 841 4161 νίου
865 4096 962 4161 scribi
987 4119 1083 4181 quam
1106 4096 1181 4183 ἐμός
1203 4122 1238 4165 τε
1263 4097 1391 4185 ἑταῖρος
1413 4100 1540 4185 maluit,
1567 4100 1649 4166 haec

414 4207 452 4269 ut
475 4205 558 4269 inter
581 4224 615 4267 se
638 4203 869 4287 responderent
892 4200 970 4287 ἐμὸς
990 4202 1119 4288 ἑταῖρός
1142 4228 1176 4270 τε
1199 4202 1318 4289 ἦνκαὶ
1342 4207 1437 4289 ὑμῶν
1459 4215 1504 4293 τῷ
1524 4211 1648 4292 πλήθει

416 4310 613 4395 ξυνίφυγεν.
651 4306 740 4375 Idem
770 4309 895 4375 studuit
921 4310 1082 4394 explicare
1111 4334 1149 4375 ex
1176 4311 1237 4377 bac
1266 4314 1425 4398 scriptura
1453 4336 1517 4398 quo
1541 4336 1649 4379 errore

416 4422 487 4483 orta
514 4416 558 4483 sit
586 4418 648 4483 ista
676 4438 772 4502 quam
801 4416 913 4501 scripti
939 4416 1017 4482 libri
1044 4420 1168 4501 tenent,
1195 4419 1251 4483 sed
1279 4424 1316 4485 ut
1342 4420 1437 4486 nobis
1461 4421 1588 4485 videtur
1610 4440 1649 4485 ea

414 4525 539 4590 ratione
563 4546 644 4607 quae
667 4524 873 4589 artificiosior
895 4523 938 4589 sit
961 4547 1058 4609 quam
1081 4525 1293 4591 verisimilior.
1331 4525 1392 4593 Sed
1417 4527 1479 4592 hoc
1496 4532 1571 4592 utut
1589 4532 1648 4610 est,

415 4653 512 4715 quam
531 4631 675 4697 condidit
693 4632 872 4696 orationem
891 4630 1076 4696 dubitamus
1096 4653 1191 4715 quam
1211 4637 1297 4697 recto
1314 4633 1500 4699 condiderit.
1533 4632 1647 4717 Neque

414 4738 500 4802 euim
526 4757 613 4803 nunc
641 4760 722 4821 quae
750 4758 808 4822 per
835 4739 1010 4824 particulas
1032 4737 1072 4803 τί
1091 4742 1123 4803 et
1145 4743 1204 4804 καί
1223 4739 1403 4826 iunguntur
1426 4740 1583 4806 curiosius
1606 4741 1647 4804 ri·

414 4844 517 4909 menti
541 4844 619 4909 satis
642 4849 717 4929 apte
741 4847 920 4928 comparari
943 4848 980 4910 ut
1003 4849 1109 4929 partes
1134 4845 1214 4911 duae
1237 4847 1399 4912 videntur:
1423 4845 1500 4929 ἐμὸς
1519 4846 1649 4931 ἑταῖρός
