3967 5725
566 628 617 678 DE
634 627 811 679 VERSIBUS
828 627 1040 679 noeumane
1057 627 1206 680 PAchn
1223 628 1381 681 melon
1526 627 1593 692 495

309 788 500 872 lucenique
523 788 633 854 eedem
659 787 744 855 1828
755 809 824 873 sqq.
848 789 1010 874 expromit

525 896 617 979 Quid,
640 897 754 974 anime
777 895 938 978 trepidae?
983 896 1164 962 Herculis
1186 897 1451 976 circumsionem

523 1001 724 1085 Oomplectere
745 1023 846 1068 osee:
868 1001 1056 1084 reliquiae
1078 1004 1237 1068 omilium
1261 1004 1388 1088 meme,

521 1110 631 1176 Erunt
651 1111 731 1176 scire
746 1111 930 1191 praesidio:
954 1110 1110 1175 ierreiuui
1130 1116 1203 1175 tuce

522 1217 621 1300 Rupes
642 1217 689 1282 uel
710 1216 852 1296 umbrae,

361 1323 441 1390 haec
469 1324 541 1407 quis
568 1344 635 1388 non
657 1323 745 1388 videt
774 1345 843 1388 eam
871 1345 968 1408 quam
997 1322 1136 1388 diximus
1164 1325 1430 1391 consuetudinem
1457 1325 1595 1391 dilucide

361 1431 474 1496 aliene
489 1435 522 1496 et
536 1452 633 1515 quam
647 1432 714 1496 vim
727 1452 797 1496 esse
809 1434 934 1495 veteres
947 1432 983 1495 in
996 1431 1142 1516 reliquiis
1157 1431 1277 1498 vellent
1289 1433 1480 1518 patefacere,
1498 1454 1595 1517 quam

362 1536 493 1602 Servius
516 1538 613 1602 etiam
637 1540 747 1622 aperte
769 1541 907 1603 testatus
931 1541 989 1621 est,
1013 1560 1085 1602 eum
1108 1538 1156 1604 ita
1175 1538 1328 1604 scriberet
1346 1541 1381 1604 in
1394 1537 1473 1605 Aen
1488 1557 1515 1605 11
1528 1539 1594 1604 539

499 1644 635 1726 ‘smeerer
648 1645 813 1710 rodonem:
827 1644 867 1710 ab
880 1665 914 1710 eo
926 1646 1012 1726 quod
1018 1647 1180 1727 praeeedit
1191 1647 1230 1710 id
1241 1647 1323 1729 quod
1334 1648 1480 1730 sequitur.
1496 1647 1596 1728 fumes

496 1753 580 1817 euim
603 1753 735 1818 estium
758 1752 874 1817 ardens
896 1753 1047 1817 cadauer:
1070 1754 1153 1834 quod
1174 1755 1250 1818 dum
1269 1759 1414 1836 potimur
1435 1755 1636 1836 exsequere

498 1859 648 1924 dicimus:
671 1865 871 1924 crematum
893 1859 1101 1941 reliquias:
1129 1861 1285 1926 meditem
1312 1861 1380 1926 iam
1401 1861 1594 1944 sqrumrum?

364 1987 445 2049 quae
463 1966 572 2032 eadem
590 1964 734 2032 Isidorus
754 1965 988 2053 orig.112,35
1004 1987 1044 2030 ex
1058 1965 1169 2030 Servio
1188 1968 1326 2052 repetita
1339 1966 1481 2032 tradidit.
1504 1967 1597 2032 Post-

306 2104 311 2111 1
361 2093 449 2137 remo
472 2073 618 2139 addimus
642 2095 723 2157 quae
747 2071 922 2140 Suetonius
945 2072 985 2138 de
1010 2072 1123 2138 funere
1146 2071 1288 2159 Augusti
1312 2072 1407 2161 (100)
1430 2073 1596 2159 perhibuit

490 2185 673 2245 ὀοοοίοηοοο
699 2180 837 2246 humeris
864 2179 986 2246 ἀοίοοοε
1012 2181 1049 2244 iu
1073 2178 1228 2262 Campum
1257 2186 1484 2262 cumulusque:
1504 2181 1596 2247 reli-

496 2289 606 2368 quias
624 2287 791 2371 leperuut
801 2287 960 2369 primores
977 2288 1125 2370 oqueris
1142 2287 1265 2352 ordinis
1282 2307 1320 2352 οο
1338 2287 1501 2352 Moueoieo
1524 2307 1594 2352 cou-

498 2395 654 2460 didemut.
1581 2391 1585 2400 ’

452 2500 514 2566 His
537 2501 638 2588 igitur
660 2501 855 2566 testimoniis
874 2505 907 2565 et
924 2502 1079 2586 exemplis
1098 2503 1244 2566 veterum
1262 2523 1333 2566 mos
1352 2501 1527 2586 sepeliendi
1546 2521 1596 2566 co·

363 2607 540 2693 gnoscitur,
548 2609 604 2693 qui
611 2612 812 2674 mortuorum
820 2629 956 2694 corpora
963 2609 1097 2674 eremari
1109 2607 1336 2674 nolebantnisi
1344 2610 1391 2673 ita
1398 2612 1436 2673 ut
1445 2608 1596 2692 collapsis

364 2715 524 2780 cineribus
544 2737 760 2803 rogorumquc
778 2716 917 2781 flammis
936 2716 1103 2781 exstinctis
1118 2737 1191 2781 ossa
1209 2717 1395 2802 legerentur
1412 2736 1530 2799 eaeque
1548 2738 1596 2781 re·

362 2822 483 2907 liquiae
502 2823 649 2889 conditae
668 2827 879 2889 servarentur.
916 2822 1025 2908 Atque
1043 2821 1188 2888 adhunc
1205 2844 1328 2889 morem
1348 2822 1483 2889 dicimus
1501 2821 1596 2907 Poly·
1610 2847 1638 2893 so

364 2930 478 2995 dorum
492 2929 711 2995 Pacuvianum
726 2953 816 2996 suam
831 2930 1126 2997 accommodavisse
1140 2930 1327 2995 orationem.
1350 2929 1414 3006 Qui
1427 2952 1500 2995 oum
1511 2928 1597 2994 Cice-

364 3058 443 3101 rone
455 3040 538 3103 teste
552 3058 669 3123 corpus
684 3059 777 3103 suum
792 3038 927 3102 cremari
939 3038 1047 3121 vellet,
1065 3036 1201 3101 alterum
1216 3036 1339 3102 addidit
1353 3030 1525 3121 quodcum
1539 3036 1596 3103 illo

364 3148 520 3228 perpetua
537 3144 769 3209 consuetudine
787 3144 996 3210 coniunctum
1016 3140 1132 3230 crau),
1149 3147 1188 3207 ut
1206 3147 1341 3209 matrem
1360 3147 1532 3226 utrumque
1550 3143 1597 3207 iu·

364 3250 456 3316 beret
469 3255 501 3316 et
510 3272 590 3337 rogo
606 3273 722 3335 corpus
736 3252 902 3335 imponere
916 3254 949 3315 et
958 3250 1117 3315 exstincta
1126 3249 1255 3313 flamma
1269 3270 1342 3314 ossa
1351 3252 1481 3332 perusta
1490 3246 1597 3335 legere

366 3380 472 3443 neque
495 3357 648 3443 reliquias
672 3359 775 3423 sinere
798 3381 817 3422 a
839 3358 916 3423 feris
938 3357 1069 3441 raptari.
1109 3354 1203 3421 Hanc
1226 3356 1311 3420 enim
1334 3355 1506 3420 verborum
1530 3376 1598 3419 sen·

365 3466 501 3531 tentiam
525 3487 594 3531 esse
617 3466 681 3530 iam
703 3469 857 3551 putamus
879 3484 1047 3549 apparere,
1075 3462 1231 3547 quidquid
1255 3462 1409 3527 statuitur
1431 3462 1470 3526 de
1493 3484 1597 3527 emen·
1685 3474 1688 3483 “

365 3572 468 3637 danda
487 3594 566 3639 vocc
585 3594 680 3657 qnam
699 3572 906 3656 depravatam
926 3592 996 3636 esse
1015 3569 1168 3634 diximus:
1186 3592 1261 3635 nam
1279 3570 1372 3635 ceree
1388 3569 1420 3634 h.
1436 3591 1461 3633 e.
1478 3570 1597 3647 οοόονοζε,

348 3679 454 3763 'quod
481 3680 661 3746 coniunctis
690 3678 822 3763 syllabis
851 3677 941 3743 nulla
967 3676 1077 3741 littera
1108 3679 1234 3741 mutata
1261 3675 1381 3760 prodit,
1410 3677 1597 3761 ambiguum

364 3808 431 3852 non
454 3789 517 3869 cst,
544 3807 606 3851 νον
632 3790 740 3851 antem
768 3785 871 3851 simile
899 3784 963 3849 sibi
985 3783 1152 3868 praemitti
1174 3783 1290 3867 poscit,
1314 3782 1402 3867 quod
1425 3803 1466 3847 ex
1486 3786 1598 3847 nostra

367 3894 584 3978 disputatione
611 3915 680 3958 non
706 3894 814 3977 potuit
841 3913 909 3957 esse
937 3892 1001 3956 nisi
1029 3912 1103 3955 ossa
1130 3891 1232 3977 legas,
1254 3893 1293 3955 ut
1320 3890 1366 3954 ita
1387 3888 1455 3954 fere
1478 3887 1638 3957 dixissem

366 4000 514 4065 videatur
534 4001 631 4083 prius
656 4020 752 4081 quom
776 3999 865 4080 ferae
886 3998 1079 4080 volucresque
1105 3996 1251 4063 membra
1279 3996 1454 4062 dilacerent
1481 4016 1597 4079 corpus

367 4107 514 4192 imponas
537 4128 618 4192 rogo
643 4110 676 4172 et
699 4128 772 4172 osse
794 4110 926 4191 perusta
948 4106 983 4169 in
1006 4106 1112 4170 sinum
1138 4110 1230 4169 tuum
1253 4103 1343 4191 legas
1366 4124 1427 4169 eeu
1448 4102 1599 4184 reliquias

368 4214 453 4279 sinas
471 4234 531 4297 per
553 4219 670 4279 leuem
692 4214 844 4279 dioeuuri.

455 4320 508 4385 Ex
526 4325 677 4405 corrupta
694 4320 854 4404 scriptura
872 4340 954 4403 quae
972 4322 1023 4383 eet
1040 4320 1075 4383 in
1088 4318 1181 4383 libris
1195 4316 1352 4383 Tullianis
1359 4315 1520 4401 semiassi
1536 4316 1599 4381 reis

364 4427 454 4511 quod
468 4430 569 4493 restat
581 4431 755 4511 postquam
768 4427 860 4491 sireis
873 4429 1056 4510 separatum
1069 4429 1127 4508 eet,
1132 4423 1271 4509 semiaſs
1286 4446 1325 4489 ex
1335 4445 1373 4488 eo
1383 4422 1599 4488 Ribbeekium

455 4602 519 4673 ⁸23)
538 4601 579 4657 Cf.
593 4601 689 4657 Isaeus
703 4608 729 4669 4,
745 4606 778 4655 19
797 4599 813 4656 t
827 4597 859 4655 di
873 4598 1011 4670 μέγιστον,
1029 4599 1079 4654 καὶ
1093 4598 1211 4668 μάλιστα
1224 4605 1274 4667 τῆς
1287 4596 1435 4667 Χαροάἀοο
1450 4593 1599 4659 ἀναιδείας

366 4700 585 4761 καταμαρτυρεῖ,
608 4699 690 4747 τοῦτο
713 4688 872 4760 σκέψασθε
897 4686 969 4744 ὅπου
988 4686 1042 4758 γὰρ
1061 4688 1110 4744 τὸν
1130 4687 1217 4743 αὑτὸν
1236 4674 1427 4757 ποιηοάροενον
1446 4682 1506 4741 οὔτ’
1527 4686 1598 4741 ἀντο-

366 4778 497 4837 durinc
511 4779 635 4837 ἀνείλετο
655 4776 726 4835 οὔτ’
748 4778 891 4835 ἔκαυσεν
907 4777 984 4832 οὔτε
999 4774 1232 4847 ὠοτολόγηοεν
1247 4774 1317 4831 ἀλλὰ
1330 4773 1425 4831 πάντα
1438 4783 1497 4837 τοῖς
1509 4772 1599 4847 μηδὲν

365 4869 538 4939 προσήκοντι
556 4878 666 4941 παρῆτε
684 4875 809 4938 ποιῆσαι,
828 4875 887 4931 πῶς
905 4868 958 4922 otu
977 4864 1015 4920 ico
1033 4866 1222 4930 ἀνοσιώτατος
1241 4865 1297 4936 εἴης
