3967 5725
535 635 588 684 DE
604 633 703 685 VOOE
720 633 986 685 comovmsa
1003 635 1043 684 n<
1061 634 1239 686 PLATONIS
1257 635 1465 688 Pulmone
1552 633 1618 700 205

517 820 586 860 των
606 793 663 860 καὶ
685 806 754 860 τῶν
774 796 888 860 ἄλλων
909 807 1021 860 κακῶν
1042 806 1111 860 τῶν
1133 793 1356 880 ἀνθρωπείων
1373 795 1618 888 ἀπηλλαγμένοι,

516 905 629 985 ὥσπερ
655 903 695 967 δὲ
720 901 848 984 λέγεται
875 904 958 966 κατὰ
981 914 1051 967 τῶν
1071 901 1305 988 μεμυημένων,
1331 905 1377 982 ὡς
1399 903 1535 988 άληθῶς
1558 905 1618 971 τὸν

427 1009 473 1074 20
517 1011 637 1074 λοιπὸν
657 1012 783 1092 χρόνον
803 1012 885 1091 μετὰ
906 1016 1000 1074 θεῶν
1022 1011 1201 1092 διάγονσας

380 1116 523 1180 Tantum
541 1116 712 1200 oportebat
728 1115 845 1193 afferri,
867 1121 905 1180 ut
922 1115 1156 1181 sententiarum
1175 1121 1269 1182 tenor
1286 1121 1420 1202 pateret,
1443 1119 1478 1184 in
1497 1141 1561 1204 quo
1582 1141 1619 1184 ea

381 1246 447 1288 vox
472 1225 582 1306 posita
607 1227 659 1286 est
684 1223 724 1287 de
752 1244 817 1307 qua
842 1223 962 1287 dictori
984 1245 1111 1308 sumus,
1137 1229 1186 1289 est
1208 1229 1316 1289 autem
1341 1223 1462 1313 (τ,13)
1486 1225 1617 1312 ῥᾳδίως.

381 1329 472 1406 Quae
493 1351 569 1394 cum
590 1352 658 1394 non
678 1352 744 1395 uno
767 1329 863 1396 modo
885 1351 960 1395 cum
983 1331 1099 1396 ceteris
1122 1331 1192 1396 eius
1215 1332 1374 1397 enuntiati
1395 1333 1487 1422 iungi
1507 1335 1618 1418 possit,

381 1438 583 1520 interpretes,
605 1436 663 1520 qui
683 1436 746 1501 hac
764 1439 924 1521 scriptura
942 1439 1161 1522 acquiescunt,
1183 1443 1292 1504 tamen
1310 1439 1396 1504 varie
1415 1438 1531 1506 horum
1551 1462 1617 1506 rer·

381 1544 498 1608 borum
525 1544 593 1607 rim
620 1548 654 1608 et
679 1546 874 1609 senteutiam
901 1549 1107 1628 acceperuut3
1134 1545 1190 1610 alii
1215 1566 1333 1611 nomen
1356 1545 1469 1612 abesse
1492 1546 1532 1612 ab
1556 1546 1617 1614 hoc

379 1650 454 1715 loco
480 1651 659 1732 iusserunt,
684 1651 783 1735 idque
809 1673 850 1715 ne
876 1651 1131 1717 incommodaret
1157 1651 1279 1738 legenti
1306 1652 1457 1718 cancellis
1484 1655 1616 1720 circum·

380 1758 541 1841 scriptum
562 1762 796 1844 propagarunt3
817 1780 922 1843 nuper
943 1757 1150 1823 Hermannus
1168 1757 1341 1844 Usenerus,
1363 1761 1398 1825 in
1421 1763 1543 1826 nuntiis
1567 1783 1617 1828 eo·
1631 1789 1658 1831 ιο

380 1865 506 1928 cietatis
520 1861 742 1951 Gottingensis
756 1889 784 1930 a
801 1865 897 1950 1892,
911 1889 984 1931 cum
999 1866 1207 1950 reliquiarum
1222 1866 1422 1951 quarundam
1436 1867 1617 1934 Phaedonis

379 1993 400 2034 a
421 1993 547 2055 papyro
565 1969 767 2057 Aegyptiace
788 1995 856 2038 non
878 1974 925 2038 ita
942 1973 1067 2058 pridem
1086 1975 1217 2038 inventa
1236 1973 1451 2040 exhibitarum
1470 1975 1565 2041 fidem
1584 1980 1618 2041 et

341 2088 364 2142 ὅ
382 2079 608 2142 auctoritatem
631 2081 814 2162 exploraret
831 2081 957 2146 erudite
974 2085 1007 2146 et
1026 2102 1090 2165 que
1107 2081 1209 2166 pollet
1228 2081 1387 2168 elegantia
1405 2081 1525 2166 iudicii,
1543 2105 1617 2149 oum

380 2185 504 2250 doleret
527 2185 673 2251 adhunc
690 2186 799 2253 locum
817 2188 909 2252 etad
926 2185 1077 2272 alium*i‚
1097 2210 1234 2273 quorum
1254 2192 1427 2273 utrumque
1445 2191 1616 2274 praecipue

380 2293 589 2376 depravatum
616 2293 762 2379 haberet,
789 2294 874 2359 nihil
900 2318 940 2359 ex
967 2317 1053 2361 novo
1081 2295 1171 2360 ionte
1198 2295 1385 2360 adminiculi
1412 2295 1616 2380 redundasse,

379 2399 449 2483 ipse
481 2400 593 2465 ambos
623 2423 681 2466 sua
712 2402 897 2466 coniectura
928 2403 1096 2467 emendare
1128 2407 1276 2486 conatus,
1307 2407 1420 2468 nostro
1447 2401 1519 2468 loco
1549 2425 1616 2468 non

378 2507 503 2592 ῥᾳδίως
531 2505 633 2594 (quod
659 2531 801 2593 papyrus
830 2531 903 2574 cum
931 2511 1045 2575 ceteris
1073 2509 1165 2575 libris
1192 2507 1345 2598 testatur)
1373 2508 1427 2574 sed
1454 2511 1615 2576 τεθνάναι

378 2613 534 2699 peierat&
562 2615 712 2700 ἀοράτως
735 2618 890 2700 scriptum
912 2618 1014 2682 fuisse
1037 2616 1101 2682 sibi
1124 2617 1296 2702 persuasit3
1319 2615 1417 2701 idque
1439 2617 1615 2683 novissimo

378 2721 561 2787 Phaedonis
589 2724 758 2808 interpreti
786 2725 951 2809 probavit,
978 2724 1020 2788 M.
1041 2723 1235 2809 Wohlrabo‚
1260 2726 1315 2809 qui
1343 2725 1541 2790 divinatione
1568 2723 1615 2788 iu-

378 2833 510 2894 ventum
543 2833 710 2915 tamquam
740 2837 863 2897 certum
891 2836 924 2896 et
952 2832 1169 2898 indubitatum
1198 2833 1232 2897 in
1259 2836 1351 2899 textu
1379 2831 1489 2919 posuit
1517 2831 1612 2897 iuter·
1628 2862 1654 2905 ιο

377 2937 598 3021 pretandoque
620 2940 748 3004 firmare
771 2940 905 3004 studuit.

468 3042 639 3110 Rarissimi
652 3069 729 3110 usus
740 3069 858 3111 nomen
868 3048 1014 3131 ἄρρατον
1023 3051 1136 3112 notum
1148 3051 1197 3112 eet
1207 3048 1256 3113 bis
1267 3048 1353 3132 apud
1362 3048 1529 3113 Platonem
1539 3046 1613 3133 legi,

377 3148 411 3213 in
428 3150 558 3236 Cratylo
578 3150 623 3239 (p.
638 3152 690 3231 53,
706 3152 866 3239 emal),
884 3154 940 3217 ubi
960 3155 1039 3219 haec
1058 3155 1178 3239 scripta
1197 3158 1273 3219 sunt
1291 3154 1380 3219 nulla
1400 3154 1614 3240 discrepantia

465 3383 529 3452 ‘14)
547 3381 641 3436 Verba
665 3386 731 3437 sunt
754 3383 823 3437 haec
846 3386 884 3453 (p.
900 3388 947 3450 tt,
968 3389 1001 3436 13
1012 3383 1111 3453 Bekk.)
1135 3384 1277 3453 τοιγάρτοι
1299 3384 1409 3447 τούτοις
1432 3382 1482 3453 μὲν
1507 3382 1612 3437 enam

378 3474 484 3529 ἐκεῖνοι
501 3470 545 3536 οἷς
562 3493 589 3526 τι
607 3472 681 3542 με’λει
699 3460 748 3543 τῆς
766 3473 860 3527 αὑτῶν
877 3479 972 3543 ψυχῆς
990 3471 1073 3525 ἀλλὰ
1093 3472 1134 3541 μὴ
1154 3474 1281 3541 σώματι
1300 3470 1507 3533 πλάττοντες
1521 3476 1611 3537 ζῶσι,

378 3560 486 3635 χαίρειν
510 3560 636 3623 εἰπόντες
654 3562 688 3616 οὐ
707 3561 779 3616 κατὰ
798 3560 888 3615 ταύτὰ
905 3561 1076 3629 πορεύονται
1094 3562 1191 3623 αὐτοῖς
1208 3565 1264 3615 ιιτλ,
1301 3560 1333 3615 In
1353 3560 1455 3631 quibus
1475 3558 1524 3615 ille
1544 3558 1612 3614 άλλδι

377 3652 413 3721 μὴ
438 3653 544 3721 σώματι
565 3651 730 3714 πλάττοντες
752 3655 817 3716 ζῶσι
840 3650 916 3705 varie
940 3651 1082 3720 temptata
1105 3652 1171 3704 sunt
1194 3666 1211 3703 a
1233 3650 1298 3704 viris
1318 3650 1422 3717 doctis;
1446 3666 1501 3719 quo
1521 3648 1611 3720 magis

377 3741 530 3795 dolendum
549 3743 599 3808 est,
619 3757 652 3794 ea
670 3740 755 3794 verba
773 3740 803 3793 in
822 3756 930 3810 papyro
950 3741 1061 3794 servate
1079 3756 1135 3795 non
1154 3756 1227 3806 esee;
1249 3757 1314 3793 nam
1333 3739 1419 3794 ceteri
1438 3738 1503 3793 libri
1522 3752 1611 3807 paene

377 3848 474 3885 omnes
490 3831 523 3903 in
541 3831 597 3883 ista
617 3830 757 3899 scriptura
776 3828 946 3899 conspirant.
974 3828 1016 3882 De
1036 3828 1138 3898 quibus
1158 3829 1249 3883 verbis
1268 3846 1318 3883 nor
1338 3828 1405 3883 olim
1424 3828 1454 3881 in
1468 3826 1611 3897 prooemio

376 3923 445 3975 aest.
465 3921 532 3974 anni
552 3924 620 3973 1879
640 3922 730 3988 (parte
749 3937 801 3989 1p.
817 3924 851 3973 83
861 3920 933 3987 sqq.)
956 3919 998 3972 ite
1022 3916 1144 3989 egimus,
1168 3920 1200 3972 ut
1223 3934 1294 3987 quse
1314 3916 1421 3987 scripta
1440 3917 1505 3971 eunt
1523 3916 1611 3987 tutari

375 4026 540 4063 conaremur
558 4009 598 4062 sio
617 4008 795 4077 interpretati
814 4008 850 4077 μὴ
870 4010 975 4077 σώματι
993 4012 1058 4073 ζῶσι
1076 4006 1242 4071 πλάττοντες
1256 4010 1303 4077 (ee.
1320 4004 1412 4075 αὐτό);
1432 4005 1508 4075 quod
1523 4022 1611 4077 genus

374 4098 511 4166 loquendi
533 4101 562 4152 et
584 4100 646 4151 tum
669 4096 859 4166 compluribus
883 4096 1018 4167 exemplis
1040 4100 1069 4155 et
1086 4100 1185 4167 postea
1204 4096 1273 4151 alibi
1292 4113 1386 4151 rursus
1406 4094 1533 4151 stabilire
1553 4096 1610 4149 stu·

377 4188 497 4254 duimns,
516 4205 568 4241 nec
587 4187 689 4242 desunt
708 4187 779 4254 alia;
798 4186 847 4241 sed
866 4184 994 4240 videmur
1008 4186 1113 4240 criticis
1128 4186 1203 4240 hunc
1217 4203 1299 4240 usum
1313 4182 1457 4255 participii
1473 4182 1610 4238 letissime

375 4277 521 4346 patentem
543 4276 662 4345 probare
685 4293 742 4330 non
764 4293 854 4345 posse.
892 4274 990 4344 ltaque
1010 4274 1149 4329 Usenerus
1169 4292 1279 4345 quoque
1299 4275 1327 4345 (l.
1348 4290 1370 4328 c.
1390 4292 1416 4343 p.
1438 4278 1470 4327 89
1492 4274 1519 4327 et
1540 4276 1610 4341 194),

374 4371 472 4419 nostra
499 4367 678 4434 aspematus‚
707 4382 778 4420 novo
807 4364 976 4419 emendandi
1005 4364 1152 4419 conamine
1180 4363 1306 4419 Platonis
1335 4362 1426 4417 verbis
1452 4378 1610 4417 succurrere

374 4454 488 4521 maluit,
513 4472 576 4509 cum
599 4454 635 4525 μὴ
660 4453 932 4524 coaceruatim
955 4452 1051 4516 ὄντες
1074 4456 1149 4519 ζῶσι,
1174 4468 1263 4523 paene
1286 4455 1319 4507 ut
1342 4450 1502 4523 Madvigius
1527 4452 1610 4505 antee

374 4544 585 4611 aristedemes,
605 4544 784 4599 scribendum
801 4545 977 4614 proponeret.
1016 4542 1070 4595 Sed
1089 4541 1142 4597 hoc
1161 4542 1185 4596 si
1204 4540 1338 4597 voluisset
1356 4540 1446 4607 Plato,
1466 4557 1521 4595 nou
1541 4543 1609 4609 erat,

375 4634 533 4702 opinamur,
552 4633 628 4701 quod
647 4636 697 4688 aut
716 4651 788 4688 nova
807 4639 857 4687 eut
875 4631 1029 4687 insolentia
1049 4632 1207 4699 ascisceret,
1226 4631 1275 4686 sed
1294 4630 1323 4685 in
1342 4632 1474 4701 promptu
1494 4632 1554 4685 erat
1573 4632 1610 4701 μὴ

374 4724 480 4793 σώματι
498 4724 679 4784 δουλεύοντες
697 4728 775 4790 ζῶσι,
796 4726 828 4775 ut
846 4740 873 4791 p.
889 4728 932 4786 22,
948 4728 964 4775 3
984 4720 1083 4775 scribit
1101 4720 1228 4791 χρήματα
1247 4718 1467 4791 ἀναγκαζόμεθα
1486 4722 1610 4775 κτᾶσθαι

374 4811 424 4866 διὰ
446 4813 478 4867 τὸ
500 4821 578 4882 σῶμα
597 4812 777 4875 δουλεύοντες
794 4819 827 4882 τῇ
847 4811 947 4865 τούτου
966 4808 1116 4885 θεραπείᾳ.
1154 4809 1209 4864 Uni
1228 4808 1383 4864 Wohlrebo
1404 4825 1463 4864 sero
1483 4808 1609 4863 videmus

373 4919 425 4955 nos
444 4902 623 4971 persuasisse.
