3967 5725
577 635 627 684 DE
646 633 813 685 SOHOLIIS
831 635 870 684 IN
889 631 1124 685 ARISTOTELIS
1143 631 1390 684 RHETORICAM.
1536 630 1601 694 471

366 813 488 861 νουσαι
510 803 557 883 τῷ
580 795 683 883 σιάλῳ
706 796 746 860 τά
767 794 884 860 παιδία
902 796 1179 879 παραλείφουσιν,
1202 816 1242 858 ne
1261 815 1298 858 ee
1317 793 1447 879 quidem
1465 795 1604 860 multum

367 905 454 967 inter
476 924 511 966 se
534 906 610 966 sunt
633 901 811 966 dissimilia.

457 1014 492 1074 ιι.
524 1008 630 1073 Multa
656 1012 734 1074 sunt
761 1010 796 1073 in
824 1008 986 1076 rhetorice
1015 1030 1095 1093 quae
1124 1007 1320 1073 clarissimus
1349 1008 1453 1073 editor
1476 1029 1514 1073 eo
1538 1030 1602 1092 quo

368 1117 507 1182 diximus
534 1117 672 1181 oonsilio
700 1115 953 1182 desideratorum
980 1117 1152 1181 verborum
1181 1114 1300 1181 indicio
1329 1137 1395 1180 non
1421 1117 1489 1180 sine
1512 1116 1603 1180 seho-

368 1224 487 1289 liorum
515 1223 708 1289 auctoritate
730 1222 908 1308 insignivit.
944 1223 997 1287 Ex
1021 1222 1138 1306 quibus
1162 1222 1379 1307 expendamus
1403 1243 1440 1292 ea
1464 1243 1545 1306 quae
1570 1222 1604 1285 in

368 1331 512 1395 eiusdem
534 1330 610 1396 libri
634 1353 701 1416 eap.
722 1333 742 1396 2
760 1331 923 1417 leguntur,
947 1351 1030 1415 quae
1049 1335 1086 1396 ut
1103 1334 1190 1396 reete
1208 1329 1398 1412 iudicentur,
1420 1328 1518 1414 poulo
1538 1327 1603 1413 ple-

367 1440 441 1503 nius
465 1459 593 1503 neeesse
616 1443 666 1503 est
689 1439 868 1503 afferamus.
905 1435 1019 1522 Itaque
1042 1437 1077 1502 in
1100 1458 1138 1501 ee
1161 1441 1252 1521 perte
1276 1458 1358 1521 quoe
1381 1441 1430 1501 est
1449 1435 1488 1501 de
1506 1441 1603 1501 mete·

367 1545 480 1629 phoris
507 1545 586 1610 haee
612 1545 734 1630 seripta
757 1550 832 1612 sunt
855 1543 958 1632 (1405
978 1543 1050 1631 bl)
1073 1545 1128 1610 καί
1153 1544 1237 1620 ὅλως
1261 1542 1296 1609 ἐκ
1319 1555 1386 1610 τῶν
1410 1539 1454 1609 εὖ
1471 1541 1604 1630 ᾐνιγμέ-

369 1678 439 1718 νων
461 1649 531 1718 ἔστι
555 1655 745 1738 μεταφοράς
767 1656 884 1737 λαβεῖν
907 1651 1072 1729 ἐπιεικεῖς
1096 1650 1282 1736 μεταφοραί
1305 1654 1369 1737 γάρ
1391 1653 1604 1734 αἰνίττονται,

366 1763 464 1826 ὥστε
492 1761 615 1842 δῆλον
643 1760 703 1825 ὅτι
727 1756 769 1826 εὖ
792 1760 1081 1845 μετενήνεκται.
1109 1760 1163 1825 καί
1186 1758 1251 1824 άπὸ
1274 1765 1398 1825 καλῶν·
1422 1760 1543 1835 κάλλος
1567 1755 1645 1823 (llio

367 1868 530 1952 ὀνόματος
560 1868 597 1932 τὸ
625 1866 701 1952 μέν,
729 1868 840 1951 ὥσπερ
868 1867 1054 1952 Λικύμνιος
1082 1865 1186 1950 λέγει,
1215 1865 1252 1932 ἐν
1274 1877 1345 1942 τοῖς
1367 1869 1492 1950 ψόφοις
1515 1865 1535 1948 li
1558 1867 1604 1952 τῷ

369 1972 612 2062 σημαινομένην,
634 1973 689 2039 καί
713 1969 827 2059 αἶσχος
846 1970 884 2040 δὲ
902 1974 1068 2051 ὡσαύτως.
1093 1977 1149 2039 ἔτι
1169 1975 1189 2037 δ
1195 1969 1210 2038 ἰ
1229 1975 1365 2058 τρίτον
1384 2025 1391 2036 .
1407 2023 1413 2036 .
1428 2021 1455 2056 .,
1480 1973 1497 2038 ὃ
1518 1973 1604 2038 λύει

368 2083 437 2147 τὸν
455 2082 698 2166 σοφιστικὸν
717 2083 848 2163 λόγον·
872 2081 913 2146 οὐ
933 2083 996 2166 γάρ
1017 2081 1061 2157 ὡς
1079 2077 1143 2165 ἔφη
1164 2080 1308 2166 Βρύσων
1326 2078 1453 2145 οὐθένα
1472 2081 1604 2164 αἰσχρο-

369 2194 492 2272 λογεῖν,
516 2195 607 2272 εἰπερ
631 2189 668 2254 τὸ
692 2188 773 2254 αὐτὸ
798 2189 950 2274 σημαίνει
971 2190 1049 2253 τόδε
1068 2186 1140 2254 άντί
1162 2189 1261 2253 τοῦδε
1280 2188 1397 2252 εἰπεῖν·
1421 2196 1520 2251 τοῦτο
1540 2187 1603 2270 γάρ

368 2294 460 2362 ἐστιν
482 2297 619 2373 ψεῦδος·
647 2293 740 2362 ἔστιν
762 2298 827 2380 γάρ
850 2297 932 2361 άλλο
955 2297 1061 2360 άλλου
1084 2296 1288 2379 κυριώτερον
1310 2292 1365 2358 καί
1389 2293 1605 2378 ὡμοιωμένον

368 2409 496 2488 μᾶλλον
523 2404 577 2469 καί
606 2405 807 2489 οἰκειότερον
834 2410 880 2490 τῷ
908 2412 1019 2468 ποιεῖν
1046 2403 1083 2467 τὸ
1111 2411 1245 2487 πρᾶγμα
1270 2403 1335 2486 πρὸ
1359 2401 1523 2486 ὀμμάτων.
1556 2398 1604 2466 ἔτι

370 2512 438 2596 οὐχ·
459 2510 580 2596 ὁμοίως
607 2507 686 2595 έχον
714 2512 867 2595 σημαίνει
889 2509 965 2575 τόδε
989 2508 1044 2575 καί
1067 2511 1158 2593 τάδε,
1187 2508 1348 2574 ὥστεκαὶ
1373 2509 1478 2586 οὕτως
1501 2509 1605 2574 άλλου

368 2621 451 2685 ἄλλο
479 2620 617 2684 κάλλιον
644 2616 699 2683 καί
727 2619 859 2703 αἴσχιον
883 2616 1016 2683 θετέον·
1045 2618 1141 2701 άμφω
1164 2613 1227 2702 μὲν
1249 2618 1313 2702 γὰρ
1336 2617 1374 2681 τὸ
1397 2618 1500 2681 καλὸν
1523 2615 1543 2699 ll
1567 2617 1604 2680 τὸ

330 2711 332 2714 ‚
368 2727 508 2812 αἰσχρὸν
531 2727 762 2810 σημαίνουσιν,
787 2723 864 2790 ἀλλ’
884 2725 945 2810 οὐχ
964 2717 985 2810 ᾐ
1004 2725 1108 2790 καλὸν
1125 2723 1145 2807 ἢ
1166 2724 1227 2809 οὐχ
1245 2716 1267 2808 ᾐ
1286 2725 1438 2809 αἰσχρόν·
1462 2721 1482 2806 ᾐ
1501 2732 1605 2788 ταῦτα

367 2831 440 2919 μέν,
463 2833 547 2900 ἀλλὰ
570 2838 699 2919 μᾶλλον
720 2831 775 2899 καί
797 2828 908 2917 ἧττον.
931 2833 990 2909 τάς
1014 2831 1050 2898 δὲ
1073 2832 1264 2918 μεταφοράς
1283 2829 1444 2897 ἐντεῦθεν
1463 2828 1604 2912 οἰστέον,
1619 2853 1646 2895 ιο

369 2941 434 3007 άπὸ
457 2947 569 3007 καλῶν
592 2940 670 3026 ᾐτῄ
690 2951 787 3027 φωνῄ
805 2941 826 3025 ᾐ
844 2952 884 3027 τῄ
903 2942 1044 3025 δυνάμει
1063 2940 1083 3023 ᾐ
1103 2950 1142 3026 τῄ
1162 2942 1237 3017 ὄψει
1256 2938 1277 3023 ᾐ
1296 2941 1379 3025 άλλη
1399 2939 1466 3004 τινί
1485 2940 1604 3020 alodii·

370 3067 430 3112 σει.
463 3046 615 3134 διαφέρει
639 3045 676 3112 δ’
698 3049 819 3130 εἰπεῖν,
843 3039 917 3114 οἷον
941 3048 1188 3132 ῥοδοδάκτυλος
1210 3047 1277 3130 ᾐὼς
1299 3050 1427 3128 μᾶλλον
1449 3044 1470 3127 ᾐ
1493 3068 1604 3128 φοινι-

369 3155 581 3239 κοδάκτυλος,
603 3154 623 3238 ᾐ
647 3152 696 3220 ἔτι
719 3157 928 3240 φαυλότερον
952 3154 1251 3239 έρυθροδάκτυλος.

458 3260 512 3327 Sio
530 3262 610 3326 haee
624 3261 802 3327 Roemerus
821 3261 929 3325 edidit.
963 3259 1108 3337 Quorum
1128 3261 1162 3324 iu
1180 3261 1283 3343 prima
1302 3258 1470 3340 sententia,
1489 3262 1527 3322 ut
1542 3258 1605 3321 hoo

367 3370 403 3434 in
426 3374 613 3435 transcursu
636 3389 838 3451 moneamus,
864 3372 1035 3452 peecatum
1059 3388 1128 3431 esse
1151 3367 1359 3450 suspicamur.
1396 3365 1493 3431 Ratio
1518 3366 1603 3429 enim

332 3492 351 3547 9
370 3476 615 3563 argumentandi
638 3474 766 3557 evincit,
788 3497 855 3540 non
872 3479 958 3539 reete
978 3473 1137 3557 ooneludi,
1159 3474 1243 3537 ὥστε
1262 3474 1367 3558 δῆλον
1386 3473 1437 3539 ὅτι
1457 3469 1494 3540 εὖ
1513 3497 1604 3556 μετε-

367 3587 532 3668 νήνεκται,
551 3583 608 3649 sed
626 3584 673 3647 sio
691 3584 801 3667 potius
819 3580 1074 3647 concludendum
1094 3582 1194 3647 fuisse
1213 3582 1296 3646 ὥστε
1316 3582 1420 3663 δῆλον
1440 3581 1490 3646 ὅτι
1509 3580 1552 3646 dv
1566 3576 1603 3646 εὖ

368 3691 531 3779 ᾐνιγμένα
548 3684 570 3778 ᾐ
589 3686 627 3755 εὖ
645 3692 885 3773 μετενήνεκται.
921 3687 959 3753 Ιδ
978 3688 1065 3774 quod
1084 3687 1258 3753 scholiasta
1272 3688 1399 3753 videtur
1412 3692 1498 3754 reete
1512 3688 1605 3753 intel-

367 3800 494 3881 lexisse,
520 3820 592 3863 oum
611 3800 658 3863 ita
677 3798 756 3862 dioit
776 3795 820 3881 (p.
842 3797 916 3880 171,
935 3793 971 3882 8)
991 3796 1074 3860 ὥστε
1093 3796 1207 3879 δῆλον,
1236 3795 1287 3860 ὅτι
1304 3794 1325 3877 ἡ
1345 3796 1526 3880 μεταφορά,
1546 3793 1605 3860 ἐάν

368 3907 599 3989 ὑπαινίττηται
614 3903 668 3969 καί
684 3906 825 3990 σημαίνῄ
841 3927 872 3968 τι
885 3904 1147 3987 αἰνιγματωδῶς,
1161 3906 1269 3979 καλῶς
1280 3900 1475 3986 μετηνέχθη.
1499 3899 1603 3977 Quare
1618 3922 1645 3963 eo

370 4012 522 4078 ooniioies
539 4013 719 4096 antiquitus
735 4012 781 4075 sio
795 4010 952 4095 seriptum
967 4009 1067 4075 fuisse
1082 4011 1165 4076 ὥστε
1181 4011 1284 4093 δῆλον
1299 4008 1349 4074 ὅτι
1366 4003 1415 4083 (εὖ
1430 4006 1602 4095 ᾐνιγμένα)

369 4117 407 4186 εὖ
426 4122 670 4204 μετενήνεκταιε
683 4118 747 4184 hoe
763 4118 848 4182 enim
863 4117 990 4182 demum
1007 4116 1091 4181 idem
1106 4121 1155 4181 est
1169 4117 1256 4201 quod
1270 4115 1363 4180 initio
1378 4115 1521 4199 positum
1536 4118 1604 4179 eret

368 4227 404 4292 ἐκ
428 4238 495 4292 τῶν
518 4221 561 4291 εὖ
584 4224 775 4311 ᾐνιγμένων
798 4225 986 4300 ἐπιεικεῖς
1004 4220 1074 4289 ἔστι
1093 4227 1208 4306 λαβεῖν
1226 4224 1424 4308 μεταφοράς.
1461 4219 1525 4286 Sed
1542 4220 1605 4285 hoo

369 4333 408 4399 ε’ν
425 4333 590 4420 παρέργῳ.
622 4332 671 4398 De
690 4333 805 4415 verbis,
824 4353 906 4416 quoe
924 4352 1039 4395 manea
1053 4352 1122 4396 esse
1136 4330 1314 4395 Roomerus
1328 4329 1504 4394 interstitio
1518 4328 1604 4394 fecto

369 4440 533 4525 indicavit,
556 4440 620 4504 iem
640 4440 675 4504 in
694 4441 801 4525 priore
820 4438 961 4503 editione
979 4437 1150 4502 adnotaret
1166 4443 1246 4503 totus
1264 4436 1348 4502 ἰοοαε
1365 4437 1505 4501 neodem
1523 4442 1606 4501 certa

369 4551 543 4614 ωνίαίννο
556 4552 704 4613 somme:
723 4567 810 4612 ποια
827 4546 1066 4611 desideratur
1085 4547 1206 4627 ipsum
1225 4543 1326 4609 illud
1342 4544 1493 4609 ἰονίἰνοι
1511 4544 1607 4625 quod

370 4656 509 4721 diserte
535 4654 579 4720 ab
607 4654 816 4719 Aristotele
842 4654 921 4718 diei
948 4651 1126 4729 debebat‚·.
1148 4651 1259 4717 eadem
1287 4650 1320 4713 in
1348 4651 1526 4734 posteriore
1554 4650 1604 4715 his

369 4762 489 4827 additis
517 4764 623 4844 ltaque
644 4767 784 4826 monente
805 4759 993 4826 Suseoihlio
1015 4779 1100 4825 νυνι
1121 4761 1157 4823 ιἰι
1180 4764 1263 4824 teoto
1285 4757 1433 4823 laeenam
1455 4758 1605 4840 ιἠάίοονί,

369 4870 414 4934 ad
441 4890 537 4952 ηαονα
559 4868 745 4951 explendam
767 4869 803 4933 ιἰι
823 4873 971 4951 promptu
992 4873 1067 4933 ειινί
1090 4866 1139 4945 (ἐν
1162 4873 1208 4953 τῷ
1232 4866 1344 4952 ὀρθῶς
1367 4872 1513 4950 χρῆσθαι
1536 4874 1606 4940 τοῖς
