3967 5725
548 604 597 653 DE
615 602 845 654 EMENDANDO
864 602 1009 653 MINUOH
1026 602 1167 653 FELICIS
1187 603 1355 655 OCTAVIO.
1520 602 1582 666 117

350 765 448 829 verba
471 785 541 829 cum
563 764 689 829 Aeneae
712 766 813 829 armis
835 786 872 827 ea
896 787 959 849 qua
988 764 1174 848 praestabat
1200 764 1357 830 facilitate
1385 766 1522 831 mutavit
1549 767 1586 831 in

349 866 430 937 haec
452 872 509 937 sab
531 872 653 936 Aetnae
675 870 785 936 antris.
1155 854 1158 862 ¹
1335 875 1337 879 ’

441 976 504 1042 Sed
526 978 622 1042 nobis
645 978 723 1042 illuc
745 978 942 1041 redeundum
966 982 1023 1041 est.
1062 976 1097 1041 Si
1121 980 1206 1042 enim
1229 982 1316 1042 recte
1338 979 1479 1043 condidit
1496 1001 1584 1043 recu-

349 1086 543 1169 peravimus,
566 1084 723 1149 habemus
747 1084 876 1168 quidem
901 1105 980 1167 quas
1005 1084 1192 1150 volebamus
1216 1086 1294 1149 duas
1323 1086 1500 1150 sententias
1528 1085 1585 1151 sed

350 1214 403 1255 eas
427 1194 512 1256 inter
534 1214 568 1256 sc
590 1214 667 1271 non
683 1191 864 1278 colligatas,
893 1198 921 1255 ct
946 1192 1053 1256 arbem
1081 1190 1269 1257 Saturniam
1297 1194 1437 1258 condidit
1465 1193 1502 1258 de
1528 1214 1584 1261 snio

349 1301 475 1364 nomine
494 1304 522 1363 et
540 1298 722 1365 lanuuium
741 1299 860 1363 Ianus:
884 1299 1130 1363 admemoriam
1153 1306 1279 1381 uterpin
1296 1301 1489 1382 posteritates
1510 1300 1585 1364 reli-

349 1412 497 1487 quamam
522 1410 555 1471 et
574 1406 733 1471 dubitatio
754 1406 927 1490 suboritur,
950 1408 1159 1489 potuerintne
1177 1428 1233 1471 eae
1251 1407 1298 1471 sic
1316 1407 1479 1471 seiunctae
1499 1412 1583 1471 stare

351 1536 392 1578 an
415 1512 553 1577 fortasse
576 1514 697 1577 vinculi
722 1512 873 1597 quiddam
899 1512 1053 1577 detritum
1077 1513 1120 1578 sit
1143 1535 1208 1596 quo
1226 1512 1356 1579 vinculo
1376 1513 1455 1578 haec
1473 1513 1584 1579 iuncta

349 1642 418 1684 esse
442 1623 557 1685 auctor
579 1621 726 1684 voluerit.
765 1618 913 1684 Orationi
935 1618 998 1684 hoc
1021 1618 1118 1684 modo
1141 1620 1257 1685 melius
1281 1620 1468 1684 consuletur
1486 1621 1584 1704 idque

349 1727 594 1791 commendatur
615 1726 772 1791 facilitate
795 1725 999 1791 restituendi:
1024 1727 1174 1791 iunctura
1196 1728 1281 1791 enim
1302 1741 1497 1811 quamquam
1516 1750 1582 1792 non
1596 1755 1623 1793 ro

348 1855 413 1898 uno
437 1833 534 1898 modo
553 1835 695 1918 reparari
714 1838 849 1918 poterat,
872 1832 956 1898 nihil
974 1836 1083 1897 tamen
1101 1832 1301 1917 probabilius
1321 1857 1418 1918 quam
1436 1856 1494 1917 pue
1511 1857 1583 1920 par·

348 1940 492 2025 ticulum,
515 1940 561 2004 ibi
586 1940 642 2003 ubi
665 1939 818 2005 facillime
842 1940 958 2025 potuit,
981 1940 1249 2026 praetermissam,
1272 1940 1451 2005 Minucium
1475 1946 1583 2006 autem

348 2048 516 2131 scripsisse

483 2160 512 2219 et
537 2156 643 2219 urbem
669 2155 857 2220 Saturniam
885 2155 1027 2219 condidit
1053 2156 1090 2218 de
1116 2175 1172 2219 suo
1199 2156 1324 2219 mmine
1351 2160 1379 2219 et
1400 2154 1583 2220 Ianiculum

482 2262 585 2326 fanus
608 2263 653 2326 ad
675 2264 895 2342 memoriamq;
919 2267 1044 2342 uterque
1061 2263 1256 2343 posteritatis
1277 2260 1515 2349 reliquerant*).

348 2367 443 2445 Quod
471 2390 512 2433 ne
537 2371 609 2452 quis
634 2392 653 2434 a
675 2368 861 2433 Minuciana
889 2368 1035 2433 oratione
1062 2369 1172 2451 respui
1199 2368 1386 2453 arbitretur,
1414 2367 1584 2433 rideantur

347 2496 430 2559 quae
451 2475 501 2558 17,
520 2475 541 2538 2
562 2477 692 2561 scripsit
708 2497 816 2558 prona
835 2478 871 2540 in
895 2480 1069 2557 urnamque
1090 2478 1249 2557 serpentia
1271 2479 1304 2539 et
1327 2497 1408 2558 qnae
1428 2475 1458 2556 3,
1476 2475 1498 2538 4
1516 2495 1584 2539 sen·

302 2636 308 2646 .
345 2585 408 2648 mm
431 2585 536 2665 itaque
559 2583 784 2665 tranquilleque
803 2584 967 2666 propressi.

436 2708 481 2753 lv.
519 2688 565 2755 Ut
588 2691 762 2775 redarguat
784 2711 866 2774 quae
891 2688 1050 2753 Caecilius
1073 2710 1098 2753 c.
1119 2689 1149 2772 6,
1168 2690 1189 2752 2
1214 2687 1252 2753 de
1275 2689 1412 2774 imperio
1435 2689 1582 2753 Romano

345 2818 404 2880 per
422 2796 612 2883 religionem
634 2801 666 2862 et
685 2797 817 2863 deorum
838 2796 961 2861 cultum
981 2800 1075 2861 aucto
1091 2799 1123 2861 et
1136 2796 1272 2861 fundato
1287 2798 1471 2882 affirmavit,
1490 2795 1583 2862 Octa·
1597 2822 1623 2862 n

344 2904 417 2968 vius
448 2926 472 2967 c.
488 2903 531 2968 25
555 2904 635 2969 haec
659 2904 697 2969 de
721 2905 823 2968 initiis
842 2904 998 2969 Romanis
1022 2904 1189 2988 impietate
1212 2926 1249 2968 ac
1271 2905 1389 2969 scelere
1412 2908 1583 2990 praecipue

345 3011 528 3096 insignibus
551 3011 658 3075 refert.

481 3119 646 3182 Nimirum
665 3120 802 3201 insipnis
820 3125 847 3183 et
865 3119 979 3184 nobilis
997 3121 1122 3183 iustitia
1135 3119 1284 3184 Romana
1298 3119 1338 3182 al)
1356 3121 1438 3201 ipsis
1457 3121 1583 3200 imperii

481 3227 638 3290 nascentis
660 3226 861 3290 incunabulis
883 3229 1048 3308 auspicata
1070 3232 1121 3290 est.
1153 3231 1184 3292 2.
1204 3227 1318 3290 Nonne
1340 3228 1377 3290 in
1394 3233 1463 3290 orta
1480 3233 1584 3291 suaet

479 3333 587 3397 scelere
610 3332 723 3397 collecti
747 3339 775 3396 et
797 3335 912 3397 muniti
934 3335 1147 3398 immanitatis
1169 3354 1245 3398 suae
1267 3339 1381 3397 terrore
1399 3333 1580 3398 creoannt?

480 3439 568 3503 Nam
591 3440 677 3523 asplo
694 3442 806 3521 prima
823 3441 911 3522 plebs
935 3447 1119 3522 conprepata
1141 3447 1201 3505 est:
1224 3441 1438 3522 confluxerant
1450 3442 1580 3522 perditi,

416 3546 430 3566 '
478 3548 656 3628 facinerosi,
689 3549 807 3625 incesti,
838 3549 958 3618 neorii,
984 3548 1173 3628 proditores,
1205 3552 1234 3612 et
1264 3554 1300 3611 at
1330 3549 1396 3630 ipse
1427 3548 1582 3613 Romulus

479 3655 648 3735 imperator
672 3659 700 3719 et
720 3660 817 3718 rector
834 3653 988 3735 populum
1010 3675 1102 3718 saum
1123 3655 1265 3735 facinore
1277 3655 1483 3735 praecelleret,
1500 3676 1581 3737 par·

479 3761 630 3825 ricidinm
651 3763 732 3843 fecit.
778 3761 868 3826 Haeo
884 3761 998 3841 prima
1019 3767 1094 3826 sunt
1116 3761 1261 3842 auspicia
1283 3761 1447 3843 relipiosae
1473 3763 1580 3826 civita

479 3869 528 3932 tis.
565 3873 594 3932 3.
614 3868 695 3933 Mon
718 3869 842 3932 alienas
863 3869 1001 3949 cirpinec
1018 3869 1085 3933 iam
1104 3868 1306 3949 despumatas
1323 3869 1390 3932 iam
1408 3869 1581 3932 destinatas
1594 3891 1620 3931 n

433 4062 497 4130 ΙΙ’15)
516 4061 607 4132 [Haec
625 4060 797 4130 improbavit
815 4061 963 4116 Nordenus
983 4061 1117 4131 (Gdttinp.
1131 4062 1180 4132 pel.
1196 4062 1299 4130 anaeip.
1317 4066 1385 4115 1904
1400 4079 1427 4114 n.
1443 4070 1460 4114 4
1475 4079 1505 4130 p.
1517 4063 1580 4130 306)

343 4152 373 4204 in
384 4151 535 4206 Dcmbarti
549 4151 711 4220 opinionem
724 4150 859 4220 relapsus.
883 4149 968 4205 Cuius
983 4167 1036 4220 ego
1050 4149 1156 4204 iudicio
1172 4150 1271 4204 dubito
1286 4151 1427 4205 accedere.
1451 4149 1490 4204 Ut
1504 4150 1579 4204 enim

342 4241 428 4294 verba
456 4240 562 4309 scripta
586 4241 651 4295 sunt
673 4241 705 4293 in
728 4240 825 4294 codice
848 4248 873 4295 et
895 4241 989 4295 urbem
1012 4239 1176 4293 Saturniam
1199 4241 1274 4294 dedit
1297 4240 1329 4293 de
1352 4257 1402 4294 suo
1426 4242 1536 4294 nomine
1554 4247 1581 4294 ct

341 4331 502 4384 Ianiculum
526 4331 616 4384 Ianus
639 4330 677 4383 ad
695 4331 851 4384 nnmoriam
870 4336 981 4398 uterquc
995 4328 1167 4397 posteritatis
1184 4328 1366 4396 reliquerunt,
1389 4330 1518 4397 apertum
1536 4329 1580 4382 cst

343 4418 412 4473 duas
433 4434 493 4472 esse
513 4418 677 4485 sententias,
697 4435 769 4486 quae
789 4419 844 4471 duo
863 4417 989 4472 habeant
1003 4417 1096 4483 verba,
1116 4417 1171 4470 duo
1187 4416 1322 4470 subiecta.
1352 4417 1429 4482 Quae
1444 4417 1580 4484 quoniam

342 4506 487 4562 seiunctae
506 4507 551 4560 vix
570 4508 683 4577 placere
700 4510 828 4576 possunt,
846 4509 880 4561 ut
899 4506 1106 4576 coniungantur
1125 4505 1182 4558 sive
1200 4521 1251 4572 per
1269 4524 1320 4574 que
1338 4506 1507 4575 particulam
1521 4505 1580 4562 sive

342 4596 399 4652 alic
423 4615 479 4665 quo
502 4596 585 4651 modo
609 4614 665 4651 non
691 4613 708 4651 a
730 4612 776 4651 mc
799 4599 924 4652 correcto
947 4596 1072 4652 condidit
1090 4595 1140 4650 sed
1158 4593 1222 4661 ipsa
1240 4596 1579 4650 earumconfcrmatione

341 4686 472 4757 exigitur.
510 4685 602 4751 Quare
626 4685 650 4740 si
669 4685 784 4754 quidem
802 4686 878 4740 dedit
895 4686 971 4754 quod
990 4685 1077 4738 sciam
1097 4683 1211 4738 defendi
1229 4699 1285 4736 non
1303 4687 1407 4760 potest,
1426 4685 1495 4754 quid
1513 4701 1578 4753 pro·

341 4775 465 4830 habilius
485 4791 570 4842 quam
590 4793 623 4829 ex
642 4775 725 4830 verbo
744 4774 859 4829 verbum
879 4791 912 4828 ex
931 4775 1025 4828 minus
1043 4777 1110 4843 apto
1130 4772 1234 4841 aptius,
1253 4789 1286 4826 ex
1305 4775 1381 4828 dedit
1398 4773 1523 4829 condidit
1535 4789 1578 4827 re·

341 4863 452 4935 stituit]
