<?xml version="1.0" encoding="UTF-8"?>
<!DOCTYPE html PUBLIC "-//W3C//DTD XHTML 1.0 Transitional//EN"
    "http://www.w3.org/TR/xhtml1/DTD/xhtml1-transitional.dtd">
<html xmlns="http://www.w3.org/1999/xhtml" xml:lang="en" lang="en">
 <head>
  <title>
</title>
<meta http-equiv="Content-Type" content="text/html;charset=utf-8" />
  <meta name='ocr-system' content='tesseract 3.04.00' />
  <meta name='ocr-capabilities' content='ocr_page ocr_carea ocr_par ocr_line ocrx_word'/>
</head>
<body>
  <div class='ocr_page' id='page_1' title='image "./iohannisvahleni00vahlgoog/iohannisvahleni00vahlgoog_0428.png"; bbox 0 0 3967 5725; ppageno 0'>
   <div class='ocr_carea' id='block_1_1' title="bbox 403 652 1421 718">
    <p class='ocr_par' dir='ltr' id='par_1_1' title="bbox 403 652 1421 718">
     <span class='ocr_line' id='line_1_1' title="bbox 403 652 1421 718; baseline 0.002 -13"><span class='ocrx_word' id='word_1_1' title='bbox 403 652 472 718; x_wconf 83' lang='grc'><strong><em>434</em></strong></span> <span class='ocrx_word' id='word_1_2' title='bbox 490 697 493 704; x_wconf 96' lang='grc'><em>.</em></span> <span class='ocrx_word' id='word_1_3' title='bbox 650 655 708 707; x_wconf 87' lang='lat' dir='ltr'><strong><em>LV.</em></strong></span> <span class='ocrx_word' id='word_1_4' title='bbox 726 655 842 706; x_wconf 84' lang='lat' dir='ltr'>INDEX</span> <span class='ocrx_word' id='word_1_5' title='bbox 859 654 1075 706; x_wconf 74' lang='lat' dir='ltr'><strong>LEUI&#39;IONUM</strong></span> <span class='ocrx_word' id='word_1_6' title='bbox 1092 654 1324 705; x_wconf 79' lang='lat' dir='ltr'>AESTIVARUM</span> <span class='ocrx_word' id='word_1_7' title='bbox 1343 657 1421 707; x_wconf 77' lang='lat'>1902.</span> 
     </span>
    </p>
   </div>
   <div class='ocr_carea' id='block_1_2' title="bbox 352 815 1710 4747">
    <p class='ocr_par' dir='ltr' id='par_1_2' title="bbox 352 815 1710 4747">
     <span class='ocr_line' id='line_1_2' title="bbox 477 815 1710 900; baseline 0.002 -20"><span class='ocrx_word' id='word_1_8' title='bbox 477 842 479 844; x_wconf 92' lang='lat'>·</span> <span class='ocrx_word' id='word_1_9' title='bbox 566 816 868 881; x_wconf 65' lang='lat' dir='ltr'><strong><em>rememorarem</em></strong></span> <span class='ocrx_word' id='word_1_10' title='bbox 900 817 945 880; x_wconf 85' lang='lat' dir='ltr'><strong><em>cd</em></strong></span> <span class='ocrx_word' id='word_1_11' title='bbox 975 835 1102 880; x_wconf 78' lang='lat' dir='ltr'><strong><em>merram</em></strong></span> <span class='ocrx_word' id='word_1_12' title='bbox 1128 815 1295 898; x_wconf 76' lang='lat' dir='ltr'><strong><em>relicatam</em></strong></span> <span class='ocrx_word' id='word_1_13' title='bbox 1316 815 1471 882; x_wconf 83' lang='lat' dir='ltr'><strong><em>Actc&#39;ttcs:</em></strong></span> <span class='ocrx_word' id='word_1_14' title='bbox 1503 816 1638 884; x_wconf 82' lang='lat' dir='ltr'><strong><em>locercro‘</em></strong></span> <span class='ocrx_word' id='word_1_15' title='bbox 1708 895 1710 900; x_wconf 23' lang='grc' dir='ltr'>Ι</span> 
     </span>
     <span class='ocr_line' id='line_1_3' title="bbox 539 922 1637 1006; baseline 0.006 -22"><span class='ocrx_word' id='word_1_16' title='bbox 539 979 542 983; x_wconf 86' lang='grc'>.</span> <span class='ocrx_word' id='word_1_17' title='bbox 564 944 634 988; x_wconf 82' lang='lat' dir='ltr'><strong><em>earn</em></strong></span> <span class='ocrx_word' id='word_1_18' title='bbox 652 929 680 987; x_wconf 89' lang='lat' dir='ltr'><strong><em>et</em></strong></span> <span class='ocrx_word' id='word_1_19' title='bbox 696 923 819 1002; x_wconf 67' lang='lat' dir='ltr'><strong><em>senece</em></strong></span> <span class='ocrx_word' id='word_1_20' title='bbox 840 923 936 1001; x_wconf 86' lang='lat' dir='ltr'><strong><em>credo,</em></strong></span> <span class='ocrx_word' id='word_1_21' title='bbox 954 928 1057 1004; x_wconf 82' lang='lat' dir='ltr'><strong><em>petet.</em></strong></span> <span class='ocrx_word' id='word_1_22' title='bbox 1077 922 1181 1005; x_wconf 78' lang='lat' dir='ltr'><strong><em>&#39;Erpo</em></strong></span> <span class='ocrx_word' id='word_1_23' title='bbox 1202 923 1254 987; x_wconf 85' lang='lat' dir='ltr'><strong><em>tu&#39;c</em></strong></span> <span class='ocrx_word' id='word_1_24' title='bbox 1270 922 1438 1006; x_wconf 76' lang='lat' dir='ltr'><strong><em>ulciscitur,</em></strong></span> <span class='ocrx_word' id='word_1_25' title='bbox 1461 928 1496 988; x_wconf 81' lang='lat' dir='ltr'><strong><em>ot</em></strong></span> <span class='ocrx_word' id='word_1_26' title='bbox 1512 924 1637 1005; x_wconf 80' lang='lat' dir='ltr'><strong><em>quidem</em></strong></span> 
     </span>
     <span class='ocr_line' id='line_1_4' title="bbox 563 1029 1506 1096; baseline 0 0"><span class='ocrx_word' id='word_1_27' title='bbox 563 1031 625 1096; x_wconf 77' lang='lat' dir='ltr'><strong><em>sebi</em></strong></span> <span class='ocrx_word' id='word_1_28' title='bbox 647 1032 785 1096; x_wconf 78' lang='lat' dir='ltr'><strong><em>cidetmr:</em></strong></span> <span class='ocrx_word' id='word_1_29' title='bbox 808 1035 842 1094; x_wconf 88' lang='lat' dir='ltr'><strong><em>ct</em></strong></span> <span class='ocrx_word' id='word_1_30' title='bbox 862 1030 922 1095; x_wconf 77' lang='lat' dir='ltr'><strong><em>eea</em></strong></span> <span class='ocrx_word' id='word_1_31' title='bbox 943 1031 1024 1095; x_wconf 75' lang='lat' dir='ltr'><strong><em>stae</em></strong></span> <span class='ocrx_word' id='word_1_32' title='bbox 1046 1029 1279 1096; x_wconf 79' lang='lat' dir='ltr'><strong><em>oeerbtscc&#39;mom</em></strong></span> <span class='ocrx_word' id='word_1_33' title='bbox 1301 1050 1367 1094; x_wconf 89' lang='lat' dir='ltr'><strong><em>rem</em></strong></span> <span class='ocrx_word' id='word_1_34' title='bbox 1390 1035 1506 1096; x_wconf 88' lang='lat' dir='ltr'><strong><em>moeret</em></strong></span> 
     </span>
     <span class='ocr_line' id='line_1_5' title="bbox 526 1137 1521 1220; baseline 0.001 -19"><span class='ocrx_word' id='word_1_35' title='bbox 526 1140 529 1147; x_wconf 84' lang='lat'>&#39;</span> <span class='ocrx_word' id='word_1_36' title='bbox 563 1215 566 1219; x_wconf 6' lang='grc' dir='ltr'><strong><em>ἱ</em></strong></span> <span class='ocrx_word' id='word_1_37' title='bbox 665 1137 867 1202; x_wconf 79' lang='lat' dir='ltr'><strong><em>thc‘cc&#39;ctere</em></strong></span> <span class='ocrx_word' id='word_1_38' title='bbox 887 1138 971 1219; x_wconf 78' lang='lat' dir='ltr'><strong><em>quod</em></strong></span> <span class='ocrx_word' id='word_1_39' title='bbox 992 1157 1041 1204; x_wconf 88' lang='lat' dir='ltr'><strong><em>me</em></strong></span> <span class='ocrx_word' id='word_1_40' title='bbox 1057 1157 1159 1219; x_wconf 72' lang='lat' dir='ltr'><strong><em>posco</em></strong></span> <span class='ocrx_word' id='word_1_41' title='bbox 1182 1157 1369 1220; x_wconf 82' lang='lat' dir='ltr'><strong><em>ceperromc,</em></strong></span> <span class='ocrx_word' id='word_1_42' title='bbox 1518 1147 1521 1151; x_wconf 81' lang='grc'><strong>“</strong></span> 
     </span>
     <span class='ocr_line' id='line_1_6' title="bbox 661 1243 1625 1326; baseline 0.006 -18"><span class='ocrx_word' id='word_1_43' title='bbox 661 1244 824 1309; x_wconf 74' lang='lat' dir='ltr'><strong><em>Hectorem</em></strong></span> <span class='ocrx_word' id='word_1_44' title='bbox 847 1262 942 1309; x_wconf 77' lang='lat' dir='ltr'><strong><em>mora</em></strong></span> <span class='ocrx_word' id='word_1_45' title='bbox 963 1243 1152 1326; x_wconf 74' lang='lat' dir='ltr'><strong><em>qccdmc’upo</em></strong></span> <span class='ocrx_word' id='word_1_46' title='bbox 1174 1245 1341 1326; x_wconf 75' lang='lat' dir='ltr'><strong><em>rcptcrter.</em></strong></span> <span class='ocrx_word' id='word_1_47' title='bbox 1622 1311 1625 1314; x_wconf 87' lang='lat'>.</span> 
     </span>
     <span class='ocr_line' id='line_1_7' title="bbox 568 1349 1637 1432; baseline 0.004 -18"><span class='ocrx_word' id='word_1_48' title='bbox 568 1350 664 1432; x_wconf 76' lang='lat' dir='ltr'><strong><em>Quem</em></strong></span> <span class='ocrx_word' id='word_1_49' title='bbox 688 1349 872 1415; x_wconf 77' lang='lat' dir='ltr'><strong><em>Hectorem?</em></strong></span> <span class='ocrx_word' id='word_1_50' title='bbox 902 1355 958 1415; x_wconf 80' lang='lat' dir='ltr'><strong><em>cut</em></strong></span> <span class='ocrx_word' id='word_1_51' title='bbox 980 1371 1076 1432; x_wconf 79' lang='lat' dir='ltr'><strong><em>quom</em></strong></span> <span class='ocrx_word' id='word_1_52' title='bbox 1099 1350 1156 1414; x_wconf 76' lang='lat' dir='ltr'><strong><em>cco</em></strong></span> <span class='ocrx_word' id='word_1_53' title='bbox 1178 1349 1231 1415; x_wconf 84' lang='lat' dir='ltr'><strong><em>c&#39;tle</em></strong></span> <span class='ocrx_word' id='word_1_54' title='bbox 1252 1351 1312 1415; x_wconf 78' lang='lat' dir='ltr'><strong><em>ortt</em></strong></span> <span class='ocrx_word' id='word_1_55' title='bbox 1334 1349 1471 1415; x_wconf 78' lang='lat' dir='ltr'><strong><em>Hector?</em></strong></span> <span class='ocrx_word' id='word_1_56' title='bbox 1516 1350 1637 1420; x_wconf 73' lang='lat' dir='ltr'><strong><em>Metus</em></strong></span> 
     </span>
     <span class='ocr_line' id='line_1_8' title="bbox 563 1457 1249 1539; baseline 0.001 -17"><span class='ocrx_word' id='word_1_57' title='bbox 563 1457 679 1522; x_wconf 73' lang='lat' dir='ltr'><strong><em>Accius</em></strong></span> <span class='ocrx_word' id='word_1_58' title='bbox 701 1464 729 1522; x_wconf 90' lang='lat' dir='ltr'><strong><em>et</em></strong></span> <span class='ocrx_word' id='word_1_59' title='bbox 751 1457 923 1539; x_wconf 80' lang='lat' dir='ltr'><strong><em>ctiquccdo</em></strong></span> <span class='ocrx_word' id='word_1_60' title='bbox 945 1459 1072 1539; x_wconf 78' lang='lat' dir='ltr'><strong><em>captores</em></strong></span> <span class='ocrx_word' id='word_1_61' title='bbox 1095 1457 1249 1523; x_wconf 75' lang='lat' dir='ltr'><strong><em>Achilles:</em></strong></span> 
     </span>
     <span class='ocr_line' id='line_1_9' title="bbox 660 1563 1635 1647; baseline 0.002 -19"><span class='ocrx_word' id='word_1_62' title='bbox 660 1564 764 1630; x_wconf 87' lang='lat' dir='ltr'><strong><em>Immo</em></strong></span> <span class='ocrx_word' id='word_1_63' title='bbox 773 1563 1188 1645; x_wconf 77' lang='lat' dir='ltr'><strong><em>enimveroccrposPrc&#39;cmo</em></strong></span> <span class='ocrx_word' id='word_1_64' title='bbox 1197 1565 1332 1647; x_wconf 79' lang='lat' dir='ltr'><strong><em>reddidi,</em></strong></span> <span class='ocrx_word' id='word_1_65' title='bbox 1341 1565 1503 1630; x_wconf 87' lang='lat' dir='ltr'><strong><em>Hectorem</em></strong></span> <span class='ocrx_word' id='word_1_66' title='bbox 1513 1564 1635 1630; x_wconf 78' lang='lat' dir='ltr'><strong><em>abstuti.</em></strong></span> 
     </span>
     <span class='ocr_line' id='line_1_10' title="bbox 562 1672 1635 1755; baseline 0.004 -19"><span class='ocrx_word' id='word_1_67' title='bbox 562 1672 638 1736; x_wconf 80' lang='lat' dir='ltr'><strong><em>Note</em></strong></span> <span class='ocrx_word' id='word_1_68' title='bbox 655 1672 753 1754; x_wconf 72' lang='lat' dir='ltr'><strong><em>icitur</em></strong></span> <span class='ocrx_word' id='word_1_69' title='bbox 767 1672 904 1737; x_wconf 86' lang='lat' dir='ltr'><strong><em>Hectora</em></strong></span> <span class='ocrx_word' id='word_1_70' title='bbox 922 1673 1051 1736; x_wconf 72' lang='lat' dir='ltr'><strong><em>tractati</em></strong></span> <span class='ocrx_word' id='word_1_71' title='bbox 1067 1673 1123 1737; x_wconf 84' lang='lat' dir='ltr'><strong><em>sed</em></strong></span> <span class='ocrx_word' id='word_1_72' title='bbox 1140 1691 1250 1754; x_wconf 79' lang='lat' dir='ltr'><strong><em>corpus</em></strong></span> <span class='ocrx_word' id='word_1_73' title='bbox 1267 1673 1351 1754; x_wconf 81' lang='lat' dir='ltr'><strong><em>qood</em></strong></span> <span class='ocrx_word' id='word_1_74' title='bbox 1365 1673 1471 1754; x_wconf 78' lang='lat' dir='ltr'><strong><em>fuerat</em></strong></span> <span class='ocrx_word' id='word_1_75' title='bbox 1483 1672 1635 1755; x_wconf 64' lang='lat' dir='ltr'><strong><em>Hectoris,</em></strong></span> 
     </span>
     <span class='ocr_line' id='line_1_11' title="bbox 359 1777 1635 1862; baseline -0.002 -16"><span class='ocrx_word' id='word_1_76' title='bbox 359 1805 387 1846; x_wconf 80' lang='lat' dir='ltr'><strong><em>ro</em></strong></span> <span class='ocrx_word' id='word_1_77' title='bbox 402 1778 474 1862; x_wconf 88' lang='lat' dir='ltr'><strong><em>quis</em></strong></span> <span class='ocrx_word' id='word_1_78' title='bbox 491 1799 559 1844; x_wconf 90' lang='lat' dir='ltr'><strong><em>non</em></strong></span> <span class='ocrx_word' id='word_1_79' title='bbox 572 1777 667 1859; x_wconf 85' lang='lat' dir='ltr'><strong><em>videt,</em></strong></span> <span class='ocrx_word' id='word_1_80' title='bbox 687 1800 882 1862; x_wconf 88' lang='lat' dir='ltr'><strong><em>quamquam</em></strong></span> <span class='ocrx_word' id='word_1_81' title='bbox 900 1779 1061 1842; x_wconf 89' lang='lat' dir='ltr'><strong><em>neminem</em></strong></span> <span class='ocrx_word' id='word_1_82' title='bbox 1075 1777 1193 1843; x_wconf 87' lang='lat' dir='ltr'><strong><em>vidisse</em></strong></span> <span class='ocrx_word' id='word_1_83' title='bbox 1212 1782 1353 1862; x_wconf 71' lang='lat' dir='ltr'><strong><em>apparet</em></strong></span> <span class='ocrx_word' id='word_1_84' title='bbox 1373 1782 1410 1842; x_wconf 89' lang='lat' dir='ltr'><strong><em>ut</em></strong></span> <span class='ocrx_word' id='word_1_85' title='bbox 1427 1799 1521 1844; x_wconf 90' lang='lat' dir='ltr'><strong><em>nemo</em></strong></span> <span class='ocrx_word' id='word_1_86' title='bbox 1539 1780 1635 1844; x_wconf 87' lang='lat' dir='ltr'><strong><em>inter·</em></strong></span> 
     </span>
     <span class='ocr_line' id='line_1_12' title="bbox 401 1883 1635 1970; baseline -0.002 -20"><span class='ocrx_word' id='word_1_87' title='bbox 401 1889 530 1970; x_wconf 80' lang='lat' dir='ltr'><strong><em>pretum&#39;</em></strong></span> <span class='ocrx_word' id='word_1_88' title='bbox 548 1883 770 1949; x_wconf 79' lang='lat' dir='ltr'><strong><em>Tuffianorum</em></strong></span> <span class='ocrx_word' id='word_1_89' title='bbox 793 1906 887 1969; x_wconf 88' lang='lat' dir='ltr'><strong><em>saepe</em></strong></span> <span class='ocrx_word' id='word_1_90' title='bbox 911 1883 1144 1949; x_wconf 90' lang='lat' dir='ltr'><strong><em>abundantium</em></strong></span> <span class='ocrx_word' id='word_1_91' title='bbox 1168 1885 1204 1949; x_wconf 92' lang='lat' dir='ltr'><strong><em>in</em></strong></span> <span class='ocrx_word' id='word_1_92' title='bbox 1225 1884 1322 1949; x_wconf 89' lang='lat' dir='ltr'><strong><em>rebus</em></strong></span> <span class='ocrx_word' id='word_1_93' title='bbox 1345 1883 1510 1950; x_wconf 76' lang='lat' dir='ltr'><strong><em>vilissimis</em></strong></span> <span class='ocrx_word' id='word_1_94' title='bbox 1533 1905 1635 1950; x_wconf 88' lang='lat' dir='ltr'><strong><em>unum</em></strong></span> 
     </span>
     <span class='ocr_line' id='line_1_13' title="bbox 400 1986 1635 2075; baseline 0.002 -19"><span class='ocrx_word' id='word_1_95' title='bbox 400 1991 533 2057; x_wconf 86' lang='lat' dir='ltr'><strong><em>verbum</em></strong></span> <span class='ocrx_word' id='word_1_96' title='bbox 556 1992 591 2055; x_wconf 92' lang='lat' dir='ltr'><strong><em>in</em></strong></span> <span class='ocrx_word' id='word_1_97' title='bbox 613 1986 693 2056; x_wconf 91' lang='lat' dir='ltr'><strong><em>haec</em></strong></span> <span class='ocrx_word' id='word_1_98' title='bbox 715 1991 957 2075; x_wconf 87' lang='lat' dir='ltr'><strong><em>interpretanda</em></strong></span> <span class='ocrx_word' id='word_1_99' title='bbox 978 1991 1146 2075; x_wconf 90' lang='lat' dir='ltr'><strong><em>impendit,</em></strong></span> <span class='ocrx_word' id='word_1_100' title='bbox 1171 1991 1227 2056; x_wconf 89' lang='lat' dir='ltr'><strong><em>sed</em></strong></span> <span class='ocrx_word' id='word_1_101' title='bbox 1250 1992 1322 2074; x_wconf 91' lang='lat' dir='ltr'><strong><em>quis</em></strong></span> <span class='ocrx_word' id='word_1_102' title='bbox 1345 2013 1411 2056; x_wconf 88' lang='lat' dir='ltr'><strong><em>non</em></strong></span> <span class='ocrx_word' id='word_1_103' title='bbox 1431 1991 1528 2075; x_wconf 86' lang='lat' dir='ltr'><strong><em>videt,</em></strong></span> <span class='ocrx_word' id='word_1_104' title='bbox 1550 1992 1635 2058; x_wconf 89' lang='lat' dir='ltr'><strong><em>hano</em></strong></span> 
     </span>
     <span class='ocr_line' id='line_1_14' title="bbox 398 2097 1660 2184; baseline 0 -20"><span class='ocrx_word' id='word_1_105' title='bbox 398 2098 686 2184; x_wconf 76' lang='lat' dir='ltr'>interrogationem</span> <span class='ocrx_word' id='word_1_106' title='bbox 715 2099 810 2180; x_wconf 74' lang='lat' dir='ltr'><strong><em>Qmem</em></strong></span> <span class='ocrx_word' id='word_1_107' title='bbox 833 2098 996 2163; x_wconf 80' lang='lat' dir='ltr'><strong><em>Hectorem</em></strong></span> <span class='ocrx_word' id='word_1_108' title='bbox 1019 2099 1114 2182; x_wconf 90' lang='lat' dir='ltr'><strong><em>plane</em></strong></span> <span class='ocrx_word' id='word_1_109' title='bbox 1137 2097 1308 2184; x_wconf 77' lang='lat' dir='ltr'><strong><em>gemellam</em></strong></span> <span class='ocrx_word' id='word_1_110' title='bbox 1332 2119 1401 2162; x_wconf 87' lang='lat' dir='ltr'><strong><em>esse</em></strong></span> <span class='ocrx_word' id='word_1_111' title='bbox 1424 2099 1473 2166; x_wconf 88' lang='lat' dir='ltr'><strong><em>illi</em></strong></span> <span class='ocrx_word' id='word_1_112' title='bbox 1496 2097 1534 2163; x_wconf 90' lang='lat' dir='ltr'><strong><em>de</em></strong></span> <span class='ocrx_word' id='word_1_113' title='bbox 1557 2097 1660 2170; x_wconf 59' lang='lat' dir='ltr'><strong><em>Iove*¹</em></strong></span> 
     </span>
     <span class='ocr_line' id='line_1_15' title="bbox 399 2203 1634 2292; baseline -0.001 -21"><span class='ocrx_word' id='word_1_114' title='bbox 399 2210 433 2271; x_wconf 86' lang='lat' dir='ltr'><strong><em>et</em></strong></span> <span class='ocrx_word' id='word_1_115' title='bbox 455 2205 683 2292; x_wconf 90' lang='lat' dir='ltr'><strong><em>interrogando</em></strong></span> <span class='ocrx_word' id='word_1_116' title='bbox 706 2205 826 2292; x_wconf 88' lang='lat' dir='ltr'><strong><em>negari,</em></strong></span> <span class='ocrx_word' id='word_1_117' title='bbox 851 2226 947 2288; x_wconf 88' lang='lat' dir='ltr'><strong><em>quem</em></strong></span> <span class='ocrx_word' id='word_1_118' title='bbox 969 2205 1027 2268; x_wconf 90' lang='lat' dir='ltr'><strong><em>illa</em></strong></span> <span class='ocrx_word' id='word_1_119' title='bbox 1050 2205 1130 2270; x_wconf 89' lang='lat' dir='ltr'><strong><em>dicit</em></strong></span> <span class='ocrx_word' id='word_1_120' title='bbox 1148 2203 1322 2270; x_wconf 78' lang='lat' dir='ltr'><strong><em>Hectorem</em></strong></span> <span class='ocrx_word' id='word_1_121' title='bbox 1346 2204 1517 2270; x_wconf 88' lang='lat' dir='ltr'><strong><em>sevidisse</em></strong></span> <span class='ocrx_word' id='word_1_122' title='bbox 1537 2227 1634 2270; x_wconf 92' lang='lat' dir='ltr'><strong><em>curru</em></strong></span> 
     </span>
     <span class='ocr_line' id='line_1_16' title="bbox 399 2311 1636 2397; baseline 0.002 -21"><span class='ocrx_word' id='word_1_123' title='bbox 399 2314 530 2397; x_wconf 87' lang='lat' dir='ltr'><strong><em>raptari,</em></strong></span> <span class='ocrx_word' id='word_1_124' title='bbox 552 2311 727 2379; x_wconf 79' lang='lat' dir='ltr'><strong><em>Hectorem</em></strong></span> <span class='ocrx_word' id='word_1_125' title='bbox 750 2312 861 2396; x_wconf 82' lang='lat' dir='ltr'><strong><em>fuisse,</em></strong></span> <span class='ocrx_word' id='word_1_126' title='bbox 882 2335 919 2376; x_wconf 90' lang='lat' dir='ltr'><strong><em>ea</em></strong></span> <span class='ocrx_word' id='word_1_127' title='bbox 942 2315 1049 2376; x_wconf 89' lang='lat' dir='ltr'><strong><em>mente</em></strong></span> <span class='ocrx_word' id='word_1_128' title='bbox 1072 2311 1221 2377; x_wconf 82' lang='lat' dir='ltr'><strong><em>videlicet</em></strong></span> <span class='ocrx_word' id='word_1_129' title='bbox 1244 2333 1309 2396; x_wconf 93' lang='lat' dir='ltr'><strong><em>qua</em></strong></span> <span class='ocrx_word' id='word_1_130' title='bbox 1327 2317 1383 2376; x_wconf 91' lang='lat' dir='ltr'><strong><em>aut</em></strong></span> <span class='ocrx_word' id='word_1_131' title='bbox 1400 2312 1518 2378; x_wconf 87' lang='lat' dir='ltr'><strong><em>Accius</em></strong></span> <span class='ocrx_word' id='word_1_132' title='bbox 1533 2334 1636 2396; x_wconf 84' lang='lat' dir='ltr'><strong><em>supra</em></strong></span> 
     </span>
     <span class='ocr_line' id='line_1_17' title="bbox 398 2417 1634 2501; baseline 0.006 -18"><span class='ocrx_word' id='word_1_133' title='bbox 398 2420 517 2485; x_wconf 75' lang='lat' dir='ltr'><strong><em>citatus</em></strong></span> <span class='ocrx_word' id='word_1_134' title='bbox 540 2417 701 2484; x_wconf 79' lang='lat' dir='ltr'><strong><em>Achillem</em></strong></span> <span class='ocrx_word' id='word_1_135' title='bbox 723 2419 803 2484; x_wconf 81' lang='lat' dir='ltr'><strong><em>facit</em></strong></span> <span class='ocrx_word' id='word_1_136' title='bbox 825 2418 984 2484; x_wconf 76' lang='lat' dir='ltr'><strong><em>dicentem</em></strong></span> <span class='ocrx_word' id='word_1_137' title='bbox 1013 2439 1123 2501; x_wconf 80' lang='lat' dir='ltr'><strong><em>corpus</em></strong></span> <span class='ocrx_word' id='word_1_138' title='bbox 1146 2417 1280 2485; x_wconf 85' lang='lat' dir='ltr'><strong><em>Pre&#39;cmc</em></strong></span> <span class='ocrx_word' id='word_1_139' title='bbox 1306 2420 1445 2498; x_wconf 71' lang='lat' dir='ltr'><strong><em>rotetur,</em></strong></span> <span class='ocrx_word' id='word_1_140' title='bbox 1472 2423 1634 2490; x_wconf 75' lang='lat' dir='ltr'><strong><em>Hectorem</em></strong></span> 
     </span>
     <span class='ocr_line' id='line_1_18' title="bbox 398 2510 1634 2614; baseline -0.001 -22"><span class='ocrx_word' id='word_1_141' title='bbox 398 2526 522 2605; x_wconf 72' lang='lat' dir='ltr'><strong><em>mouet,</em></strong></span> <span class='ocrx_word' id='word_1_142' title='bbox 545 2529 602 2591; x_wconf 90' lang='lat' dir='ltr'><strong><em>aut</em></strong></span> <span class='ocrx_word' id='word_1_143' title='bbox 620 2525 813 2590; x_wconf 85' lang='lat' dir='ltr'><strong><em>Aristoteles</em></strong></span> <span class='ocrx_word' id='word_1_144' title='bbox 836 2525 948 2590; x_wconf 88' lang='lat' dir='ltr'><strong><em>scribit</em></strong></span> <span class='ocrx_word' id='word_1_145' title='bbox 966 2510 1003 2588; x_wconf 48' lang='lat' dir='ltr'><strong><em>in&#39;</em></strong></span> <span class='ocrx_word' id='word_1_146' title='bbox 1019 2523 1196 2592; x_wconf 88' lang='lat' dir='ltr'><strong><em>Rhetorica</em></strong></span> <span class='ocrx_word' id='word_1_147' title='bbox 1215 2523 1290 2612; x_wconf 79' lang='lat'><strong>(113</strong></span> <span class='ocrx_word' id='word_1_148' title='bbox 1310 2548 1340 2609; x_wconf 89' lang='lat' dir='ltr'><strong><em>p.</em></strong></span> <span class='ocrx_word' id='word_1_149' title='bbox 1358 2525 1470 2591; x_wconf 85' lang='lat' dir='ltr'><strong><em>1380b</em></strong></span> <span class='ocrx_word' id='word_1_150' title='bbox 1489 2523 1547 2614; x_wconf 78' lang='lat'><strong><em>29)</em></strong></span> <span class='ocrx_word' id='word_1_151' title='bbox 1566 2527 1634 2592; x_wconf 82' lang='grc' dir='ltr'><strong><em>Διὸ</em></strong></span> 
     </span>
     <span class='ocr_line' id='line_1_19' title="bbox 398 2627 1635 2720; baseline 0.001 -23"><span class='ocrx_word' id='word_1_152' title='bbox 398 2627 437 2698; x_wconf 84' lang='grc' dir='ltr'><strong><em>εὖ</em></strong></span> <span class='ocrx_word' id='word_1_153' title='bbox 459 2631 536 2715; x_wconf 77' lang='grc' dir='ltr'><strong><em>περὶ</em></strong></span> <span class='ocrx_word' id='word_1_154' title='bbox 559 2641 619 2698; x_wconf 84' lang='grc' dir='ltr'><strong><em>τοῦ</em></strong></span> <span class='ocrx_word' id='word_1_155' title='bbox 635 2631 793 2715; x_wconf 64' lang='lat' dir='ltr'><strong><em>“meroem</em></strong></span> <span class='ocrx_word' id='word_1_156' title='bbox 816 2631 834 2697; x_wconf 86' lang='grc' dir='ltr'><strong>ὁ</strong></span> <span class='ocrx_word' id='word_1_157' title='bbox 857 2634 994 2715; x_wconf 78' lang='grc' dir='ltr'><strong><em>ποιητής</em></strong></span> <span class='ocrx_word' id='word_1_158' title='bbox 1014 2629 1063 2718; x_wconf 89' lang='lat' dir='ltr'><strong><em>(Il</em></strong></span> <span class='ocrx_word' id='word_1_159' title='bbox 1083 2650 1170 2696; x_wconf 78' lang='lat' dir='ltr'><strong><em>xxiv</em></strong></span> <span class='ocrx_word' id='word_1_160' title='bbox 1190 2630 1258 2720; x_wconf 82' lang='lat'><strong><em>54),</em></strong></span> <span class='ocrx_word' id='word_1_161' title='bbox 1279 2643 1406 2698; x_wconf 77' lang='grc' dir='ltr'><strong><em>παῦσαι</em></strong></span> <span class='ocrx_word' id='word_1_162' title='bbox 1430 2635 1635 2718; x_wconf 80' lang='grc' dir='ltr'><strong><em>βουλόμενος</em></strong></span> 
     </span>
     <span class='ocr_line' id='line_1_20' title="bbox 397 2737 1633 2824; baseline 0 -20"><span class='ocrx_word' id='word_1_163' title='bbox 397 2741 457 2806; x_wconf 87' lang='grc' dir='ltr'><strong><em>τὸν</em></strong></span> <span class='ocrx_word' id='word_1_164' title='bbox 473 2737 619 2824; x_wconf 78' lang='grc' dir='ltr'><strong><em>Ἀχιλλέα</em></strong></span> <span class='ocrx_word' id='word_1_165' title='bbox 637 2748 694 2822; x_wconf 80' lang='grc' dir='ltr'><strong><em>τῆς</em></strong></span> <span class='ocrx_word' id='word_1_166' title='bbox 713 2737 815 2822; x_wconf 78' lang='grc' dir='ltr'><em>ὀργῆς</em></span> <span class='ocrx_word' id='word_1_167' title='bbox 832 2745 1028 2822; x_wconf 77' lang='grc' dir='ltr'><strong><em>τεθνεῶτος,</em></strong></span> <span class='ocrx_word' id='word_1_168' title='bbox 1047 2739 1200 2824; x_wconf 63' lang='grc' dir='ltr'><strong><em>’κωφὴν</em></strong></span> <span class='ocrx_word' id='word_1_169' title='bbox 1218 2741 1290 2824; x_wconf 80' lang='grc' dir='ltr'><strong><em>γὰρ</em></strong></span> <span class='ocrx_word' id='word_1_170' title='bbox 1310 2741 1356 2824; x_wconf 78' lang='grc' dir='ltr'><strong><em>δὴ</em></strong></span> <span class='ocrx_word' id='word_1_171' title='bbox 1376 2750 1493 2822; x_wconf 81' lang='grc' dir='ltr'><strong><em>γαῖαν</em></strong></span> <span class='ocrx_word' id='word_1_172' title='bbox 1511 2739 1633 2806; x_wconf 79' lang='grc' dir='ltr'><strong><em>ἀεικί-</em></strong></span> 
     </span>
     <span class='ocr_line' id='line_1_21' title="bbox 357 2844 1634 2933; baseline -0.002 -19"><span class='ocrx_word' id='word_1_173' title='bbox 357 2874 384 2914; x_wconf 81' lang='lat' dir='ltr'><strong><em>ro</em></strong></span> <span class='ocrx_word' id='word_1_174' title='bbox 398 2849 453 2925; x_wconf 79' lang='grc' dir='ltr'><strong><em>ζει</em></strong></span> <span class='ocrx_word' id='word_1_175' title='bbox 479 2847 718 2929; x_wconf 77' lang='grc' dir='ltr'><strong><em>μενεαίνωνῖ</em></strong></span> <span class='ocrx_word' id='word_1_176' title='bbox 767 2844 877 2911; x_wconf 80' lang='lat' dir='ltr'><strong><em>Cicero</em></strong></span> <span class='ocrx_word' id='word_1_177' title='bbox 907 2848 1016 2911; x_wconf 90' lang='lat' dir='ltr'><strong><em>autem</em></strong></span> <span class='ocrx_word' id='word_1_178' title='bbox 1039 2846 1108 2931; x_wconf 87' lang='lat' dir='ltr'><strong><em>ipse</em></strong></span> <span class='ocrx_word' id='word_1_179' title='bbox 1131 2846 1377 2933; x_wconf 82' lang='lat' dir='ltr'><strong><em>interrogationi</em></strong></span> <span class='ocrx_word' id='word_1_180' title='bbox 1401 2848 1535 2913; x_wconf 88' lang='lat' dir='ltr'><strong><em>alteram</em></strong></span> <span class='ocrx_word' id='word_1_181' title='bbox 1560 2847 1634 2914; x_wconf 84' lang='lat' dir='ltr'><strong><em>sub-</em></strong></span> 
     </span>
     <span class='ocr_line' id='line_1_22' title="bbox 397 2954 1633 3040; baseline 0.002 -23"><span class='ocrx_word' id='word_1_182' title='bbox 397 2954 509 3018; x_wconf 90' lang='lat' dir='ltr'><strong><em>iiciens</em></strong></span> <span class='ocrx_word' id='word_1_183' title='bbox 524 2954 808 3040; x_wconf 73' lang='lat' dir='ltr'><strong><em>interrogationem</em></strong></span> <span class='ocrx_word' id='word_1_184' title='bbox 830 2954 925 3035; x_wconf 74' lang='lat' dir='ltr'><strong><em>Quen</em></strong></span> <span class='ocrx_word' id='word_1_185' title='bbox 935 2954 1098 3019; x_wconf 81' lang='lat' dir='ltr'><strong><em>Hectorem</em></strong></span> <span class='ocrx_word' id='word_1_186' title='bbox 1112 2960 1169 3019; x_wconf 83' lang='lat' dir='ltr'><strong><em>cot</em></strong></span> <span class='ocrx_word' id='word_1_187' title='bbox 1181 2976 1275 3036; x_wconf 81' lang='lat' dir='ltr'><strong><em>quom</em></strong></span> <span class='ocrx_word' id='word_1_188' title='bbox 1291 2956 1348 3019; x_wconf 82' lang='lat' dir='ltr'><strong><em>diu</em></strong></span> <span class='ocrx_word' id='word_1_189' title='bbox 1360 2955 1415 3020; x_wconf 80' lang='lat' dir='ltr'><strong><em>tlte</em></strong></span> <span class='ocrx_word' id='word_1_190' title='bbox 1428 2954 1633 3020; x_wconf 80' lang='lat' dir='ltr'><strong><em>erc&#39;tHeetor?</em></strong></span> 
     </span>
     <span class='ocr_line' id='line_1_23' title="bbox 397 3060 1633 3146; baseline 0.002 -22"><span class='ocrx_word' id='word_1_191' title='bbox 397 3081 435 3125; x_wconf 88' lang='lat' dir='ltr'><strong><em>ec</em></strong></span> <span class='ocrx_word' id='word_1_192' title='bbox 458 3061 562 3146; x_wconf 82' lang='lat' dir='ltr'><strong><em>magis</em></strong></span> <span class='ocrx_word' id='word_1_193' title='bbox 580 3061 647 3124; x_wconf 84' lang='lat' dir='ltr'><strong><em>vim</em></strong></span> <span class='ocrx_word' id='word_1_194' title='bbox 665 3061 782 3144; x_wconf 92' lang='lat' dir='ltr'><strong><em>prioris</em></strong></span> <span class='ocrx_word' id='word_1_195' title='bbox 806 3061 968 3145; x_wconf 87' lang='lat' dir='ltr'><strong><em>patefacit,</em></strong></span> <span class='ocrx_word' id='word_1_196' title='bbox 992 3061 1089 3126; x_wconf 91' lang='lat' dir='ltr'><strong><em>modo</em></strong></span> <span class='ocrx_word' id='word_1_197' title='bbox 1113 3066 1199 3126; x_wconf 88' lang='lat' dir='ltr'><strong><em>recte</em></strong></span> <span class='ocrx_word' id='word_1_198' title='bbox 1223 3060 1382 3126; x_wconf 89' lang='lat' dir='ltr'><strong><em>scribatur</em></strong></span> <span class='ocrx_word' id='word_1_199' title='bbox 1399 3062 1431 3125; x_wconf 87' lang='lat' dir='ltr'><strong><em>in</em></strong></span> <span class='ocrx_word' id='word_1_200' title='bbox 1452 3062 1513 3127; x_wconf 87' lang='lat' dir='ltr'><strong><em>hac</em></strong></span> <span class='ocrx_word' id='word_1_201' title='bbox 1532 3062 1633 3127; x_wconf 87' lang='lat' dir='ltr'><strong><em>altera</em></strong></span> 
     </span>
     <span class='ocr_line' id='line_1_24' title="bbox 397 3167 1632 3252; baseline 0 -20"><span class='ocrx_word' id='word_1_202' title='bbox 397 3168 556 3233; x_wconf 78' lang='lat' dir='ltr'><strong><em>sententia</em></strong></span> <span class='ocrx_word' id='word_1_203' title='bbox 578 3189 644 3232; x_wconf 90' lang='lat' dir='ltr'><strong><em>non</em></strong></span> <span class='ocrx_word' id='word_1_204' title='bbox 667 3168 727 3232; x_wconf 84' lang='lat' dir='ltr'><strong><em>ere‘t</em></strong></span> <span class='ocrx_word' id='word_1_205' title='bbox 748 3168 804 3232; x_wconf 89' lang='lat' dir='ltr'><strong><em>sed</em></strong></span> <span class='ocrx_word' id='word_1_206' title='bbox 826 3174 901 3247; x_wconf 86' lang='lat' dir='ltr'><strong><em>erut,</em></strong></span> <span class='ocrx_word' id='word_1_207' title='bbox 926 3167 953 3232; x_wconf 90' lang='lat' dir='ltr'><strong><em>si</em></strong></span> <span class='ocrx_word' id='word_1_208' title='bbox 977 3167 1107 3251; x_wconf 91' lang='lat' dir='ltr'><strong><em>quidem</em></strong></span> <span class='ocrx_word' id='word_1_209' title='bbox 1131 3172 1268 3252; x_wconf 86' lang='lat' dir='ltr'><strong><em>negatur</em></strong></span> <span class='ocrx_word' id='word_1_210' title='bbox 1286 3179 1358 3231; x_wconf 79' lang='lat' dir='ltr'><strong><em>curn</em></strong></span> <span class='ocrx_word' id='word_1_211' title='bbox 1380 3189 1475 3251; x_wconf 90' lang='lat' dir='ltr'><strong><em>quem</em></strong></span> <span class='ocrx_word' id='word_1_212' title='bbox 1498 3168 1632 3233; x_wconf 78' lang='lat' dir='ltr'><strong><em>traxerit</em></strong></span> 
     </span>
     <span class='ocr_line' id='line_1_25' title="bbox 395 3272 1632 3357; baseline 0 -18"><span class='ocrx_word' id='word_1_213' title='bbox 395 3272 541 3340; x_wconf 87' lang='lat' dir='ltr'><strong><em>Achilles</em></strong></span> <span class='ocrx_word' id='word_1_214' title='bbox 564 3275 731 3339; x_wconf 79' lang='lat' dir='ltr'><strong><em>etiamtum</em></strong></span> <span class='ocrx_word' id='word_1_215' title='bbox 750 3272 923 3340; x_wconf 85' lang='lat' dir='ltr'><strong><em>Hectorem</em></strong></span> <span class='ocrx_word' id='word_1_216' title='bbox 941 3274 1049 3339; x_wconf 89' lang='lat' dir='ltr'><strong><em>fuisse.</em></strong></span> <span class='ocrx_word' id='word_1_217' title='bbox 1084 3273 1161 3339; x_wconf 90' lang='lat' dir='ltr'><strong><em>Non</em></strong></span> <span class='ocrx_word' id='word_1_218' title='bbox 1180 3295 1270 3339; x_wconf 87' lang='lat' dir='ltr'><strong><em>secus</em></strong></span> <span class='ocrx_word' id='word_1_219' title='bbox 1294 3274 1352 3338; x_wconf 94' lang='lat' dir='ltr'><strong><em>illo</em></strong></span> <span class='ocrx_word' id='word_1_220' title='bbox 1371 3274 1442 3339; x_wconf 89' lang='lat' dir='ltr'><strong><em>loco</em></strong></span> <span class='ocrx_word' id='word_1_221' title='bbox 1462 3274 1518 3357; x_wconf 91' lang='lat' dir='ltr'><strong><em>qui</em></strong></span> <span class='ocrx_word' id='word_1_222' title='bbox 1537 3273 1632 3339; x_wconf 84' lang='lat' dir='ltr'><strong><em>nobis</em></strong></span> 
     </span>
     <span class='ocr_line' id='line_1_26' title="bbox 396 3380 1633 3467; baseline 0.001 -21"><span class='ocrx_word' id='word_1_223' title='bbox 396 3386 445 3446; x_wconf 85' lang='lat' dir='ltr'><strong><em>est</em></strong></span> <span class='ocrx_word' id='word_1_224' title='bbox 472 3383 507 3445; x_wconf 89' lang='lat' dir='ltr'><strong><em>in</em></strong></span> <span class='ocrx_word' id='word_1_225' title='bbox 536 3381 685 3445; x_wconf 89' lang='lat' dir='ltr'><strong><em>manibus</em></strong></span> <span class='ocrx_word' id='word_1_226' title='bbox 708 3381 919 3467; x_wconf 84' lang='lat' dir='ltr'><strong><em>interrogatio</em></strong></span> <span class='ocrx_word' id='word_1_227' title='bbox 941 3380 1191 3466; x_wconf 76' lang='lat' dir='ltr'><strong><em>interrogationi</em></strong></span> <span class='ocrx_word' id='word_1_228' title='bbox 1214 3380 1355 3445; x_wconf 88' lang='lat' dir='ltr'><strong><em>additur:</em></strong></span> <span class='ocrx_word' id='word_1_229' title='bbox 1392 3381 1457 3463; x_wconf 76' lang='lat' dir='ltr'><strong><em>Qec</em></strong></span> <span class='ocrx_word' id='word_1_230' title='bbox 1481 3381 1555 3446; x_wconf 90' lang='lat' dir='ltr'><strong><em>Icoe</em></strong></span> <span class='ocrx_word' id='word_1_231' title='bbox 1576 3387 1633 3447; x_wconf 84' lang='lat' dir='ltr'><strong><em>out</em></strong></span> 
     </span>
     <span class='ocr_line' id='line_1_27' title="bbox 395 3487 1632 3572; baseline 0.001 -20"><span class='ocrx_word' id='word_1_232' title='bbox 395 3488 474 3570; x_wconf 81' lang='lat' dir='ltr'><strong><em>quid</em></strong></span> <span class='ocrx_word' id='word_1_233' title='bbox 501 3488 591 3552; x_wconf 84' lang='lat' dir='ltr'><strong><em>tabet</em></strong></span> <span class='ocrx_word' id='word_1_234' title='bbox 616 3487 705 3553; x_wconf 83' lang='lat' dir='ltr'><strong><em>tltc&#39;uc</em></strong></span> <span class='ocrx_word' id='word_1_235' title='bbox 726 3489 879 3553; x_wconf 81' lang='lat' dir='ltr'><strong><em>ccrmc&#39;reia</em></strong></span> <span class='ocrx_word' id='word_1_236' title='bbox 900 3488 1004 3553; x_wconf 79' lang='lat' dir='ltr'><strong><em>simite</em></strong></span> <span class='ocrx_word' id='word_1_237' title='bbox 1025 3488 1100 3553; x_wconf 82' lang='lat' dir='ltr'><strong><em>boec</em></strong></span> <span class='ocrx_word' id='word_1_238' title='bbox 1121 3487 1244 3554; x_wconf 81' lang='lat' dir='ltr'><strong><em>orctc‘o?</em></strong></span> <span class='ocrx_word' id='word_1_239' title='bbox 1290 3487 1472 3571; x_wconf 83' lang='lat' dir='ltr'><strong><em>Utrobique</em></strong></span> <span class='ocrx_word' id='word_1_240' title='bbox 1495 3509 1553 3572; x_wconf 89' lang='lat' dir='ltr'><strong><em>per</em></strong></span> <span class='ocrx_word' id='word_1_241' title='bbox 1576 3494 1632 3553; x_wconf 84' lang='lat' dir='ltr'><strong><em>cot</em></strong></span> 
     </span>
     <span class='ocr_line' id='line_1_28' title="bbox 394 3592 1631 3679; baseline 0.002 -21"><span class='ocrx_word' id='word_1_242' title='bbox 394 3594 586 3679; x_wconf 85' lang='lat' dir='ltr'><strong><em>particulam</em></strong></span> <span class='ocrx_word' id='word_1_243' title='bbox 611 3594 762 3659; x_wconf 90' lang='lat' dir='ltr'><strong><em>adiicitur</em></strong></span> <span class='ocrx_word' id='word_1_244' title='bbox 785 3594 871 3677; x_wconf 91' lang='lat' dir='ltr'><strong><em>quod</em></strong></span> <span class='ocrx_word' id='word_1_245' title='bbox 898 3592 1048 3677; x_wconf 90' lang='lat' dir='ltr'><strong><em>pluribus</em></strong></span> <span class='ocrx_word' id='word_1_246' title='bbox 1072 3593 1180 3658; x_wconf 85' lang='lat' dir='ltr'><strong><em>verbis</em></strong></span> <span class='ocrx_word' id='word_1_247' title='bbox 1210 3594 1343 3659; x_wconf 89' lang='lat' dir='ltr'><strong><em>eandem</em></strong></span> <span class='ocrx_word' id='word_1_248' title='bbox 1366 3594 1484 3660; x_wconf 88' lang='lat' dir='ltr'><strong><em>referat</em></strong></span> <span class='ocrx_word' id='word_1_249' title='bbox 1507 3599 1631 3660; x_wconf 88' lang='lat' dir='ltr'><strong><em>senten·</em></strong></span> 
     </span>
     <span class='ocr_line' id='line_1_29' title="bbox 394 3699 1631 3787; baseline 0 -22"><span class='ocrx_word' id='word_1_250' title='bbox 394 3702 482 3765; x_wconf 89' lang='lat' dir='ltr'><strong><em>tiam.</em></strong></span> <span class='ocrx_word' id='word_1_251' title='bbox 520 3699 623 3778; x_wconf 87' lang='lat' dir='ltr'><strong><em>Quam</em></strong></span> <span class='ocrx_word' id='word_1_252' title='bbox 646 3702 804 3765; x_wconf 88' lang='lat' dir='ltr'><strong><em>rationem</em></strong></span> <span class='ocrx_word' id='word_1_253' title='bbox 828 3699 883 3783; x_wconf 90' lang='lat' dir='ltr'><strong><em>qui</em></strong></span> <span class='ocrx_word' id='word_1_254' title='bbox 907 3700 1008 3785; x_wconf 88' lang='lat' dir='ltr'><strong><em>probe</em></strong></span> <span class='ocrx_word' id='word_1_255' title='bbox 1031 3701 1239 3785; x_wconf 83' lang='lat' dir='ltr'><strong><em>perspexerit,</em></strong></span> <span class='ocrx_word' id='word_1_256' title='bbox 1263 3702 1426 3785; x_wconf 88' lang='lat' dir='ltr'><strong><em>concedet,</em></strong></span> <span class='ocrx_word' id='word_1_257' title='bbox 1450 3702 1631 3787; x_wconf 85' lang='lat' dir='ltr'><strong><em>opinamur,</em></strong></span> 
     </span>
     <span class='ocr_line' id='line_1_30' title="bbox 393 3806 1630 3893; baseline 0.002 -22"><span class='ocrx_word' id='word_1_258' title='bbox 393 3806 452 3872; x_wconf 90' lang='lat' dir='ltr'><strong><em>has</em></strong></span> <span class='ocrx_word' id='word_1_259' title='bbox 476 3806 744 3893; x_wconf 78' lang='lat' dir='ltr'><strong><em>interrogationes</em></strong></span> <span class='ocrx_word' id='word_1_260' title='bbox 768 3828 847 3891; x_wconf 91' lang='lat' dir='ltr'><strong><em>quas</em></strong></span> <span class='ocrx_word' id='word_1_261' title='bbox 871 3806 1030 3871; x_wconf 86' lang='lat' dir='ltr'><strong><em>sententia</em></strong></span> <span class='ocrx_word' id='word_1_262' title='bbox 1052 3808 1143 3873; x_wconf 89' lang='lat' dir='ltr'><strong><em>iubet</em></strong></span> <span class='ocrx_word' id='word_1_263' title='bbox 1166 3808 1200 3871; x_wconf 92' lang='lat' dir='ltr'><strong><em>in</em></strong></span> <span class='ocrx_word' id='word_1_264' title='bbox 1217 3831 1315 3873; x_wconf 88' lang='lat' dir='ltr'><strong><em>unam</em></strong></span> <span class='ocrx_word' id='word_1_265' title='bbox 1337 3808 1514 3873; x_wconf 84' lang='lat' dir='ltr'><strong><em>coalescere</em></strong></span> <span class='ocrx_word' id='word_1_266' title='bbox 1533 3808 1630 3873; x_wconf 88' lang='lat' dir='ltr'><strong><em>inter·</em></strong></span> 
     </span>
     <span class='ocr_line' id='line_1_31' title="bbox 352 3912 1666 4001; baseline 0.002 -22"><span class='ocrx_word' id='word_1_267' title='bbox 352 3943 379 3985; x_wconf 71' lang='lat' dir='ltr'><strong><em>ao</em></strong></span> <span class='ocrx_word' id='word_1_268' title='bbox 392 3916 566 4001; x_wconf 86' lang='lat' dir='ltr'><strong><em>pungendo</em></strong></span> <span class='ocrx_word' id='word_1_269' title='bbox 595 3937 762 3999; x_wconf 88' lang='lat' dir='ltr'><strong><em>perperam</em></strong></span> <span class='ocrx_word' id='word_1_270' title='bbox 794 3915 828 3977; x_wconf 90' lang='lat' dir='ltr'><strong><em>in</em></strong></span> <span class='ocrx_word' id='word_1_271' title='bbox 861 3913 939 3978; x_wconf 88' lang='lat' dir='ltr'><strong><em>duas</em></strong></span> <span class='ocrx_word' id='word_1_272' title='bbox 968 3914 1114 3998; x_wconf 90' lang='lat' dir='ltr'><strong><em>dispesci.</em></strong></span> <span class='ocrx_word' id='word_1_273' title='bbox 1169 3912 1230 3979; x_wconf 91' lang='lat' dir='ltr'><strong><em>Illa</em></strong></span> <span class='ocrx_word' id='word_1_274' title='bbox 1262 3914 1348 3979; x_wconf 90' lang='lat' dir='ltr'><strong><em>enim</em></strong></span> <span class='ocrx_word' id='word_1_275' title='bbox 1377 3936 1458 3999; x_wconf 87' lang='lat' dir='ltr'><strong><em>quae</em></strong></span> <span class='ocrx_word' id='word_1_276' title='bbox 1486 3915 1666 3984; x_wconf 76' lang='lat' dir='ltr'><strong><em>diximusc</em></strong></span> 
     </span>
     <span class='ocr_line' id='line_1_32' title="bbox 397 4021 1630 4104; baseline 0.001 -17"><span class='ocrx_word' id='word_1_277' title='bbox 397 4022 494 4103; x_wconf 76' lang='lat' dir='ltr'><strong><em>Quen</em></strong></span> <span class='ocrx_word' id='word_1_278' title='bbox 517 4026 679 4087; x_wconf 78' lang='lat' dir='ltr'><strong><em>Hectorem</em></strong></span> <span class='ocrx_word' id='word_1_279' title='bbox 701 4027 757 4086; x_wconf 82' lang='lat' dir='ltr'><strong><em>oret</em></strong></span> <span class='ocrx_word' id='word_1_280' title='bbox 779 4022 931 4102; x_wconf 77' lang='lat' dir='ltr'><strong><em>quamdiu</em></strong></span> <span class='ocrx_word' id='word_1_281' title='bbox 954 4021 1007 4085; x_wconf 75' lang='lat' dir='ltr'><strong><em>cce</em></strong></span> <span class='ocrx_word' id='word_1_282' title='bbox 1029 4026 1097 4086; x_wconf 85' lang='lat' dir='ltr'><strong><em>eret</em></strong></span> <span class='ocrx_word' id='word_1_283' title='bbox 1114 4021 1253 4086; x_wconf 79' lang='lat' dir='ltr'><strong><em>Hector?</em></strong></span> <span class='ocrx_word' id='word_1_284' title='bbox 1295 4022 1360 4104; x_wconf 76' lang='lat' dir='ltr'><strong><em>Quo</em></strong></span> <span class='ocrx_word' id='word_1_285' title='bbox 1379 4023 1452 4087; x_wconf 89' lang='lat' dir='ltr'><strong><em>Icoe</em></strong></span> <span class='ocrx_word' id='word_1_286' title='bbox 1473 4028 1530 4087; x_wconf 84' lang='lat' dir='ltr'><strong><em>cot</em></strong></span> <span class='ocrx_word' id='word_1_287' title='bbox 1551 4023 1630 4104; x_wconf 73' lang='lat' dir='ltr'><strong><em>quid</em></strong></span> 
     </span>
     <span class='ocr_line' id='line_1_33' title="bbox 392 4126 1628 4213; baseline 0 -20"><span class='ocrx_word' id='word_1_288' title='bbox 392 4128 482 4193; x_wconf 80' lang='lat' dir='ltr'><strong><em>tace</em></strong></span> <span class='ocrx_word' id='word_1_289' title='bbox 502 4129 601 4194; x_wconf 75' lang='lat' dir='ltr'><strong><em>Arcti</em></strong></span> <span class='ocrx_word' id='word_1_290' title='bbox 623 4128 726 4193; x_wconf 78' lang='lat' dir='ltr'><strong><em>sime‘te</em></strong></span> <span class='ocrx_word' id='word_1_291' title='bbox 747 4128 821 4193; x_wconf 85' lang='lat' dir='ltr'><strong><em>boec</em></strong></span> <span class='ocrx_word' id='word_1_292' title='bbox 842 4128 966 4194; x_wconf 77' lang='lat' dir='ltr'><strong><em>oratic?</em></strong></span> <span class='ocrx_word' id='word_1_293' title='bbox 1000 4128 1077 4211; x_wconf 92' lang='lat' dir='ltr'><strong><em>quid</em></strong></span> <span class='ocrx_word' id='word_1_294' title='bbox 1106 4128 1227 4193; x_wconf 87' lang='lat' dir='ltr'><strong><em>dietant</em></strong></span> <span class='ocrx_word' id='word_1_295' title='bbox 1254 4126 1294 4193; x_wconf 91' lang='lat' dir='ltr'><strong><em>ab</em></strong></span> <span class='ocrx_word' id='word_1_296' title='bbox 1318 4129 1382 4207; x_wconf 91' lang='lat' dir='ltr'><strong><em>his,</em></strong></span> <span class='ocrx_word' id='word_1_297' title='bbox 1410 4128 1519 4212; x_wconf 91' lang='lat' dir='ltr'><strong><em>qualia</em></strong></span> <span class='ocrx_word' id='word_1_298' title='bbox 1542 4128 1628 4213; x_wconf 92' lang='lat' dir='ltr'><strong><em>apud</em></strong></span> 
     </span>
     <span class='ocr_line' id='line_1_34' title="bbox 392 4234 1629 4319; baseline 0.002 -20"><span class='ocrx_word' id='word_1_299' title='bbox 392 4234 526 4301; x_wconf 88' lang='lat' dir='ltr'><strong><em>eundem</em></strong></span> <span class='ocrx_word' id='word_1_300' title='bbox 547 4234 734 4301; x_wconf 81' lang='lat' dir='ltr'><strong><em>Ciceronem</em></strong></span> <span class='ocrx_word' id='word_1_301' title='bbox 757 4234 1016 4319; x_wconf 85' lang='lat' dir='ltr'><strong><em>frequentantur:</em></strong></span> <span class='ocrx_word' id='word_1_302' title='bbox 1044 4236 1110 4317; x_wconf 77' lang='lat' dir='ltr'><strong><em>Quo</em></strong></span> <span class='ocrx_word' id='word_1_303' title='bbox 1134 4236 1258 4300; x_wconf 84' lang='lat' dir='ltr'><strong><em>tcadem</em></strong></span> <span class='ocrx_word' id='word_1_304' title='bbox 1281 4236 1370 4301; x_wconf 83' lang='lat' dir='ltr'><strong><em>modo</em></strong></span> <span class='ocrx_word' id='word_1_305' title='bbox 1394 4241 1450 4300; x_wconf 81' lang='lat' dir='ltr'><strong><em>cot</em></strong></span> <span class='ocrx_word' id='word_1_306' title='bbox 1471 4235 1562 4317; x_wconf 79' lang='lat' dir='ltr'><strong><em>orcle</em></strong></span> <span class='ocrx_word' id='word_1_307' title='bbox 1584 4240 1629 4301; x_wconf 82' lang='lat' dir='ltr'><strong><em>est</em></strong></span> 
     </span>
     <span class='ocr_line' id='line_1_35' title="bbox 391 4340 1630 4425; baseline 0 -18"><span class='ocrx_word' id='word_1_308' title='bbox 391 4342 471 4407; x_wconf 77' lang='lat' dir='ltr'><strong><em>ictuc</em></strong></span> <span class='ocrx_word' id='word_1_309' title='bbox 488 4343 571 4425; x_wconf 82' lang='lat' dir='ltr'><strong><em>quod</em></strong></span> <span class='ocrx_word' id='word_1_310' title='bbox 581 4348 692 4424; x_wconf 83' lang='lat' dir='ltr'><strong><em>poetae</em></strong></span> <span class='ocrx_word' id='word_1_311' title='bbox 708 4342 836 4407; x_wconf 79' lang='lat' dir='ltr'><strong><em>seruat?</em></strong></span> <span class='ocrx_word' id='word_1_312' title='bbox 878 4340 963 4421; x_wconf 78' lang='lat' dir='ltr'><strong><em>Quid</em></strong></span> <span class='ocrx_word' id='word_1_313' title='bbox 980 4362 1075 4424; x_wconf 77' lang='lat' dir='ltr'><strong><em>opum</em></strong></span> <span class='ocrx_word' id='word_1_314' title='bbox 1088 4343 1196 4424; x_wconf 82' lang='lat' dir='ltr'><strong><em>potios</em></strong></span> <span class='ocrx_word' id='word_1_315' title='bbox 1213 4347 1270 4406; x_wconf 83' lang='lat' dir='ltr'><strong><em>eret</em></strong></span> <span class='ocrx_word' id='word_1_316' title='bbox 1287 4343 1323 4406; x_wconf 78' lang='lat' dir='ltr'><strong><em>tre</em></strong></span> <span class='ocrx_word' id='word_1_317' title='bbox 1341 4362 1400 4423; x_wconf 82' lang='lat' dir='ltr'><strong><em>quo</em></strong></span> <span class='ocrx_word' id='word_1_318' title='bbox 1419 4342 1529 4407; x_wconf 81' lang='lat' dir='ltr'><strong><em>metius</em></strong></span> <span class='ocrx_word' id='word_1_319' title='bbox 1547 4342 1630 4407; x_wconf 82' lang='lat' dir='ltr'><strong><em>tuma</em></strong></span> 
     </span>
     <span class='ocr_line' id='line_1_36' title="bbox 391 4445 1626 4533; baseline -0.002 -19"><span class='ocrx_word' id='word_1_320' title='bbox 391 4468 572 4514; x_wconf 77' lang='lat' dir='ltr'><strong><em>concurrere</em></strong></span> <span class='ocrx_word' id='word_1_321' title='bbox 600 4447 705 4512; x_wconf 80' lang='lat' dir='ltr'><strong><em>diem?</em></strong></span> <span class='ocrx_word' id='word_1_322' title='bbox 757 4445 845 4523; x_wconf 85' lang='lat' dir='ltr'><strong><em>Quae</em></strong></span> <span class='ocrx_word' id='word_1_323' title='bbox 871 4447 1024 4532; x_wconf 88' lang='lat' dir='ltr'><strong><em>leguntur</em></strong></span> <span class='ocrx_word' id='word_1_324' title='bbox 1051 4447 1085 4511; x_wconf 90' lang='lat' dir='ltr'><strong><em>in</em></strong></span> <span class='ocrx_word' id='word_1_325' title='bbox 1113 4446 1254 4533; x_wconf 87' lang='lat' dir='ltr'><strong><em>Legibus</em></strong></span> <span class='ocrx_word' id='word_1_326' title='bbox 1285 4471 1315 4532; x_wconf 94' lang='lat' dir='ltr'><strong><em>p.</em></strong></span> <span class='ocrx_word' id='word_1_327' title='bbox 1335 4448 1400 4531; x_wconf 81' lang='lat'><strong><em>3‚8</em></strong></span> <span class='ocrx_word' id='word_1_328' title='bbox 1424 4452 1456 4511; x_wconf 91' lang='lat' dir='ltr'><strong><em>et</em></strong></span> <span class='ocrx_word' id='word_1_329' title='bbox 1479 4471 1509 4532; x_wconf 95' lang='lat' dir='ltr'><strong><em>p.</em></strong></span> <span class='ocrx_word' id='word_1_330' title='bbox 1531 4448 1581 4531; x_wconf 83' lang='lat'><strong><em>14,</em></strong></span> <span class='ocrx_word' id='word_1_331' title='bbox 1596 4448 1626 4512; x_wconf 88' lang='grc'><strong><em>9.</em></strong></span> 
     </span>
     <span class='ocr_line' id='line_1_37' title="bbox 390 4553 1627 4640; baseline 0.002 -21"><span class='ocrx_word' id='word_1_332' title='bbox 390 4554 441 4620; x_wconf 92' lang='lat' dir='ltr'><strong><em>Dc</em></strong></span> <span class='ocrx_word' id='word_1_333' title='bbox 469 4576 533 4639; x_wconf 94' lang='lat' dir='ltr'><strong><em>quo</em></strong></span> <span class='ocrx_word' id='word_1_334' title='bbox 561 4574 677 4640; x_wconf 89' lang='lat' dir='ltr'><strong><em>genere</em></strong></span> <span class='ocrx_word' id='word_1_335' title='bbox 699 4574 803 4638; x_wconf 90' lang='lat' dir='ltr'><strong><em>nuper</em></strong></span> <span class='ocrx_word' id='word_1_336' title='bbox 825 4553 973 4638; x_wconf 86' lang='lat' dir='ltr'><strong><em>pluribus</em></strong></span> <span class='ocrx_word' id='word_1_337' title='bbox 997 4553 1151 4637; x_wconf 76' lang='lat' dir='ltr'><strong><em>exemplis</em></strong></span> <span class='ocrx_word' id='word_1_338' title='bbox 1175 4556 1314 4619; x_wconf 86' lang='lat' dir='ltr'><strong><em>maxime</em></strong></span> <span class='ocrx_word' id='word_1_339' title='bbox 1338 4554 1539 4619; x_wconf 82' lang='lat' dir='ltr'><strong><em>Terentianis</em></strong></span> <span class='ocrx_word' id='word_1_340' title='bbox 1563 4555 1627 4621; x_wconf 90' lang='lat' dir='ltr'><strong><em>col·</em></strong></span> 
     </span>
     <span class='ocr_line' id='line_1_38' title="bbox 389 4658 1627 4747; baseline -0.001 -22"><span class='ocrx_word' id='word_1_341' title='bbox 389 4660 482 4726; x_wconf 88' lang='lat' dir='ltr'><strong><em>lectis</em></strong></span> <span class='ocrx_word' id='word_1_342' title='bbox 505 4661 630 4747; x_wconf 87' lang='lat' dir='ltr'><strong><em>egimus</em></strong></span> <span class='ocrx_word' id='word_1_343' title='bbox 653 4661 687 4724; x_wconf 91' lang='lat' dir='ltr'><strong><em>in</em></strong></span> <span class='ocrx_word' id='word_1_344' title='bbox 705 4659 798 4726; x_wconf 80' lang='lat' dir='ltr'><strong><em>Actis</em></strong></span> <span class='ocrx_word' id='word_1_345' title='bbox 820 4659 1009 4725; x_wconf 88' lang='lat' dir='ltr'><strong><em>academicis</em></strong></span> <span class='ocrx_word' id='word_1_346' title='bbox 1029 4682 1055 4723; x_wconf 93' lang='lat' dir='ltr'><strong><em>a.</em></strong></span> <span class='ocrx_word' id='word_1_347' title='bbox 1073 4658 1159 4724; x_wconf 89' lang='lat'>1900</span> <span class='ocrx_word' id='word_1_348' title='bbox 1177 4683 1206 4744; x_wconf 94' lang='lat' dir='ltr'><strong><em>p.</em></strong></span> <span class='ocrx_word' id='word_1_349' title='bbox 1222 4661 1265 4724; x_wconf 79' lang='lat'><strong><em>42</em></strong></span> <span class='ocrx_word' id='word_1_350' title='bbox 1276 4682 1344 4746; x_wconf 91' lang='lat' dir='ltr'><strong><em>sqq.</em></strong></span> <span class='ocrx_word' id='word_1_351' title='bbox 1363 4660 1545 4745; x_wconf 88' lang='lat' dir='ltr'><strong><em>licebatque</em></strong></span> <span class='ocrx_word' id='word_1_352' title='bbox 1564 4660 1627 4727; x_wconf 91' lang='lat' dir='ltr'><strong><em>alia</em></strong></span> 
     </span>
    </p>
   </div>
   <div class='ocr_carea' id='block_1_3' title="bbox 389 4818 1627 4978">
    <p class='ocr_par' dir='ltr' id='par_1_3' title="bbox 389 4818 1627 4978">
     <span class='ocr_line' id='line_1_39' title="bbox 390 4818 1627 4889; baseline 0.001 -15"><span class='ocrx_word' id='word_1_353' title='bbox 390 4818 510 4874; x_wconf 79' lang='lat' dir='ltr'><strong><em>terrore?</em></strong></span> <span class='ocrx_word' id='word_1_354' title='bbox 527 4834 581 4887; x_wconf 77' lang='lat' dir='ltr'><strong><em>quo</em></strong></span> <span class='ocrx_word' id='word_1_355' title='bbox 599 4818 691 4873; x_wconf 73' lang='lat' dir='ltr'><strong><em>outa?</em></strong></span> <span class='ocrx_word' id='word_1_356' title='bbox 712 4818 788 4888; x_wconf 79' lang='lat' dir='ltr'><strong><em>Quae</em></strong></span> <span class='ocrx_word' id='word_1_357' title='bbox 801 4825 841 4873; x_wconf 84' lang='lat' dir='ltr'><strong><em>cat</em></strong></span> <span class='ocrx_word' id='word_1_358' title='bbox 862 4834 936 4872; x_wconf 80' lang='lat' dir='ltr'><strong><em>caua</em></strong></span> <span class='ocrx_word' id='word_1_359' title='bbox 955 4825 1016 4889; x_wconf 85' lang='lat' dir='ltr'><strong><em>tom¹</em></strong></span> <span class='ocrx_word' id='word_1_360' title='bbox 1030 4818 1127 4885; x_wconf 74' lang='lat' dir='ltr'><strong><em>delira,</em></strong></span> <span class='ocrx_word' id='word_1_361' title='bbox 1147 4834 1216 4887; x_wconf 77' lang='lat' dir='ltr'><strong><em>quoe</em></strong></span> <span class='ocrx_word' id='word_1_362' title='bbox 1235 4820 1329 4873; x_wconf 81' lang='lat' dir='ltr'><strong><em>timeat</em></strong></span> <span class='ocrx_word' id='word_1_363' title='bbox 1348 4819 1402 4873; x_wconf 80' lang='lat' dir='ltr'><strong><em>icto</em></strong></span> <span class='ocrx_word' id='word_1_364' title='bbox 1418 4862 1424 4873; x_wconf 91' lang='lat'>.</span> <span class='ocrx_word' id='word_1_365' title='bbox 1441 4860 1446 4871; x_wconf 88' lang='lat'>.</span> <span class='ocrx_word' id='word_1_366' title='bbox 1464 4819 1627 4875; x_wconf 74' lang='lat' dir='ltr'><strong><em>‘Actcroeic</em></strong></span> 
     </span>
     <span class='ocr_line' id='line_1_40' title="bbox 389 4907 593 4978; baseline -0.015 -15"><span class='ocrx_word' id='word_1_367' title='bbox 389 4908 501 4978; x_wconf 83' lang='lat' dir='ltr'><strong><em>tempto’</em></strong></span> <span class='ocrx_word' id='word_1_368' title='bbox 522 4907 593 4978; x_wconf 74' lang='lat' dir='ltr'><strong><em>equ]</em></strong></span> 
     </span>
    </p>
   </div>
   <div class='ocr_carea' id='block_1_4' title="bbox 0 0 1988 5725">
    <p class='ocr_par' dir='ltr' id='par_1_4' title="bbox 0 0 1988 5725">
     <span class='ocr_line' id='line_1_41' title="bbox 0 0 1988 5725; baseline 0 5"><span class='ocrx_word' id='word_1_369' title='bbox 0 0 1988 5725; x_wconf 95' lang='lat' dir='ltr'><strong><em> </em></strong></span> 
     </span>
    </p>
   </div>
  </div>
 </body>
</html>
