3967 5725
364 1611 524 1683 XXXIV.
551 1609 704 1682 INDEX
731 1608 1012 1681 LEOTIONUM
1039 1608 1368 1682 HIBERNARUM
1395 1606 1556 1703 1891s92.

305 1808 329 1863 3
437 1785 517 1850 Rem
545 1786 678 1851 arduam
701 1807 770 1849 esse
793 1784 984 1849 emendandi
1007 1807 1138 1869 operam
1161 1786 1195 1849 in
1217 1789 1362 1850 veterum
1386 1785 1579 1870 scriptorum

346 1892 438 1957 libris
465 1892 686 1959 collocandam
713 1892 766 1956 vel
787 1913 826 1955 eo
849 1892 1069 1977 cognoscitur,
1096 1892 1184 1975 quod
1207 1913 1246 1956 ex
1269 1893 1381 1956 multis
1405 1893 1580 1957 conamini-

346 2000 417 2081 bus,
440 2000 558 2083 quibus
581 2020 663 2082 quae
686 2020 801 2063 manca
823 2003 899 2063 sunt
921 2002 978 2061 aut
999 1998 1172 2083 depravata
1189 2003 1398 2083 temptantur,
1420 2021 1580 2083 perpauca

347 2107 509 2171 communi
537 2107 680 2171 omnium
709 2126 866 2169 consensu
894 2109 1029 2189 excepta
1050 2110 1181 2169 manent
1204 2128 1242 2171 ac
1264 2106 1390 2192 vigent3
1416 2128 1520 2190 neque
1541 2129 1580 2171 aa

345 2235 381 2277 re
403 2213 472 2277 sola
496 2213 670 2277 difficultas
693 2214 884 2294 continetur,
907 2212 995 2294 quod
1017 2212 1058 2276 οὐ
1081 2221 1143 2276 τοῦ
1165 2216 1325 2297 τυχόντος
1346 2218 1395 2277 est
1417 2236 1457 2278 ex
1474 2214 1580 2279 lacera

346 2320 398 2385 vel
416 2320 588 2384 obscurata
606 2340 808 2403 quocumque
827 2320 923 2384 modo
943 2320 1089 2383 oratione
1108 2319 1280 2384 divinando
1295 2321 1399 2403 ipsam
1412 2320 1579 2405 scriptoris

346 2450 476 2492 manum
502 2428 672 2510 suscitare,
699 2425 756 2490 scd
777 2447 844 2489 non
866 2427 973 2490 minus
997 2447 1035 2491 eo
1059 2426 1146 2509 quod
1169 2428 1203 2490 in
1226 2428 1266 2491 iis
1290 2448 1372 2510 quae
1395 2426 1460 2513 legi
1482 2433 1580 2511 atque

345 2534 486 2619 intelligi
508 2537 646 2618 possunt
668 2555 763 2617 saepe
786 2532 976 2619 ambiguum
1000 2537 1049 2597 est
1072 2555 1131 2597 nec
1153 2538 1242 2598 certo
1266 2533 1475 2620 dignoscitur,
1498 2557 1580 2618 quae

346 2663 424 2705 vera
445 2640 524 2725 sint,
547 2662 629 2725 quae
651 2642 720 2705 vari
742 2640 848 2724 specie
869 2639 1031 2726 legentem
1054 2639 1216 2705 inducant.
1256 2639 1357 2705 Velut
1379 2639 1580 2727 Theocritus,
1594 2670 1621 2709 ιο

347 2751 386 2810 ut
403 2748 466 2812 hoc
483 2748 630 2833 exemplo
644 2752 783 2830 utamur,
803 2747 920 2831 quibus
934 2747 1081 2812 versibus
1096 2747 1131 2812 in
1144 2749 1292 2830 carmine,
1312 2747 1365 2812 cui
1380 2746 1484 2832 Ἄλτης
1497 2746 1579 2835 (xli)

346 2853 542 2939 inscribitur,
561 2855 761 2940 φιλόπαιόος
775 2853 959 2932 Διοκλέους
976 2854 1012 2918 in
1029 2854 1185 2921 honorem
1200 2879 1219 2920 a
1232 2853 1476 2942 Megarensibus
1490 2855 1578 2920 insti·

344 2966 418 3026 tuta
437 2965 609 3046 quotannis
627 2985 800 3046 puerorum
820 2963 938 3028 osculis
957 2963 1218 3028 contendentium
1233 2962 1407 3028 cortamina
1421 2963 1580 3046 expressit

481 3071 618 3133 Νισαῖοι
641 3074 817 3152 Μεγαρῆες
840 3069 1072 3155 ἀριστεύοντες
1094 3069 1255 3154 ἐρετμοῖς,

481 3177 589 3258 όλβιοι
613 3179 774 3258 οέιιείοιτε,
797 3179 857 3243 τὸν
872 3175 1019 3242 Ἀττικὸν
1042 3179 1086 3254 ὡς
1107 3182 1268 3260 περίαλλα

480 3282 591 3360 ξεῖνον
613 3282 813 3368 ἐτιμήσασθε
837 3284 983 3350 Διοκλέα
1006 3286 1066 3350 τὸν
1089 3286 1280 3368 φιλόπαιδα.

389 3390 434 3454 30
479 3391 547 3454 αἰεί
568 3391 600 3454 οἱ
622 3389 699 3473 περὶ
722 3393 851 3474 τύμβον
873 3391 1008 3468 ἀολλέες
1032 3398 1117 3475 εἴαρι
1141 3393 1260 3479 πρώτῳ

477 3507 595 3583 κοῦροι
619 3498 845 3582 ε’ριόμαίνοντι
868 3503 1054 3582 φιλήματος
1076 3500 1160 3582 ἄκρα
1183 3498 1356 3581 φέρεσθαι.

480 3603 516 3681 ὃς
539 3603 579 3668 δέ
599 3627 635 3668 κε
657 3603 829 3689 προσμόξή
853 3606 1082 3691 γλυκερώτερα
1105 3607 1226 3690 χείλεσι
1250 3609 1355 3689 χείλη,

477 3713 681 3796 βριθόμενος
704 3711 920 3794 στεφάνοισιν
944 3710 1002 3776 ἑὰν
1026 3711 1060 3788 ἐς
1081 3711 1192 3797 μητέρ’
1220 3711 1381 3795 ἀπῆνθεν.
1592 3740 1620 3779 ao

479 3819 606 3901 ὄλβιος,
630 3819 722 3895 ὅστις
745 3816 840 3882 παισὶ
864 3820 1032 3903 φιλήματα
1053 3829 1148 3884 κεῖνα
1172 3820 1290 3903 διαιτᾷ.

391 3923 433 3987 35
478 3920 498 4007 ή
521 3948 587 3989 που
610 3927 671 3990 τὸν
694 3925 843 4009 χαροπὸν
867 3927 1065 4010 Γανυμήδεα
1087 3923 1182 3991 πόλλ’
1211 3924 1368 4008 ε’πιβῶται

477 4033 605 4118 Λυόόή
629 4025 719 4096 ἶσον
741 4028 847 4116 ἔχειν
869 4031 990 4118 πέτρῃ
1016 4036 1152 4115 στόμα,
1175 4033 1324 4116 χρυσὸν
1347 4031 1461 4118 ὁποόή

477 4139 698 4204 πεύθουται
722 4140 770 4222 μή
795 4145 947 4223 φαῦλος
969 4137 1165 4224 ἐτήτυμον
1188 4139 1481 4224 ἀργυραμοιβοό

308 4255 327 4312 4
346 4267 454 4309 εοεαε]
480 4247 536 4328 qui
560 4250 636 4309 sunt
653 4247 789 4309 extremi
808 4246 870 4310 duo
889 4246 983 4310 nobis
1004 4246 1132 4329 quidem
1151 4246 1221 4309 vitii
1240 4250 1387 4329 expertes
1406 4269 1474 4311 esse
1493 4247 1576 4312 vide-

343 4351 474 4434 bantur,
502 4355 631 4436 recepta
653 4354 806 4416 nimirum
830 4353 946 4438 optimi
969 4352 1089 4418 codicis
1111 4352 1320 4417 Ambrosiani
1343 4350 1393 4440 (k)
1418 4353 1578 4438 scriptura

344 4463 473 4544 φαῦλος
495 4482 523 4522 v.
543 4459 600 4542 37,
623 4461 714 4524 cuius
737 4460 843 4524 locum
867 4461 901 4525 in
925 4460 1040 4525 ceteris
1062 4459 1154 4547 libris
1179 4460 1266 4544 quod
1287 4460 1366 4524 olim
1383 4459 1577 4544 vulgabatur

343 4570 476 4649 φαῦλον
509 4570 688 4650 occuparat.
735 4564 798 4630 Sed
829 4566 975 4650 plerique
1008 4589 1118 4631 omnes
1146 4567 1338 4651 interpretes
1365 4566 1451 4630 baud
1479 4567 1575 4649 paulo

342 4693 435 4737 secus
458 4673 634 4738 iudicantes
653 4673 732 4737 haec
750 4672 826 4737 ferri
845 4695 939 4758 posse
958 4678 1078 4759 negant
1097 4674 1257 4759 variisque
1276 4673 1380 4738 modis
1399 4671 1576 4737 deformata

342 4779 533 4865 corrigendo
561 4801 748 4865 recuperare
776 4803 888 4845 rerum
916 4784 1082 4845 conantur.
1124 4780 1187 4857 Qui
1210 4781 1288 4845 talia
1311 4782 1510 4865 proponunt,
1537 4783 1575 4842 ut

343 4885 442 4951 semel
464 4890 553 4952 mota
576 4889 760 4972 suspicione
782 4887 857 4952 falsi
879 4887 1038 4971 pullulare
1062 4888 1167 4952 solent
1191 4888 1402 4952 coniecturae.

395 5000 519 5042 Vahlani
532 5003 643 5050 opuscula
656 5003 688 5042 11.
1344 4995 1357 5039 1
