3967 5725
746 619 796 668 ns
815 618 948 668 1111111
964 619 1213 670 imnisomns.
1536 618 1600 681 421

370 779 461 844 Libri
485 779 570 843 enim
589 778 732 843 Plautini
756 800 828 843 oum
851 778 930 844 haee
946 779 1082 844 tradant
1106 778 1197 845 Ciam
1216 801 1341 845 uxorem
1359 781 1414 845 ubi
1432 781 1605 862 sepulcrum

370 886 548 966 habeamus,
571 887 776 970 perspicuum
800 890 849 950 est
871 885 955 951 hanc
977 886 1170 970 pendentem
1194 908 1264 951 esse
1287 889 1465 952 orationem
1492 892 1605 972 utpote

372 1015 454 1078 qnae
476 993 561 1057 nihil
582 992 700 1058 habeat
723 1014 787 1076 quo
810 992 940 1057 nitatur.
986 992 1036 1058 Eo
1060 994 1180 1058 certius
1209 998 1258 1059 est
1281 1015 1391 1058 verum
1416 1016 1485 1059 esse
1509 998 1541 1059 et
1564 994 1605 1059 ad

371 1101 459 1166 hune
477 1121 606 1165 versum
624 1100 784 1183 pertineri
805 1100 891 1184 quod
912 1098 1075 1164 Charisius
1094 1101 1187 1165 affert
1205 1119 1217 1164 1
1237 1124 1267 1185 p.
1289 1101 1362 1187 145,
1379 1103 1418 1165 17
1430 1101 1470 1166 Κ.
1491 1103 1534 1166 ‘te
1552 1103 1605 1166 ab·

371 1206 483 1271 latim:
506 1207 588 1270 clam
610 1212 639 1270 te
660 1212 720 1272 est:
743 1208 854 1288 atquiu
873 1205 1010 1272 Plautus
1028 1209 1063 1272 iu
1082 1208 1297 1274 Menaechmis
1316 1209 1439 1273 “clam
1457 1229 1606 1273 umorem

371 1315 469 1391 eat’';
492 1315 558 1378 uisi
573 1314 653 1395 forte
670 1314 751 1379 clam
770 1319 798 1378 ct
816 1316 989 1379 accusativo
1009 1320 1036 1378 ot
1053 1315 1188 1379 ablativo
1200 1318 1302 1397 poscit
1320 1315 1448 1397 aptari'
1485 1313 1606 1379 Addito

372 1421 458 1484 enim
477 1420 575 1485 verbo
594 1426 638 1485 est
658 1421 761 1485 oratio
782 1425 814 1486 et
836 1425 925 1485 recta
942 1422 1069 1486 exstitit
1084 1426 1116 1485 et
1135 1423 1276 1507 elegans:
1301 1428 1345 1486 cst
1362 1422 1416 1486 uhi
1432 1421 1606 1503 sepulcrum

371 1528 548 1593 habeamus.
582 1525 635 1591 Sic
654 1526 810 1592 Horatius
830 1527 1138 1615 (ep.110‚15sqq.)
1158 1531 1192 1593 in
1211 1529 1438 1614 interrogando
1462 1529 1608 1612 loquitur

508 1634 569 1699 Eat
589 1634 1024 1716 capraemortem,
1047 1635 1101 1700 uhi
1121 1638 1243 1717 pratior
1266 1658 1348 1701 aura
1484 1628 1486 1632 ’

509 1742 624 1806 Leuiat
647 1747 674 1805 ot
696 1742 815 1806 rabiem
838 1743 928 1807 cauis
949 1748 979 1806 et
1000 1749 1155 1807 mommta
1178 1743 1297 1808 lcouis?
1623 1769 1649 1808 11

507 1849 569 1914 Est
589 1848 644 1913 ubi
667 1848 795 1913 diadlat
816 1869 940 1914 somnos
962 1851 1069 1914 miuus
1090 1851 1203 1914 mairia
1226 1850 1325 1914 curu?

373 1961 406 2022 et
434 1957 502 2020 sine
530 1956 783 2040 interrogatione
806 1953 917 2020 Cicero
942 1955 1036 2021 Tusa.
1059 1956 1140 2041 disp.
1163 1974 1187 2019 v
1206 1956 1235 2040 8,
1250 1957 1293 2020 23
1321 1958 1404 2037 quod
1425 1977 1462 2021 eu
1491 1957 1610 2020 maiore

367 2069 463 2144 parte
479 2084 578 2127 uuam
597 2084 750 2144 quamque
766 2083 832 2127 rem
851 2063 1007 2144 appellari
1024 2065 1215 2144 spectarique
1232 2064 1348 2142 dicuat,
1372 2069 1415 2128 est
1434 2063 1489 2127 ubi
1502 2063 1539 2126 id
1553 2063 1610 2126 isto

375 2172 464 2235 modo
487 2170 597 2235 calcat.
630 2169 724 2256 (Hor.
744 2193 791 2254 ep.
810 2189 836 2233 11
859 2171 886 2254 1,
901 2169 968 2257 63.)
1015 2169 1109 2247 Quod
1132 2192 1169 2234 ea
1191 2169 1306 2235 vocula
1329 2171 1363 2233 in
1386 2168 1495 2233 Plauti
1514 2169 1609 2244 ¹libris

374 2277 539 2342 intercidit
560 2282 637 2361 post
658 2289 762 2357 umore,
785 2277 867 2341 nihil
890 2277 964 2342 miri
983 2282 1033 2341 est
1056 2281 1112 2341 aut
1131 2277 1302 2362 singulare,
1325 2297 1429 2360 neque
1448 2298 1487 2339 ex
1506 2297 1543 2341 eo
1563 2276 1610 2340 in·

376 2384 460 2449 dicio
484 2385 635 2470 colligere
658 2385 734 2450 licet
761 2407 906 2451 maneam
936 2405 1005 2448 esse
1029 2383 1221 2467 orationem,
1249 2383 1338 2446 cuius
1367 2383 1413 2446 rei
1437 2382 1610 2468 vestigium

376 2492 410 2554 in
434 2493 593 2557 sententia
610 2493 736 2556 nullum
755 2483 833 2556 esse
847 2491 994 2555 vidimus.
1033 2489 1096 2554 Sed
1115 2491 1201 2574 quod
1219 2488 1447 2554 Menaechmus
1467 2488 1513 2554 ita
1532 2489 1612 2554 dieit

377 2598 469 2665 Clam
491 2621 618 2664 uxorem
641 2606 684 2664 est
705 2599 760 2664 uhi
781 2599 955 2680 sepulcrum
982 2598 1163 2676 habeamus,
1187 2597 1220 2661 in
1245 2619 1282 2661 eo
1305 2619 1364 2662 nos
1389 2595 1466 2660 olim
1491 2594 1612 2680 signifi-

376 2706 517 2771 cavimus
536 2711 704 2790 peooatum
723 2728 792 2770 esse
812 2710 844 2770 et
862 2705 958 2769 scribi
974 2709 1122 2789 oportere
1143 2710 1187 2769 est
1203 2705 1257 2769 ubi
1276 2703 1450 2785 sepulcrum
1463 2702 1611 2779 habeam·

376 2815 410 2880 id
428 2815 489 2879 etsi
508 2814 653 2879 videmus
672 2814 812 2899 superbo
831 2810 961 2878 fastidio
976 2812 1181 2898 repudiatum
1196 2833 1274 2898 esse,
1292 2815 1399 2876 tamen
1414 2811 1510 2875 etiam
1526 2829 1611 2873 nuno
1626 2837 1652 2877 11

376 2924 550 2987 retinemus
574 2923 620 2984 ita
638 2921 820 3005 sentientes,
843 2922 870 2983 si
890 2921 962 3004 quis
980 2943 1047 2985 non
1067 2924 1222 3003 occupata
1241 2924 1348 2983 mente
1367 2940 1477 2982 verum
1502 2916 1611 2981 sobrio

345 3078 347 3080 .
376 3029 496 3094 iudicio
524 3050 592 3092 rem
620 3030 801 3112 perspicere
829 3029 920 3111 velit,
948 3050 1021 3092 eum
1049 3048 1114 3091 non
1138 3048 1232 3110 posse
1255 3047 1322 3089 non
1345 3024 1525 3109 intelligere
1547 3021 1613 3087 hoo

376 3159 489 3201 rerum
512 3158 580 3201 esse
604 3140 636 3200 et
658 3134 912 3217 Menaechmum,
935 3134 1202 3218 quemadmodum
1225 3136 1338 3217 postea
1362 3129 1456 3217 (669)
1480 3129 1560 3194 dicit

512 3244 603 3308 Mate
625 3245 671 3307 mi
693 3236 773 3307 m‘ror
794 3262 858 3307 sese
878 3242 986 3322 fecisse
1009 3246 1113 3319 censa,
1137 3260 1227 3321 quom
1252 3239 1380 3303 exclusit
1400 3238 1508 3318 forus:

516 3352 615 3432 Quasi
637 3371 701 3415 uou
723 3349 853 3414 habeam
876 3369 934 3430 quo
958 3349 1151 3412 intromittar
1174 3346 1273 3410 alium
1298 3344 1453 3410 meliorem
1477 3342 1584 3421 locum,

379 3460 425 3524 sia
447 3479 534 3523 nune
557 3458 596 3521 de
620 3457 766 3541 sepulcro
789 3455 920 3521 hade
948 3454 1044 3520 domo
1068 3453 1248 3517 meretricia
1270 3474 1336 3517 non
1359 3472 1454 3536 posse
1478 3449 1539 3514 nisi
1564 3449 1612 3513 ita

378 3568 470 3649 loqui
491 3571 529 3630 ut
552 3569 653 3630 semet
675 3564 709 3628 id
732 3562 814 3627 olam
838 3583 971 3625 uxorem
996 3582 1086 3624 suam
1109 3559 1226 3624 habere
1255 3559 1402 3623 affirmet.
1448 3556 1611 3621 Nimirum

379 3673 505 3738 diversa
528 3676 604 3736 sunt
627 3692 709 3753 quae
733 3670 819 3734 idem
842 3668 922 3733 dicit
947 3668 1010 3731 173
1021 3690 1088 3751 sqq.

436 3833 438 3836 .
514 3780 609 3844 Nuuc
631 3779 676 3843 ad
697 3780 834 3842 amicam
858 3777 1010 3857 aarum
1031 3776 1113 3841 hauc
1134 3776 1322 3840 meretricem
1345 3773 1501 3837 Erotium.

515 3887 603 3952 Muci
626 3886 683 3951 tibi
705 3890 796 3965 atquc
817 3884 868 3947 ilii
890 3883 996 3948 iubebo
1019 3884 1083 3947 iam
1108 3882 1265 3963 adparari
1281 3880 1468 3963 proredium.
1627 3906 1654 3967 11

514 3995 713 4074 lacteusque
734 3994 778 4057 act
801 3992 951 4056 diuruam
974 3989 1095 4055 stellam
1119 3990 1290 4053 crastiuum
1308 3986 1524 4069 potabimus

380 4106 413 4167 et
436 4124 518 4186 quae
542 4100 661 4165 similia
684 4121 757 4164 cunr
781 4098 902 4162 amicae
925 4097 1057 4160 mandat
1080 4096 1250 4180 prandium
1276 4095 1339 4159 184

514 4209 583 4291 Epo
606 4208 677 4272 istic
699 4206 778 4270 mihi
800 4204 890 4269 hodie
912 4204 1070 4284 adparari
1091 4204 1204 4267 iussim
1227 4203 1314 4284 apud
1335 4207 1364 4266 te
1380 4199 1546 4283 proelium,

854 4313 890 4375 iu
913 4331 945 4375 eo
967 4316 1093 4390 uterquc
1109 4310 1230 4390 proelio
1245 4307 1462 4390 potabimus

381 4429 414 4489 et
438 4423 503 4487 208

516 4530 593 4595 Iube
615 4530 713 4611 icitur
735 4527 836 4591 tribus
857 4526 946 4590 uobis
968 4524 1057 4606 apud
1078 4529 1106 4588 te
1122 4523 1300 4604 praudium
1324 4523 1509 4586 momoria.

1013 4650 1070 4695 uos
1086 4631 1252 4712 prodimus
1275 4629 1319 4693 ud
1339 4629 1452 4709 forum.

517 4745 590 4808 Iam
614 4744 664 4807 hic
686 4760 742 4806 uos
765 4742 897 4805 erimus:
921 4759 990 4803 cum
1013 4741 1154 4819 mouetur
1176 4737 1302 4801 iuterim
1320 4734 1544 4815 potabimus.

329 4869 366 4923 ll
383 4851 647 4919 Communionem
675 4849 760 4912 enim
788 4868 857 4911 esse
885 4846 975 4929 cupit
998 4843 1224 4908 Menaechmus
1249 4844 1281 4906 in
1305 4840 1461 4927 potando,
1489 4841 1544 4905 sed
1568 4862 1613 4904 se-
