3967 5725
409 605 472 673 198
590 611 676 663 XLH.
695 611 811 662 INDEX
829 611 1046 664 LECTIONUM
1063 613 1305 664 HIBERNARUM
1325 611 1411 681 1895]
1434 615 1458 663 6.

562 774 732 856 cupiuitas
754 775 929 857 auumque
948 775 1013 856 feri
1033 777 1172 856 raptods
1194 773 1324 839 mutat.

562 880 629 946 itte
649 880 749 947 uelut
770 881 912 946 stabuli
934 882 1044 946 decus
1066 884 1299 964 armentique
1320 881 1514 946 iucensam

446 986 513 1052 210
557 1007 637 1053 cum
660 988 713 1054 lec
729 989 901 1070 possedit
922 990 1138 1072 nudataque
1159 989 1304 1054 uiscera
1324 987 1424 1069 fodit

561 1096 749 1178 uapuibus
770 1103 804 1162 et
824 1096 967 1162 rabiem
989 1103 1084 1162 tatas
1106 1098 1227 1180 caepit
1248 1097 1289 1160 iu
1311 1113 1446 1172 armas,

560 1209 637 1268 stat
658 1224 788 1270 crassa
810 1206 935 1288 turpis
956 1207 1065 1272 sauia
1085 1207 1274 1289 aedesque
1296 1200 1470 1267 iubarum

561 1313 703 1378 eaautit
724 1318 757 1379 et
778 1312 873 1378 cites
888 1319 1086 1394 pastorum
1109 1315 1268 1396 despicit
1291 1315 1385 1393 iras,

400 1419 480 1486 Lud.
502 1416 629 1506 Ieepius
657 1418 735 1484 olim
762 1439 940 1502 pronomen
968 1420 1022 1484 die
1047 1442 1089 1485 ne
1115 1419 1200 1484 nihil
1222 1420 1355 1486 haberet
1377 1441 1442 1504 quo
1465 1421 1646 1487 referretur-

400 1526 578 1591 addendam
607 1525 799 1590 sententiam
827 1524 923 1591 huius
950 1526 1039 1591 modi
1067 1529 1195 1611 putavit
1220 1529 1274 1593 ate
1301 1527 1420 1614 [tacuere
1440 1530 1563 1610 fauces
1585 1529 1638 1594 ira

399 1654 465 1699 aas
484 1633 649 1716 statuitur
670 1632 737 1697 alta
759 1632 882 1718 Merite]
905 1634 986 1698 adut
1004 1634 1121 1700 stabuli
1138 1657 1205 1719 eqs.
1240 1633 1318 1700 Nan
1337 1636 1520 1719 quaerimus
1540 1657 1637 1719 quam
1652 1640 1691 1696 18

361 1744 477 1824 suapte
501 1738 729 1825 supplementa
746 1739 936 1805 formaverit
958 1741 1009 1804 vir
1025 1741 1146 1806 doctus
1170 1747 1227 1807 aut
1248 1742 1311 1808 hoe
1334 1743 1541 1828 potissimum
1562 1744 1636 1809 loeo

399 1847 641 1932 interposuerit,
663 1846 718 1911 sed
735 1844 799 1911 hoc
817 1846 962 1932 dicimus,
981 1852 1019 1912 ut
1037 1852 1120 1932 ante,
1138 1848 1222 1914 nihil
1240 1849 1416 1915 desiderari
1433 1849 1489 1913 sed
1506 1852 1637 1933 poetam

399 1975 482 2040 quae
510 1955 549 2021 de
576 1954 668 2019 leone
695 1955 825 2038 proprie
853 1955 1006 2021 extulerit
1032 1955 1142 2022 eadem
1170 1955 1313 2021 voluisse
1335 1956 1477 2043 intelligi
1500 1956 1540 2022 de
1562 1954 1637 2022 Plu-

400 2067 490 2146 tone,
516 2063 571 2128 elle
596 2061 678 2128 uelut
704 2081 774 2127 aum
796 2061 841 2127 leo
863 2063 1027 2128 uuasoaau
1043 2064 1185 2144 possedit
1207 2069 1235 2130 et
1257 2063 1429 2128 dilaniavit
1449 2069 1512 2129 stat
1534 2065 1636 2146 turpis

398 2173 489 2237 sauia
510 2177 539 2236 et
554 2175 720 2251 padam
743 2170 874 2252 despicit
894 2171 980 2247 iras;
1003 2170 1037 2234 id
1060 2169 1148 2254 quod
1169 2190 1228 2235 nec
1245 2171 1387 2254 ineptius
1407 2191 1465 2234 nee
1483 2169 1635 2237 audacius

398 2277 501 2342 videri
518 2280 627 2361 potest
646 2297 741 2360 quam
759 2275 863 2341 multe
881 2297 993 2342 eorum
1013 2298 1094 2362 quae
1108 2299 1206 2362 supra
1219 2276 1418 2363 collegimus.
1456 2275 1518 2354 Qui
1531 2299 1637 2362 nuper

400 2382 569 2450 Claudiani
588 2385 729 2448 carmine
748 2405 766 2446 a
785 2405 819 2448 se
837 2380 1006 2469 recognita
1019 2382 1128 2468 edidit,
1147 2383 1334 2450 Theodorus
1349 2383 1470 2468 Birtus,
1489 2405 1562 2450 cum
1576 2405 1634 2450 nos

397 2513 465 2556 non
482 2494 568 2556 recte
588 2491 627 2555 de
642 2512 679 2555 eo
693 2489 765 2556 loco
780 2489 938 2555 iudicasse
950 2491 1158 2575 praedicaret,
1175 2490 1256 2556 haec
1270 2491 1436 2557 adnotavit
1451 2492 1635 2578 ‘agnoscen-

399 2598 472 2663 dam
495 2598 703 2664 artificiosam
725 2599 760 2662 in
782 2596 834 2661 his
856 2597 1029 2662 verborum
1049 2598 1294 2663 collocationem
1314 2598 1365 2664 iile
1382 2599 1464 2664 adut
1480 2599 1525 2665 leo
1545 2598 1634 2685 [ficit]

398 2725 469 2771 aem
497 2707 657 2771 iuamcam
678 2706 819 2788 possedit
843 2725 923 2789 eqs.;
951 2709 984 2770 et
1006 2725 1137 2788 prorsus
1166 2704 1278 2770 eodem
1305 2706 1402 2771 moda
1429 2705 1635 2791 Propertium

359 2837 386 2881 ss
399 2831 426 2880 11
445 2814 475 2899 2,
495 2813 512 2877 7
537 2813 654 2879 aare
674 2811 721 2878 ad
739 2812 812 2879 Ioue
834 2813 934 2897 dipuc
955 2832 1044 2879 sarar
1061 2813 1128 2879 Aut
1150 2831 1220 2878 acu
1238 2811 1407 2879 Duticbias
1425 2811 1539 2881 Paliae
1561 2833 1635 2899 spa

398 2924 498 2987 datu
520 2921 566 2985 ad
586 2940 679 3000 aras;
702 2920 765 2986 hoc
788 2941 856 2986 esse
880 2921 965 2985 enim
987 2927 1043 2986 aut
1060 2921 1142 2985 adut
1160 2918 1274 2987 Paliae
1292 2940 1362 2986 mm
1380 2922 1539 3003 spatiatur
1556 2922 1633 3007 eqs.'

397 3028 447 3095 De
469 3027 522 3093 his
545 3027 623 3112 quid
646 3028 703 3092 alii
727 3028 884 3093 senserint
905 3028 1076 3111 nescimus,
1098 3028 1160 3092 nisi
1184 3028 1273 3112 quad
1290 3026 1350 3093 Iul
1365 3028 1509 3095 Koehius
1528 3029 1633 3096 denuo

398 3133 575 3202 Claudiana
598 3135 685 3201 edita
709 3156 782 3200 cum
806 3134 1013 3200 distinctione
1036 3157 1055 3199 e
1074 3134 1166 3199 Birta
1190 3134 1335 3200 adhibita
1353 3135 1486 3201 eandem
1504 3159 1576 3203 oum
1595 3158 1633 3202 eo

397 3242 580 3327 explicandi
602 3242 761 3307 rationem
784 3246 914 3308 secutus
935 3240 1071 3306 videtur.
1108 3239 1213 3307 Nobis
1236 3242 1291 3307 ille
1314 3241 1446 3307 minime
1464 3243 1634 3327 persuasit,

398 3370 435 3416 ae
458 3350 496 3414 de
519 3349 695 3415 artificiosa
716 3349 889 3414 uerborum
911 3349 1122 3415 collocatione
1142 3371 1224 3433 quae
1242 3350 1336 3416 affert
1354 3372 1395 3414 ne
1413 3371 1509 3434 quem
1527 3352 1634 3435 specie

398 3456 569 3541 decipiant,
590 3455 654 3521 boc
674 3454 891 3540 reputandum
913 3458 972 3539 est,
994 3459 1116 3542 poetas,
1138 3459 1176 3519 ut
1199 3455 1305 3521 solent
1324 3477 1396 3521 raro
1416 3477 1481 3522 uno
1500 3456 1634 3544 defungi

398 3564 547 3648 exemplo
577 3562 633 3627 sed
659 3562 851 3650 plerumque
878 3562 1029 3647 copulare
1052 3561 1129 3647 duo,
1157 3562 1294 3628 alterum
1316 3562 1468 3628 liberiore
1493 3563 1634 3647 quodam

398 3670 496 3737 modo
519 3669 677 3754 superiori
700 3668 869 3735 adnectere
887 3690 945 3754 per
962 3675 1020 3735 aut
1036 3690 1106 3735 acm
1125 3666 1169 3755 (et
1185 3670 1279 3756 mm),
1303 3676 1360 3735 aut
1375 3670 1430 3735 ubi
1447 3671 1634 3755 particulas,

397 3778 445 3842 ita
472 3777 615 3863 quidem,
641 3780 679 3842 ut
706 3797 901 3860 quamquam
928 3776 983 3843 hic
1008 3776 1076 3843 illic
1098 3776 1204 3862 possis
1227 3779 1263 3842 in
1286 3799 1359 3842 eum
1383 3778 1515 3843 modum
1538 3799 1634 3863 quem

358 3913 385 3956 ω
398 3883 508 3950 Birtus
534 3884 657 3950 indicat
678 3884 776 3949 rerba
797 3887 1017 3968 transponere,
1039 3884 1101 3950 hoc
1124 3884 1195 3949 aliis
1219 3905 1277 3949 nec
1300 3883 1396 3949 liceat
1419 3888 1452 3948 et
1475 3906 1634 3969 nusquam

397 3992 539 4058 valuisse
561 3995 675 4077 poetas
697 3990 866 4078 probabile
888 3992 940 4057 sit.
975 3988 1112 4057 Ovidius
1136 4012 1209 4056 cum
1232 3992 1346 4057 scribit
1368 3990 1443 4056 Met.
1462 4008 1513 4056 vn
1533 3990 1598 4057 104

558 4118 621 4165 ecee
642 4099 843 4165 dducam
871 4098 1047 4164 Vulcaruum
1069 4098 1202 4165 auibus
1223 4098 1335 4181 estlaut

558 4206 718 4289 wipedn
738 4206 838 4285 tam,
861 4210 1019 4288 matrem
1039 4205 1208 4289 vaporibus
1228 4205 1339 4272 berbm

558 4315 684 4393 adast,
706 4318 798 4395 adque
819 4312 916 4379 saled
931 4312 1023 4396 plati
1043 4332 1191 4379 ramore
1212 4314 1345 4392 cambd,

558 4425 624 4486 aut
644 4419 709 4486 ubi
729 4425 880 4485 terrena
901 4420 1031 4486 silices
1050 4421 1208 4502 soruace
1230 4420 1347 4485 satuti

558 4528 781 4611 caucipiuat
806 4529 929 4611 ipuem
956 4526 1193 4611 liquidarum
1216 4528 1414 4610 asperpiue
1435 4548 1632 4612 aquarum,

551 4641 707 4717 pectora
727 4636 783 4701 sic
803 4637 908 4711 iuius
929 4633 1081 4701 alausas
1101 4634 1292 4700 solventia
1312 4633 1493 4715 flammas

556 4747 784 4826 posituraque
803 4747 890 4808 usta
910 4748 1053 4809 eouaut

398 4848 451 4915 rel
473 4846 636 4935 Hauptius
659 4848 793 4914 adnotat
814 4848 999 4915 liberiorem
1023 4852 1218 4915 structuram
1242 4849 1276 4914 in
1294 4849 1396 4916 altero
1415 4850 1563 4934 exemplo
1583 4870 1633 4917 ee-
