<?xml version="1.0" encoding="UTF-8"?>
<!DOCTYPE html PUBLIC "-//W3C//DTD XHTML 1.0 Transitional//EN"
    "http://www.w3.org/TR/xhtml1/DTD/xhtml1-transitional.dtd">
<html xmlns="http://www.w3.org/1999/xhtml" xml:lang="en" lang="en">
 <head>
  <title>
</title>
<meta http-equiv="Content-Type" content="text/html;charset=utf-8" />
  <meta name='ocr-system' content='tesseract 3.04.00' />
  <meta name='ocr-capabilities' content='ocr_page ocr_carea ocr_par ocr_line ocrx_word'/>
</head>
<body>
  <div class='ocr_page' id='page_1' title='image "./iohannisvahleni00vahlgoog/iohannisvahleni00vahlgoog_0066.png"; bbox 0 0 3967 5725; ppageno 0'>
   <div class='ocr_carea' id='block_1_1' title="bbox 348 1782 376 1821">
    <p class='ocr_par' dir='ltr' id='par_1_1' title="bbox 348 1782 376 1821">
     <span class='ocr_line' id='line_1_1' title="bbox 348 1782 376 1821; baseline 0 0"><span class='ocrx_word' id='word_1_1' title='bbox 348 1782 376 1821; x_wconf 76' lang='lat'>10</span> 
     </span>
    </p>
   </div>
   <div class='ocr_carea' id='block_1_2' title="bbox 389 632 1432 697">
    <p class='ocr_par' dir='ltr' id='par_1_2' title="bbox 389 632 1432 697">
     <span class='ocr_line' id='line_1_2' title="bbox 389 632 1432 697; baseline -0.002 -14"><span class='ocrx_word' id='word_1_2' title='bbox 389 632 433 697; x_wconf 72' lang='lat'>55</span> <span class='ocrx_word' id='word_1_3' title='bbox 576 634 715 685; x_wconf 79' lang='lat' dir='ltr'>mvn.</span> <span class='ocrx_word' id='word_1_4' title='bbox 735 634 851 683; x_wconf 74' lang='lat' dir='ltr'>uxum</span> <span class='ocrx_word' id='word_1_5' title='bbox 869 632 1085 683; x_wconf 77' lang='lat' dir='ltr'>ancnouuu</span> <span class='ocrx_word' id='word_1_6' title='bbox 1101 632 1336 683; x_wconf 75' lang='lat' dir='ltr'>nnanuanun</span> <span class='ocrx_word' id='word_1_7' title='bbox 1354 633 1432 683; x_wconf 75' lang='lat' dir='ltr'>rear.</span> 
     </span>
    </p>
   </div>
   <div class='ocr_carea' id='block_1_3' title="bbox 386 792 1630 3872">
    <p class='ocr_par' dir='ltr' id='par_1_3' title="bbox 388 792 1629 986">
     <span class='ocr_line' id='line_1_3' title="bbox 389 792 1629 881; baseline -0.002 -22"><span class='ocrx_word' id='word_1_8' title='bbox 389 797 532 881; x_wconf 81' lang='lat' dir='ltr'>insignes</span> <span class='ocrx_word' id='word_1_9' title='bbox 563 795 650 859; x_wconf 82' lang='lat' dir='ltr'>filios</span> <span class='ocrx_word' id='word_1_10' title='bbox 677 794 828 859; x_wconf 79' lang='lat' dir='ltr'>Herculis</span> <span class='ocrx_word' id='word_1_11' title='bbox 859 816 924 857; x_wconf 88' lang='lat' dir='ltr'>una</span> <span class='ocrx_word' id='word_1_12' title='bbox 956 815 1030 858; x_wconf 88' lang='lat' dir='ltr'>cum</span> <span class='ocrx_word' id='word_1_13' title='bbox 1061 798 1165 857; x_wconf 87' lang='lat' dir='ltr'>matre</span> <span class='ocrx_word' id='word_1_14' title='bbox 1192 798 1226 857; x_wconf 86' lang='lat' dir='ltr'>et</span> <span class='ocrx_word' id='word_1_15' title='bbox 1252 792 1492 877; x_wconf 69' lang='lat' dir='ltr'><strong>Amphitryone</strong></span> <span class='ocrx_word' id='word_1_16' title='bbox 1516 792 1629 857; x_wconf 76' lang='lat' dir='ltr'>ridere</span> 
     </span>
     <span class='ocr_line' id='line_1_4' title="bbox 388 902 685 986; baseline 0 -21"><span class='ocrx_word' id='word_1_17' title='bbox 388 904 602 986; x_wconf 85' lang='lat' dir='ltr'>pronuntiant</span> <span class='ocrx_word' id='word_1_18' title='bbox 617 902 685 965; x_wconf 81' lang='grc'>442</span> 
     </span>
    </p>

    <p class='ocr_par' dir='ltr' id='par_1_4' title="bbox 550 1007 1190 1093">
     <span class='ocr_line' id='line_1_5' title="bbox 550 1007 1190 1093; baseline 0 -22"><span class='ocrx_word' id='word_1_19' title='bbox 550 1007 622 1073; x_wconf 72' lang='grc' dir='ltr'><strong><em>ἀλλ’</em></strong></span> <span class='ocrx_word' id='word_1_20' title='bbox 649 1008 756 1093; x_wconf 80' lang='grc' dir='ltr'><strong><em>ε’σορῶ</em></strong></span> <span class='ocrx_word' id='word_1_21' title='bbox 779 1010 843 1092; x_wconf 84' lang='grc' dir='ltr'>γὰρ</span> <span class='ocrx_word' id='word_1_22' title='bbox 865 1009 988 1072; x_wconf 85' lang='grc' dir='ltr'><strong><em>τούσδε</em></strong></span> <span class='ocrx_word' id='word_1_23' title='bbox 1010 1007 1190 1092; x_wconf 77' lang='grc' dir='ltr'><strong><em>φθιμένων</em></strong></span> 
     </span>
    </p>

    <p class='ocr_par' dir='ltr' id='par_1_5' title="bbox 549 1112 1181 1199">
     <span class='ocr_line' id='line_1_6' title="bbox 549 1112 1181 1199; baseline 0.002 -21"><span class='ocrx_word' id='word_1_24' title='bbox 549 1112 661 1180; x_wconf 78' lang='grc' dir='ltr'><strong><em>ἔνδυτ’</em></strong></span> <span class='ocrx_word' id='word_1_25' title='bbox 688 1112 826 1199; x_wconf 73' lang='grc' dir='ltr'><strong><em>ἔχοντας</em></strong></span> <span class='ocrx_word' id='word_1_26' title='bbox 846 1118 927 1191; x_wconf 83' lang='grc' dir='ltr'><strong><em>τοὺς</em></strong></span> <span class='ocrx_word' id='word_1_27' title='bbox 948 1124 1011 1179; x_wconf 87' lang='grc' dir='ltr'>τοῦ</span> <span class='ocrx_word' id='word_1_28' title='bbox 1032 1116 1181 1197; x_wconf 68' lang='grc' dir='ltr'><strong><em>μεγάλου</em></strong></span> 
     </span>
    </p>

    <p class='ocr_par' dir='ltr' id='par_1_6' title="bbox 550 1219 1237 1305">
     <span class='ocr_line' id='line_1_7' title="bbox 550 1219 1237 1305; baseline -0.001 -19"><span class='ocrx_word' id='word_1_29' title='bbox 550 1224 594 1305; x_wconf 84' lang='grc' dir='ltr'>δή</span> <span class='ocrx_word' id='word_1_30' title='bbox 614 1245 695 1286; x_wconf 77' lang='grc' dir='ltr'><strong><em>ποτε</em></strong></span> <span class='ocrx_word' id='word_1_31' title='bbox 716 1224 838 1297; x_wconf 74' lang='grc' dir='ltr'><strong><em>παῖδας</em></strong></span> <span class='ocrx_word' id='word_1_32' title='bbox 859 1223 897 1285; x_wconf 85' lang='grc' dir='ltr'>τὸ</span> <span class='ocrx_word' id='word_1_33' title='bbox 920 1220 1003 1304; x_wconf 73' lang='grc' dir='ltr'><strong><em>πρὶν</em></strong></span> <span class='ocrx_word' id='word_1_34' title='bbox 1020 1219 1237 1303; x_wconf 75' lang='grc' dir='ltr'><strong><em>Ἡρακλέους,</em></strong></span> 
     </span>
    </p>

    <p class='ocr_par' dir='ltr' id='par_1_7' title="bbox 549 1330 1117 1412">
     <span class='ocr_line' id='line_1_8' title="bbox 549 1330 1117 1412; baseline 0 -21"><span class='ocrx_word' id='word_1_35' title='bbox 549 1330 672 1411; x_wconf 78' lang='grc' dir='ltr'><strong><em>ἄλοχόν</em></strong></span> <span class='ocrx_word' id='word_1_36' title='bbox 693 1352 729 1393; x_wconf 88' lang='grc' dir='ltr'>τε</span> <span class='ocrx_word' id='word_1_37' title='bbox 752 1331 858 1411; x_wconf 81' lang='grc' dir='ltr'><em>φίλην</em></span> <span class='ocrx_word' id='word_1_38' title='bbox 879 1330 1117 1412; x_wconf 76' lang='grc' dir='ltr'><strong><em>ὑποσειραίους</em></strong></span> 
     </span>
    </p>

    <p class='ocr_par' dir='ltr' id='par_1_8' title="bbox 550 1433 1197 1518">
     <span class='ocr_line' id='line_1_9' title="bbox 550 1433 1197 1518; baseline -0.002 -19"><span class='ocrx_word' id='word_1_39' title='bbox 550 1434 653 1501; x_wconf 77' lang='grc' dir='ltr'><strong><em>ποσὶν</em></strong></span> <span class='ocrx_word' id='word_1_40' title='bbox 675 1436 839 1500; x_wconf 73' lang='grc' dir='ltr'><strong><em>ἕλκουσαν</em></strong></span> <span class='ocrx_word' id='word_1_41' title='bbox 860 1436 959 1499; x_wconf 78' lang='grc' dir='ltr'><strong><em>τέκνα</em></strong></span> <span class='ocrx_word' id='word_1_42' title='bbox 981 1433 1039 1498; x_wconf 79' lang='grc' dir='ltr'>καὶ</span> <span class='ocrx_word' id='word_1_43' title='bbox 1061 1435 1197 1518; x_wconf 74' lang='grc' dir='ltr'><strong><em>γεραιὸν</em></strong></span> 
     </span>
    </p>

    <p class='ocr_par' dir='ltr' id='par_1_9' title="bbox 387 1540 1630 2374">
     <span class='ocr_line' id='line_1_10' title="bbox 550 1540 905 1625; baseline -0.003 -18"><span class='ocrx_word' id='word_1_44' title='bbox 550 1542 663 1625; x_wconf 76' lang='grc' dir='ltr'><strong><em>πατέρ’</em></strong></span> <span class='ocrx_word' id='word_1_45' title='bbox 687 1540 905 1625; x_wconf 89' lang='grc' dir='ltr'><strong><em>Ἡρακλέους,</em></strong></span> 
     </span>
     <span class='ocr_line' id='line_1_11' title="bbox 388 1648 1625 1734; baseline -0.001 -22"><span class='ocrx_word' id='word_1_46' title='bbox 388 1650 436 1713; x_wconf 87' lang='lat' dir='ltr'>ita</span> <span class='ocrx_word' id='word_1_47' title='bbox 462 1649 596 1713; x_wconf 89' lang='lat' dir='ltr'>dubium</span> <span class='ocrx_word' id='word_1_48' title='bbox 625 1671 695 1712; x_wconf 67' lang='lat' dir='ltr'>acac</span> <span class='ocrx_word' id='word_1_49' title='bbox 720 1672 787 1713; x_wconf 93' lang='lat' dir='ltr'>non</span> <span class='ocrx_word' id='word_1_50' title='bbox 814 1653 936 1732; x_wconf 83' lang='lat' dir='ltr'>potest,</span> <span class='ocrx_word' id='word_1_51' title='bbox 964 1650 1044 1731; x_wconf 92' lang='lat' dir='ltr'>quin</span> <span class='ocrx_word' id='word_1_52' title='bbox 1065 1648 1213 1734; x_wconf 79' lang='lat' dir='ltr'>Megara,</span> <span class='ocrx_word' id='word_1_53' title='bbox 1239 1669 1313 1712; x_wconf 87' lang='lat' dir='ltr'>curn</span> <span class='ocrx_word' id='word_1_54' title='bbox 1338 1650 1386 1712; x_wconf 88' lang='lat' dir='ltr'>ita</span> <span class='ocrx_word' id='word_1_55' title='bbox 1411 1650 1487 1713; x_wconf 88' lang='lat' dir='ltr'>infit</span> <span class='ocrx_word' id='word_1_56' title='bbox 1511 1671 1541 1713; x_wconf 84' lang='lat' dir='ltr'>v.</span> <span class='ocrx_word' id='word_1_57' title='bbox 1558 1650 1625 1713; x_wconf 74' lang='lat'>451</span> 
     </span>
     <span class='ocr_line' id='line_1_12' title="bbox 389 1750 1629 1840; baseline 0 -21"><span class='ocrx_word' id='word_1_58' title='bbox 389 1750 469 1821; x_wconf 80' lang='grc' dir='ltr'><strong><em>εἷεν·</em></strong></span> <span class='ocrx_word' id='word_1_59' title='bbox 499 1759 551 1832; x_wconf 83' lang='grc' dir='ltr'>τίς</span> <span class='ocrx_word' id='word_1_60' title='bbox 578 1758 700 1840; x_wconf 75' lang='grc' dir='ltr'><strong><em>ἱερεύς,</em></strong></span> <span class='ocrx_word' id='word_1_61' title='bbox 731 1760 783 1833; x_wconf 85' lang='grc' dir='ltr'>τίς</span> <span class='ocrx_word' id='word_1_62' title='bbox 809 1759 958 1840; x_wconf 79' lang='grc' dir='ltr'><strong><em>σφαγεὺς</em></strong></span> <span class='ocrx_word' id='word_1_63' title='bbox 984 1766 1054 1819; x_wconf 82' lang='grc' dir='ltr'><strong><em>τῶν</em></strong></span> <span class='ocrx_word' id='word_1_64' title='bbox 1081 1756 1296 1839; x_wconf 83' lang='grc' dir='ltr'><strong><em>δυσκότμων;</em></strong></span> <span class='ocrx_word' id='word_1_65' title='bbox 1326 1752 1430 1836; x_wconf 79' lang='grc' dir='ltr'><strong><em>ἕτοιμ’</em></strong></span> <span class='ocrx_word' id='word_1_66' title='bbox 1462 1756 1560 1837; x_wconf 74' lang='grc' dir='ltr'><strong><em>ἄγειν</em></strong></span> <span class='ocrx_word' id='word_1_67' title='bbox 1585 1757 1629 1819; x_wconf 79' lang='grc' dir='ltr'>τὰ</span> 
     </span>
     <span class='ocr_line' id='line_1_13' title="bbox 387 1860 1628 1949; baseline -0.002 -21"><span class='ocrx_word' id='word_1_68' title='bbox 387 1862 510 1945; x_wconf 83' lang='grc' dir='ltr'><strong><em>θύματ’</em></strong></span> <span class='ocrx_word' id='word_1_69' title='bbox 541 1866 590 1939; x_wconf 83' lang='grc' dir='ltr'>εἰς</span> <span class='ocrx_word' id='word_1_70' title='bbox 608 1860 743 1945; x_wconf 79' lang='grc' dir='ltr'><strong><em>Ἅιδου,</em></strong></span> <span class='ocrx_word' id='word_1_71' title='bbox 770 1863 915 1948; x_wconf 84' lang='lat' dir='ltr'>perfecto</span> <span class='ocrx_word' id='word_1_72' title='bbox 939 1862 1063 1926; x_wconf 84' lang='lat' dir='ltr'>scilicet</span> <span class='ocrx_word' id='word_1_73' title='bbox 1085 1862 1202 1927; x_wconf 88' lang='lat' dir='ltr'>acerbo</span> <span class='ocrx_word' id='word_1_74' title='bbox 1225 1862 1361 1926; x_wconf 85' lang='lat' dir='ltr'>ornandi</span> <span class='ocrx_word' id='word_1_75' title='bbox 1382 1863 1518 1949; x_wconf 82' lang='lat' dir='ltr'>negotio</span> <span class='ocrx_word' id='word_1_76' title='bbox 1539 1862 1628 1926; x_wconf 76' lang='lat' dir='ltr'>filios</span> 
     </span>
     <span class='ocr_line' id='line_1_14' title="bbox 388 1968 1629 2054; baseline 0.001 -21"><span class='ocrx_word' id='word_1_77' title='bbox 388 1973 425 2033; x_wconf 91' lang='lat' dir='ltr'>ut</span> <span class='ocrx_word' id='word_1_78' title='bbox 447 1970 583 2053; x_wconf 84' lang='grc' dir='ltr'><strong><em>θύματα</em></strong></span> <span class='ocrx_word' id='word_1_79' title='bbox 603 1976 735 2054; x_wconf 76' lang='lat' dir='ltr'>paratos</span> <span class='ocrx_word' id='word_1_80' title='bbox 758 1970 868 2035; x_wconf 74' lang='lat' dir='ltr'>adesse</span> <span class='ocrx_word' id='word_1_81' title='bbox 891 1974 925 2033; x_wconf 91' lang='lat' dir='ltr'>et</span> <span class='ocrx_word' id='word_1_82' title='bbox 947 1974 1159 2034; x_wconf 88' lang='lat' dir='ltr'>mactatorem</span> <span class='ocrx_word' id='word_1_83' title='bbox 1176 1973 1362 2052; x_wconf 76' lang='lat' dir='ltr'>exspectare</span> <span class='ocrx_word' id='word_1_84' title='bbox 1380 1969 1475 2033; x_wconf 87' lang='lat' dir='ltr'>dicat</span> <span class='ocrx_word' id='word_1_85' title='bbox 1510 1968 1629 2053; x_wconf 85' lang='lat' dir='ltr'>Neque</span> 
     </span>
     <span class='ocr_line' id='line_1_15' title="bbox 387 2076 1629 2163; baseline -0.001 -22"><span class='ocrx_word' id='word_1_86' title='bbox 387 2098 479 2141; x_wconf 78' lang='lat' dir='ltr'>secus</span> <span class='ocrx_word' id='word_1_87' title='bbox 502 2078 537 2141; x_wconf 92' lang='lat' dir='ltr'>in</span> <span class='ocrx_word' id='word_1_88' title='bbox 559 2078 670 2141; x_wconf 87' lang='lat' dir='ltr'>eadem</span> <span class='ocrx_word' id='word_1_89' title='bbox 694 2078 788 2161; x_wconf 73' lang='grc' dir='ltr'><strong><em>ῥήσει</em></strong></span> <span class='ocrx_word' id='word_1_90' title='bbox 811 2077 898 2141; x_wconf 81' lang='lat' dir='ltr'>filios</span> <span class='ocrx_word' id='word_1_91' title='bbox 920 2080 1048 2142; x_wconf 89' lang='lat' dir='ltr'>tantum</span> <span class='ocrx_word' id='word_1_92' title='bbox 1071 2078 1195 2163; x_wconf 79' lang='lat' dir='ltr'>cogitat</span> <span class='ocrx_word' id='word_1_93' title='bbox 1217 2098 1291 2141; x_wconf 90' lang='lat' dir='ltr'>curn</span> <span class='ocrx_word' id='word_1_94' title='bbox 1309 2077 1345 2140; x_wconf 94' lang='lat' dir='ltr'>in</span> <span class='ocrx_word' id='word_1_95' title='bbox 1361 2076 1510 2141; x_wconf 74' lang='lat' dir='ltr'>versibus</span> <span class='ocrx_word' id='word_1_96' title='bbox 1527 2099 1629 2161; x_wconf 84' lang='lat' dir='ltr'>supra</span> 
     </span>
     <span class='ocr_line' id='line_1_16' title="bbox 387 2182 1630 2269; baseline 0.001 -23"><span class='ocrx_word' id='word_1_97' title='bbox 387 2182 494 2247; x_wconf 80' lang='lat' dir='ltr'>allatis</span> <span class='ocrx_word' id='word_1_98' title='bbox 521 2184 664 2269; x_wconf 78' lang='lat' dir='ltr'><strong>456sq.‚</strong></span> <span class='ocrx_word' id='word_1_99' title='bbox 691 2190 762 2248; x_wconf 86' lang='lat' dir='ltr'>turn</span> <span class='ocrx_word' id='word_1_100' title='bbox 789 2206 902 2248; x_wconf 80' lang='lat' dir='ltr'>rursus</span> <span class='ocrx_word' id='word_1_101' title='bbox 930 2206 1005 2259; x_wconf 84' lang='lat' dir='ltr'>curn</span> <span class='ocrx_word' id='word_1_102' title='bbox 1031 2189 1159 2267; x_wconf 80' lang='lat' dir='ltr'>sperata</span> <span class='ocrx_word' id='word_1_103' title='bbox 1185 2205 1244 2247; x_wconf 77' lang='lat' dir='ltr'>aua</span> <span class='ocrx_word' id='word_1_104' title='bbox 1271 2184 1380 2247; x_wconf 91' lang='lat' dir='ltr'>omnia</span> <span class='ocrx_word' id='word_1_105' title='bbox 1405 2184 1510 2247; x_wconf 87' lang='lat' dir='ltr'>fracta</span> <span class='ocrx_word' id='word_1_106' title='bbox 1535 2185 1630 2247; x_wconf 88' lang='lat' dir='ltr'>etin</span> 
     </span>
     <span class='ocr_line' id='line_1_17' title="bbox 388 2289 976 2374; baseline 0.002 -21"><span class='ocrx_word' id='word_1_107' title='bbox 388 2311 507 2355; x_wconf 81' lang='lat' dir='ltr'>vanum</span> <span class='ocrx_word' id='word_1_108' title='bbox 529 2289 619 2374; x_wconf 86' lang='lat' dir='ltr'>lapsa</span> <span class='ocrx_word' id='word_1_109' title='bbox 642 2292 839 2355; x_wconf 74' lang='lat' dir='ltr'>lamentatur</span> <span class='ocrx_word' id='word_1_110' title='bbox 860 2314 889 2355; x_wconf 80' lang='lat' dir='ltr'>v.</span> <span class='ocrx_word' id='word_1_111' title='bbox 908 2290 976 2354; x_wconf 82' lang='lat'>480</span> 
     </span>
    </p>

    <p class='ocr_par' dir='ltr' id='par_1_10' title="bbox 548 2396 1366 2483">
     <span class='ocr_line' id='line_1_18' title="bbox 548 2396 1366 2483; baseline -0.001 -21"><span class='ocrx_word' id='word_1_112' title='bbox 548 2397 604 2462; x_wconf 82' lang='grc' dir='ltr'>καὶ</span> <span class='ocrx_word' id='word_1_113' title='bbox 626 2408 731 2463; x_wconf 78' lang='grc' dir='ltr'><strong><em>ταῦτα</em></strong></span> <span class='ocrx_word' id='word_1_114' title='bbox 754 2400 902 2483; x_wconf 83' lang='grc' dir='ltr'><strong><em>φροῦδα·</em></strong></span> <span class='ocrx_word' id='word_1_115' title='bbox 925 2402 1160 2481; x_wconf 76' lang='grc' dir='ltr'><strong><em>μεταβαλοῦσα</em></strong></span> <span class='ocrx_word' id='word_1_116' title='bbox 1182 2396 1212 2462; x_wconf 88' lang='grc' dir='ltr'><strong><em>δ’</em></strong></span> <span class='ocrx_word' id='word_1_117' title='bbox 1238 2398 1260 2481; x_wconf 81' lang='grc' dir='ltr'><em>ἡ</em></span> <span class='ocrx_word' id='word_1_118' title='bbox 1282 2399 1366 2482; x_wconf 77' lang='grc' dir='ltr'><strong><em>τύχη</em></strong></span> 
     </span>
    </p>

    <p class='ocr_par' dir='ltr' id='par_1_11' title="bbox 548 2502 1322 2589">
     <span class='ocr_line' id='line_1_19' title="bbox 548 2502 1322 2589; baseline 0 -20"><span class='ocrx_word' id='word_1_119' title='bbox 548 2506 683 2589; x_wconf 80' lang='grc' dir='ltr'><strong><em>νύμφας</em></strong></span> <span class='ocrx_word' id='word_1_120' title='bbox 706 2502 768 2589; x_wconf 75' lang='grc' dir='ltr'>μὲν</span> <span class='ocrx_word' id='word_1_121' title='bbox 790 2505 874 2587; x_wconf 83' lang='grc' dir='ltr'><strong><em>ὑμῖν</em></strong></span> <span class='ocrx_word' id='word_1_122' title='bbox 895 2508 1013 2589; x_wconf 79' lang='grc' dir='ltr'><strong><em>Κῆρας</em></strong></span> <span class='ocrx_word' id='word_1_123' title='bbox 1034 2504 1192 2569; x_wconf 76' lang='grc' dir='ltr'><strong><em>ἀντέδωκ’</em></strong></span> <span class='ocrx_word' id='word_1_124' title='bbox 1217 2502 1322 2589; x_wconf 80' lang='grc' dir='ltr'><strong><em>ἔχειν,</em></strong></span> 
     </span>
    </p>

    <p class='ocr_par' dir='ltr' id='par_1_12' title="bbox 548 2608 1320 2699">
     <span class='ocr_line' id='line_1_20' title="bbox 548 2608 1320 2699; baseline 0 -23"><span class='ocrx_word' id='word_1_125' title='bbox 548 2610 622 2693; x_wconf 77' lang='grc' dir='ltr'><strong><em>ἐμοὶ</em></strong></span> <span class='ocrx_word' id='word_1_126' title='bbox 645 2608 682 2676; x_wconf 73' lang='grc' dir='ltr'>δὲ</span> <span class='ocrx_word' id='word_1_127' title='bbox 706 2612 836 2696; x_wconf 80' lang='grc' dir='ltr'><strong><em>δάκρυα</em></strong></span> <span class='ocrx_word' id='word_1_128' title='bbox 860 2614 988 2694; x_wconf 84' lang='grc' dir='ltr'><strong><em>λουτρὰ</em></strong></span> <span class='ocrx_word' id='word_1_129' title='bbox 1009 2614 1164 2699; x_wconf 75' lang='grc' dir='ltr'><strong><em>δυστήνῳ</em></strong></span> <span class='ocrx_word' id='word_1_130' title='bbox 1187 2611 1320 2696; x_wconf 82' lang='grc' dir='ltr'><strong><em>φέρειν·</em></strong></span> 
     </span>
    </p>

    <p class='ocr_par' dir='ltr' id='par_1_13' title="bbox 548 2716 1226 2804">
     <span class='ocr_line' id='line_1_21' title="bbox 548 2716 1226 2804; baseline 0 -21"><span class='ocrx_word' id='word_1_131' title='bbox 548 2720 657 2803; x_wconf 71' lang='grc' dir='ltr'><strong><em>πατὴρ</em></strong></span> <span class='ocrx_word' id='word_1_132' title='bbox 680 2716 717 2783; x_wconf 77' lang='grc' dir='ltr'>δὲ</span> <span class='ocrx_word' id='word_1_133' title='bbox 739 2721 865 2802; x_wconf 78' lang='grc' dir='ltr'><strong><em>πατρὸς</em></strong></span> <span class='ocrx_word' id='word_1_134' title='bbox 887 2716 980 2804; x_wconf 79' lang='grc' dir='ltr'><strong><em>ἑστιᾷ</em></strong></span> <span class='ocrx_word' id='word_1_135' title='bbox 1004 2720 1132 2802; x_wconf 82' lang='grc' dir='ltr'><strong><em>γάμους</em></strong></span> <span class='ocrx_word' id='word_1_136' title='bbox 1154 2719 1226 2802; x_wconf 86' lang='grc' dir='ltr'><strong><em>όδε,</em></strong></span> 
     </span>
    </p>

    <p class='ocr_par' dir='ltr' id='par_1_14' title="bbox 386 2822 1630 3551">
     <span class='ocr_line' id='line_1_22' title="bbox 542 2822 1036 2912; baseline 0 -22"><span class='ocrx_word' id='word_1_137' title='bbox 542 2822 662 2908; x_wconf 73' lang='grc' dir='ltr'><strong><em>Ἀιδην</em></strong></span> <span class='ocrx_word' id='word_1_138' title='bbox 685 2829 828 2908; x_wconf 82' lang='grc' dir='ltr'><strong><em>νομίζων</em></strong></span> <span class='ocrx_word' id='word_1_139' title='bbox 850 2829 1036 2912; x_wconf 76' lang='grc' dir='ltr'><strong><em>πενθερόν,</em></strong></span> 
     </span>
     <span class='ocr_line' id='line_1_23' title="bbox 389 2934 1629 3018; baseline 0.002 -21"><span class='ocrx_word' id='word_1_140' title='bbox 389 2955 471 3017; x_wconf 86' lang='lat' dir='ltr'>quae</span> <span class='ocrx_word' id='word_1_141' title='bbox 494 2937 597 2998; x_wconf 87' lang='lat' dir='ltr'>mater</span> <span class='ocrx_word' id='word_1_142' title='bbox 619 2934 725 2998; x_wconf 87' lang='lat' dir='ltr'>dicere</span> <span class='ocrx_word' id='word_1_143' title='bbox 747 2935 876 2998; x_wconf 81' lang='lat' dir='ltr'>videtur</span> <span class='ocrx_word' id='word_1_144' title='bbox 897 2957 965 2999; x_wconf 93' lang='lat' dir='ltr'>non</span> <span class='ocrx_word' id='word_1_145' title='bbox 988 2955 1071 3017; x_wconf 90' lang='lat' dir='ltr'>quae</span> <span class='ocrx_word' id='word_1_146' title='bbox 1089 2935 1200 2998; x_wconf 86' lang='lat' dir='ltr'>statim</span> <span class='ocrx_word' id='word_1_147' title='bbox 1218 2934 1290 3018; x_wconf 86' lang='lat' dir='ltr'>ipsa</span> <span class='ocrx_word' id='word_1_148' title='bbox 1307 2934 1406 2999; x_wconf 85' lang='lat' dir='ltr'>simul</span> <span class='ocrx_word' id='word_1_149' title='bbox 1424 2956 1498 2999; x_wconf 90' lang='lat' dir='ltr'>cum</span> <span class='ocrx_word' id='word_1_150' title='bbox 1514 2935 1629 2999; x_wconf 85' lang='lat' dir='ltr'>liberie</span> 
     </span>
     <span class='ocr_line' id='line_1_24' title="bbox 391 3041 1630 3126; baseline 0.002 -23"><span class='ocrx_word' id='word_1_151' title='bbox 391 3041 563 3104; x_wconf 86' lang='lat' dir='ltr'>interitura</span> <span class='ocrx_word' id='word_1_152' title='bbox 589 3045 652 3124; x_wconf 85' lang='lat' dir='ltr'>est,</span> <span class='ocrx_word' id='word_1_153' title='bbox 679 3041 736 3105; x_wconf 83' lang='lat' dir='ltr'>sed</span> <span class='ocrx_word' id='word_1_154' title='bbox 764 3063 845 3124; x_wconf 86' lang='lat' dir='ltr'>quae</span> <span class='ocrx_word' id='word_1_155' title='bbox 867 3041 1011 3106; x_wconf 88' lang='lat' dir='ltr'>filiorum</span> <span class='ocrx_word' id='word_1_156' title='bbox 1034 3046 1155 3105; x_wconf 79' lang='lat' dir='ltr'>cortem</span> <span class='ocrx_word' id='word_1_157' title='bbox 1178 3042 1236 3124; x_wconf 91' lang='lat' dir='ltr'>qui</span> <span class='ocrx_word' id='word_1_158' title='bbox 1258 3042 1299 3104; x_wconf 90' lang='lat' dir='ltr'>ad</span> <span class='ocrx_word' id='word_1_159' title='bbox 1320 3063 1433 3105; x_wconf 86' lang='lat' dir='ltr'>necem</span> <span class='ocrx_word' id='word_1_160' title='bbox 1455 3042 1630 3126; x_wconf 89' lang='lat' dir='ltr'>rapiuntur</span> 
     </span>
     <span class='ocr_line' id='line_1_25' title="bbox 386 3146 1628 3233; baseline 0.002 -23"><span class='ocrx_word' id='word_1_161' title='bbox 386 3147 541 3231; x_wconf 83' lang='lat' dir='ltr'>deplorat</span> <span class='ocrx_word' id='word_1_162' title='bbox 579 3146 670 3224; x_wconf 86' lang='lat' dir='ltr'>Quae</span> <span class='ocrx_word' id='word_1_163' title='bbox 694 3149 750 3231; x_wconf 91' lang='lat' dir='ltr'>qui</span> <span class='ocrx_word' id='word_1_164' title='bbox 775 3147 1035 3231; x_wconf 79' lang='lat' dir='ltr'>consideraverit,</span> <span class='ocrx_word' id='word_1_165' title='bbox 1057 3148 1221 3233; x_wconf 72' lang='lat' dir='ltr'><strong>intelliget</strong></span> <span class='ocrx_word' id='word_1_166' title='bbox 1237 3151 1368 3212; x_wconf 80' lang='lat' dir='ltr'>nostrae</span> <span class='ocrx_word' id='word_1_167' title='bbox 1384 3170 1497 3212; x_wconf 78' lang='lat' dir='ltr'>versus</span> <span class='ocrx_word' id='word_1_168' title='bbox 1514 3149 1628 3214; x_wconf 88' lang='lat' dir='ltr'>reiecti</span> 
     </span>
     <span class='ocr_line' id='line_1_26' title="bbox 387 3253 1628 3341; baseline 0 -22"><span class='ocrx_word' id='word_1_169' title='bbox 387 3256 649 3339; x_wconf 72' lang='lat' dir='ltr'>interpretationi</span> <span class='ocrx_word' id='word_1_170' title='bbox 668 3253 749 3318; x_wconf 93' lang='lat' dir='ltr'>illud</span> <span class='ocrx_word' id='word_1_171' title='bbox 767 3276 832 3318; x_wconf 92' lang='lat' dir='ltr'>non</span> <span class='ocrx_word' id='word_1_172' title='bbox 852 3255 916 3319; x_wconf 86' lang='lat' dir='ltr'>iam</span> <span class='ocrx_word' id='word_1_173' title='bbox 934 3253 1048 3318; x_wconf 77' lang='lat' dir='ltr'>obesse</span> <span class='ocrx_word' id='word_1_174' title='bbox 1067 3254 1154 3337; x_wconf 86' lang='lat' dir='ltr'>qnod</span> <span class='ocrx_word' id='word_1_175' title='bbox 1171 3254 1322 3341; x_wconf 81' lang='lat' dir='ltr'>Megarac</span> <span class='ocrx_word' id='word_1_176' title='bbox 1338 3277 1404 3319; x_wconf 93' lang='lat' dir='ltr'>una</span> <span class='ocrx_word' id='word_1_177' title='bbox 1422 3276 1496 3319; x_wconf 87' lang='lat' dir='ltr'>oum</span> <span class='ocrx_word' id='word_1_178' title='bbox 1513 3255 1628 3319; x_wconf 82' lang='lat' dir='ltr'>liberie</span> 
     </span>
     <span class='ocr_line' id='line_1_27' title="bbox 387 3359 1627 3447; baseline 0.002 -22"><span class='ocrx_word' id='word_1_179' title='bbox 387 3362 591 3427; x_wconf 88' lang='lat' dir='ltr'>moriendum</span> <span class='ocrx_word' id='word_1_180' title='bbox 610 3367 673 3445; x_wconf 68' lang='grc' dir='ltr'>ού,</span> <span class='ocrx_word' id='word_1_181' title='bbox 691 3383 729 3426; x_wconf 92' lang='lat' dir='ltr'>ac</span> <span class='ocrx_word' id='word_1_182' title='bbox 746 3361 842 3425; x_wconf 86' lang='lat' dir='ltr'>nobis</span> <span class='ocrx_word' id='word_1_183' title='bbox 861 3359 991 3443; x_wconf 85' lang='lat' dir='ltr'>quidem</span> <span class='ocrx_word' id='word_1_184' title='bbox 1009 3367 1108 3444; x_wconf 84' lang='lat' dir='ltr'>poeta</span> <span class='ocrx_word' id='word_1_185' title='bbox 1124 3361 1303 3426; x_wconf 80' lang='lat' dir='ltr'>laudandus</span> <span class='ocrx_word' id='word_1_186' title='bbox 1321 3362 1458 3447; x_wconf 82' lang='lat' dir='ltr'>videtur,</span> <span class='ocrx_word' id='word_1_187' title='bbox 1476 3365 1534 3447; x_wconf 89' lang='lat' dir='ltr'>qui</span> <span class='ocrx_word' id='word_1_188' title='bbox 1552 3385 1627 3427; x_wconf 91' lang='lat' dir='ltr'>cum</span> 
     </span>
     <span class='ocr_line' id='line_1_28' title="bbox 387 3468 792 3551; baseline 0 -19"><span class='ocrx_word' id='word_1_189' title='bbox 387 3470 436 3534; x_wconf 88' lang='lat' dir='ltr'>ita</span> <span class='ocrx_word' id='word_1_190' title='bbox 456 3468 643 3551; x_wconf 83' lang='lat' dir='ltr'>loquentem</span> <span class='ocrx_word' id='word_1_191' title='bbox 667 3468 792 3532; x_wconf 80' lang='lat' dir='ltr'>inducit</span> 
     </span>
    </p>

    <p class='ocr_par' dir='ltr' id='par_1_15' title="bbox 548 3567 1419 3660">
     <span class='ocr_line' id='line_1_29' title="bbox 548 3567 1419 3660; baseline 0.002 -22"><span class='ocrx_word' id='word_1_192' title='bbox 548 3567 630 3639; x_wconf 82' lang='grc' dir='ltr'><strong><em>εἷεν·</em></strong></span> <span class='ocrx_word' id='word_1_193' title='bbox 652 3576 703 3649; x_wconf 83' lang='grc' dir='ltr'>τίς</span> <span class='ocrx_word' id='word_1_194' title='bbox 726 3575 848 3657; x_wconf 76' lang='grc' dir='ltr'><strong><em>ἱερεύς,</em></strong></span> <span class='ocrx_word' id='word_1_195' title='bbox 869 3576 920 3650; x_wconf 85' lang='grc' dir='ltr'>τίς</span> <span class='ocrx_word' id='word_1_196' title='bbox 942 3579 1093 3658; x_wconf 80' lang='grc' dir='ltr'><strong><em>σφαγεὺς</em></strong></span> <span class='ocrx_word' id='word_1_197' title='bbox 1113 3587 1182 3640; x_wconf 82' lang='grc' dir='ltr'><strong><em>τῶν</em></strong></span> <span class='ocrx_word' id='word_1_198' title='bbox 1205 3578 1419 3660; x_wconf 71' lang='grc' dir='ltr'><strong><em>δυσπότμων,</em></strong></span> 
     </span>
    </p>

    <p class='ocr_par' dir='ltr' id='par_1_16' title="bbox 548 3682 1304 3766">
     <span class='ocr_line' id='line_1_30' title="bbox 548 3682 1304 3766; baseline 0.003 -22"><span class='ocrx_word' id='word_1_199' title='bbox 548 3682 568 3764; x_wconf 80' lang='grc' dir='ltr'>ἢ</span> <span class='ocrx_word' id='word_1_200' title='bbox 591 3692 649 3764; x_wconf 81' lang='grc' dir='ltr'>τῆς</span> <span class='ocrx_word' id='word_1_201' title='bbox 671 3683 829 3764; x_wconf 73' lang='grc' dir='ltr'><strong><em>ταλαίνης</em></strong></span> <span class='ocrx_word' id='word_1_202' title='bbox 851 3693 909 3764; x_wconf 82' lang='grc' dir='ltr'>τῆς</span> <span class='ocrx_word' id='word_1_203' title='bbox 932 3682 1011 3766; x_wconf 81' lang='grc' dir='ltr'><strong><em>ἐμῆς</em></strong></span> <span class='ocrx_word' id='word_1_204' title='bbox 1034 3693 1141 3766; x_wconf 66' lang='grc' dir='ltr'><strong><em>ψυχῆς</em></strong></span> <span class='ocrx_word' id='word_1_205' title='bbox 1163 3683 1304 3765; x_wconf 73' lang='grc' dir='ltr'><strong><em>φονεύς,</em></strong></span> 
     </span>
    </p>

    <p class='ocr_par' dir='ltr' id='par_1_17' title="bbox 548 3787 1312 3872">
     <span class='ocr_line' id='line_1_31' title="bbox 548 3787 1312 3872; baseline 0.003 -20"><span class='ocrx_word' id='word_1_206' title='bbox 548 3787 651 3869; x_wconf 79' lang='grc' dir='ltr'><strong><em>ἕτοιμ’</em></strong></span> <span class='ocrx_word' id='word_1_207' title='bbox 678 3789 773 3870; x_wconf 77' lang='grc' dir='ltr'><strong><em>ἄγειν</em></strong></span> <span class='ocrx_word' id='word_1_208' title='bbox 796 3789 837 3852; x_wconf 79' lang='grc' dir='ltr'>τὰ</span> <span class='ocrx_word' id='word_1_209' title='bbox 860 3788 990 3872; x_wconf 80' lang='grc' dir='ltr'><strong><em>θύματ’</em></strong></span> <span class='ocrx_word' id='word_1_210' title='bbox 1011 3791 1060 3865; x_wconf 82' lang='grc' dir='ltr'><strong><em>ελς</em></strong></span> <span class='ocrx_word' id='word_1_211' title='bbox 1074 3787 1193 3854; x_wconf 79' lang='grc' dir='ltr'><strong><em>’Ἅιδου</em></strong></span> <span class='ocrx_word' id='word_1_212' title='bbox 1216 3790 1312 3871; x_wconf 78' lang='grc' dir='ltr'><strong><em>τάδε,</em></strong></span> 
     </span>
    </p>
   </div>
   <div class='ocr_carea' id='block_1_4' title="bbox 346 3895 1627 3980">
    <p class='ocr_par' dir='ltr' id='par_1_18' title="bbox 346 3895 1627 3980">
     <span class='ocr_line' id='line_1_32' title="bbox 346 3895 1627 3980; baseline -0.001 -18"><span class='ocrx_word' id='word_1_213' title='bbox 346 3921 375 3962; x_wconf 77' lang='lat' dir='ltr'>ao</span> <span class='ocrx_word' id='word_1_214' title='bbox 388 3900 523 3960; x_wconf 80' lang='lat' dir='ltr'>matrem</span> <span class='ocrx_word' id='word_1_215' title='bbox 548 3895 707 3980; x_wconf 84' lang='lat' dir='ltr'>depingit,</span> <span class='ocrx_word' id='word_1_216' title='bbox 731 3917 813 3979; x_wconf 89' lang='lat' dir='ltr'>quae</span> <span class='ocrx_word' id='word_1_217' title='bbox 836 3897 886 3960; x_wconf 82' lang='lat' dir='ltr'>eui</span> <span class='ocrx_word' id='word_1_218' title='bbox 910 3897 1007 3980; x_wconf 88' lang='lat' dir='ltr'>plane</span> <span class='ocrx_word' id='word_1_219' title='bbox 1029 3897 1223 3960; x_wconf 76' lang='lat' dir='ltr'>obliviscens</span> <span class='ocrx_word' id='word_1_220' title='bbox 1245 3895 1390 3960; x_wconf 84' lang='lat' dir='ltr'>liliorum</span> <span class='ocrx_word' id='word_1_221' title='bbox 1411 3901 1539 3961; x_wconf 83' lang='lat' dir='ltr'>tantum</span> <span class='ocrx_word' id='word_1_222' title='bbox 1558 3920 1627 3962; x_wconf 83' lang='lat' dir='ltr'>sor-</span> 
     </span>
    </p>
   </div>
   <div class='ocr_carea' id='block_1_5' title="bbox 387 4001 1631 4518">
    <p class='ocr_par' dir='ltr' id='par_1_19' title="bbox 387 4001 1631 4518">
     <span class='ocr_line' id='line_1_33' title="bbox 388 4001 1627 4089; baseline 0.002 -23"><span class='ocrx_word' id='word_1_223' title='bbox 388 4007 454 4066; x_wconf 83' lang='lat' dir='ltr'>tem</span> <span class='ocrx_word' id='word_1_224' title='bbox 475 4007 606 4086; x_wconf 89' lang='lat' dir='ltr'>reputat</span> <span class='ocrx_word' id='word_1_225' title='bbox 627 4007 661 4066; x_wconf 90' lang='lat' dir='ltr'>et</span> <span class='ocrx_word' id='word_1_226' title='bbox 683 4025 748 4086; x_wconf 92' lang='lat' dir='ltr'>quo</span> <span class='ocrx_word' id='word_1_227' title='bbox 772 4001 883 4069; x_wconf 88' lang='lat' dir='ltr'>dolore</span> <span class='ocrx_word' id='word_1_228' title='bbox 906 4025 976 4067; x_wconf 87' lang='lat' dir='ltr'>eam</span> <span class='ocrx_word' id='word_1_229' title='bbox 1000 4009 1176 4087; x_wconf 75' lang='lat' dir='ltr'>exceptura</span> <span class='ocrx_word' id='word_1_230' title='bbox 1197 4004 1250 4067; x_wconf 84' lang='lat' dir='ltr'>ait.</span> <span class='ocrx_word' id='word_1_231' title='bbox 1290 4002 1394 4068; x_wconf 90' lang='lat' dir='ltr'>lmmo</span> <span class='ocrx_word' id='word_1_232' title='bbox 1417 4003 1469 4067; x_wconf 81' lang='lat' dir='ltr'>rel</span> <span class='ocrx_word' id='word_1_233' title='bbox 1486 4025 1525 4067; x_wconf 84' lang='lat' dir='ltr'>ea</span> <span class='ocrx_word' id='word_1_234' title='bbox 1543 4026 1627 4089; x_wconf 86' lang='lat' dir='ltr'>quae</span> 
     </span>
     <span class='ocr_line' id='line_1_34' title="bbox 388 4107 1628 4197; baseline 0.002 -25"><span class='ocrx_word' id='word_1_235' title='bbox 388 4110 468 4174; x_wconf 85' lang='lat' dir='ltr'>dicit</span> <span class='ocrx_word' id='word_1_236' title='bbox 489 4131 519 4174; x_wconf 79' lang='lat' dir='ltr'>v.</span> <span class='ocrx_word' id='word_1_237' title='bbox 537 4109 603 4174; x_wconf 80' lang='lat'>492</span> <span class='ocrx_word' id='word_1_238' title='bbox 625 4107 767 4197; x_wconf 72' lang='grc' dir='ltr'><strong><em>θνῄσκει</em></strong></span> <span class='ocrx_word' id='word_1_239' title='bbox 789 4114 897 4194; x_wconf 75' lang='grc' dir='ltr'><strong><em>πατὴρ</em></strong></span> <span class='ocrx_word' id='word_1_240' title='bbox 916 4113 975 4187; x_wconf 88' lang='grc' dir='ltr'>σὸς</span> <span class='ocrx_word' id='word_1_241' title='bbox 992 4110 1047 4175; x_wconf 78' lang='grc' dir='ltr'>καὶ</span> <span class='ocrx_word' id='word_1_242' title='bbox 1067 4109 1169 4192; x_wconf 86' lang='grc' dir='ltr'><strong><em>τέκν’,</em></strong></span> <span class='ocrx_word' id='word_1_243' title='bbox 1191 4112 1336 4193; x_wconf 78' lang='grc' dir='ltr'><strong><em>ὄλλυμαι</em></strong></span> <span class='ocrx_word' id='word_1_244' title='bbox 1354 4109 1385 4174; x_wconf 83' lang='grc' dir='ltr'><strong><em>δ’</em></strong></span> <span class='ocrx_word' id='word_1_245' title='bbox 1407 4110 1484 4193; x_wconf 75' lang='grc' dir='ltr'><strong><em>έγι,</em></strong></span> <span class='ocrx_word' id='word_1_246' title='bbox 1505 4111 1527 4194; x_wconf 80' lang='grc' dir='ltr'><strong><em>ἣ</em></strong></span> <span class='ocrx_word' id='word_1_247' title='bbox 1545 4109 1628 4192; x_wconf 76' lang='grc' dir='ltr'><strong><em>πρὶν</em></strong></span> 
     </span>
     <span class='ocr_line' id='line_1_35' title="bbox 387 4214 1628 4303; baseline 0 -22"><span class='ocrx_word' id='word_1_248' title='bbox 387 4219 532 4300; x_wconf 84' lang='grc' dir='ltr'><strong><em>μακαρία</em></strong></span> <span class='ocrx_word' id='word_1_249' title='bbox 555 4219 610 4282; x_wconf 79' lang='grc' dir='ltr'>διὰ</span> <span class='ocrx_word' id='word_1_250' title='bbox 633 4217 671 4282; x_wconf 91' lang='grc' dir='ltr'><strong><em>σ’</em></strong></span> <span class='ocrx_word' id='word_1_251' title='bbox 693 4216 873 4303; x_wconf 78' lang='grc' dir='ltr'><strong><em>ἐκλῃζόμην</em></strong></span> <span class='ocrx_word' id='word_1_252' title='bbox 896 4223 928 4282; x_wconf 85' lang='lat' dir='ltr'>et</span> <span class='ocrx_word' id='word_1_253' title='bbox 950 4239 1062 4281; x_wconf 80' lang='lat' dir='ltr'>rursus</span> <span class='ocrx_word' id='word_1_254' title='bbox 1085 4217 1149 4280; x_wconf 74' lang='lat'>537</span> <span class='ocrx_word' id='word_1_255' title='bbox 1173 4215 1229 4281; x_wconf 82' lang='grc' dir='ltr'>καὶ</span> <span class='ocrx_word' id='word_1_256' title='bbox 1253 4215 1334 4298; x_wconf 81' lang='grc' dir='ltr'>τᾶμ’</span> <span class='ocrx_word' id='word_1_257' title='bbox 1355 4214 1501 4302; x_wconf 73' lang='grc' dir='ltr'><strong><em>ἔθνῃσκε</em></strong></span> <span class='ocrx_word' id='word_1_258' title='bbox 1522 4216 1628 4301; x_wconf 83' lang='grc' dir='ltr'><strong><em>τέκν’,</em></strong></span> 
     </span>
     <span class='ocr_line' id='line_1_36' title="bbox 388 4323 1629 4408; baseline 0.002 -21"><span class='ocrx_word' id='word_1_259' title='bbox 388 4324 591 4408; x_wconf 73' lang='grc' dir='ltr'><strong><em>ἀπωλλύμην</em></strong></span> <span class='ocrx_word' id='word_1_260' title='bbox 614 4323 645 4389; x_wconf 93' lang='grc' dir='ltr'><strong><em>δ’</em></strong></span> <span class='ocrx_word' id='word_1_261' title='bbox 673 4324 749 4408; x_wconf 77' lang='grc' dir='ltr'><strong><em>ἐγώ,</em></strong></span> <span class='ocrx_word' id='word_1_262' title='bbox 773 4347 967 4408; x_wconf 88' lang='lat' dir='ltr'>quamquam</span> <span class='ocrx_word' id='word_1_263' title='bbox 988 4323 1030 4388; x_wconf 80' lang='lat' dir='ltr'>iia</span> <span class='ocrx_word' id='word_1_264' title='bbox 1048 4324 1182 4388; x_wconf 88' lang='lat' dir='ltr'>minime</span> <span class='ocrx_word' id='word_1_265' title='bbox 1200 4323 1410 4407; x_wconf 87' lang='lat' dir='ltr'>obloquimur</span> <span class='ocrx_word' id='word_1_266' title='bbox 1427 4346 1510 4407; x_wconf 89' lang='lat' dir='ltr'>quae</span> <span class='ocrx_word' id='word_1_267' title='bbox 1523 4324 1629 4389; x_wconf 89' lang='lat' dir='ltr'>Wila·</span> 
     </span>
     <span class='ocr_line' id='line_1_37' title="bbox 388 4430 1631 4518; baseline -0.002 -24"><span class='ocrx_word' id='word_1_268' title='bbox 388 4431 570 4494; x_wconf 82' lang='lat' dir='ltr'>mowitzius</span> <span class='ocrx_word' id='word_1_269' title='bbox 593 4431 686 4496; x_wconf 88' lang='lat' dir='ltr'>adh.</span> <span class='ocrx_word' id='word_1_270' title='bbox 701 4431 722 4495; x_wconf 87' lang='lat' dir='ltr'>l</span> <span class='ocrx_word' id='word_1_271' title='bbox 741 4433 780 4495; x_wconf 91' lang='lat' dir='ltr'>de</span> <span class='ocrx_word' id='word_1_272' title='bbox 798 4431 946 4518; x_wconf 83' lang='lat' dir='ltr'>neglecta</span> <span class='ocrx_word' id='word_1_273' title='bbox 964 4430 1129 4515; x_wconf 86' lang='lat' dir='ltr'>anaphora</span> <span class='ocrx_word' id='word_1_274' title='bbox 1146 4430 1324 4513; x_wconf 82' lang='lat' dir='ltr'>adnotavit,</span> <span class='ocrx_word' id='word_1_275' title='bbox 1346 4431 1382 4494; x_wconf 92' lang='lat' dir='ltr'>in</span> <span class='ocrx_word' id='word_1_276' title='bbox 1399 4431 1537 4496; x_wconf 73' lang='lat' dir='ltr'>similam</span> <span class='ocrx_word' id='word_1_277' title='bbox 1555 4454 1631 4496; x_wconf 76' lang='lat' dir='ltr'>oen.-</span> 
     </span>
    </p>
   </div>
   <div class='ocr_carea' id='block_1_6' title="bbox 387 4537 1632 4944">
    <p class='ocr_par' dir='ltr' id='par_1_20' title="bbox 387 4537 1632 4944">
     <span class='ocr_line' id='line_1_38' title="bbox 388 4537 1630 4622; baseline 0.002 -20"><span class='ocrx_word' id='word_1_278' title='bbox 388 4537 523 4602; x_wconf 85' lang='lat' dir='ltr'>tentiam</span> <span class='ocrx_word' id='word_1_279' title='bbox 542 4539 687 4622; x_wconf 83' lang='lat' dir='ltr'>accipere</span> <span class='ocrx_word' id='word_1_280' title='bbox 706 4539 867 4602; x_wconf 84' lang='lat' dir='ltr'>malumus</span> <span class='ocrx_word' id='word_1_281' title='bbox 884 4561 950 4603; x_wconf 89' lang='lat' dir='ltr'>nou</span> <span class='ocrx_word' id='word_1_282' title='bbox 968 4541 1007 4600; x_wconf 88' lang='lat' dir='ltr'>ut</span> <span class='ocrx_word' id='word_1_283' title='bbox 1026 4560 1118 4602; x_wconf 82' lang='lat' dir='ltr'>auam</span> <span class='ocrx_word' id='word_1_284' title='bbox 1135 4538 1268 4622; x_wconf 85' lang='lat' dir='ltr'>Megara</span> <span class='ocrx_word' id='word_1_285' title='bbox 1280 4541 1417 4602; x_wconf 87' lang='lat' dir='ltr'>mortem</span> <span class='ocrx_word' id='word_1_286' title='bbox 1432 4537 1489 4602; x_wconf 82' lang='lat' dir='ltr'>sed</span> <span class='ocrx_word' id='word_1_287' title='bbox 1502 4537 1630 4604; x_wconf 80' lang='lat' dir='ltr'>cladem·</span> 
     </span>
     <span class='ocr_line' id='line_1_39' title="bbox 389 4644 1624 4730; baseline 0.002 -23"><span class='ocrx_word' id='word_1_288' title='bbox 389 4644 520 4708; x_wconf 83' lang='lat' dir='ltr'>aibimet</span> <span class='ocrx_word' id='word_1_289' title='bbox 538 4665 576 4708; x_wconf 83' lang='lat' dir='ltr'>er</span> <span class='ocrx_word' id='word_1_290' title='bbox 595 4645 738 4710; x_wconf 89' lang='lat' dir='ltr'>filiorum</span> <span class='ocrx_word' id='word_1_291' title='bbox 755 4646 825 4708; x_wconf 86' lang='lat' dir='ltr'>fato</span> <span class='ocrx_word' id='word_1_292' title='bbox 842 4649 1028 4709; x_wconf 87' lang='lat' dir='ltr'>nascentem</span> <span class='ocrx_word' id='word_1_293' title='bbox 1047 4644 1217 4730; x_wconf 63' lang='lat' dir='ltr'>significet,</span> <span class='ocrx_word' id='word_1_294' title='bbox 1234 4647 1269 4709; x_wconf 91' lang='lat' dir='ltr'>in</span> <span class='ocrx_word' id='word_1_295' title='bbox 1289 4667 1362 4708; x_wconf 90' lang='lat' dir='ltr'>eum</span> <span class='ocrx_word' id='word_1_296' title='bbox 1379 4645 1512 4710; x_wconf 88' lang='lat' dir='ltr'>modum</span> <span class='ocrx_word' id='word_1_297' title='bbox 1527 4667 1624 4730; x_wconf 91' lang='lat' dir='ltr'>quem</span> 
     </span>
     <span class='ocr_line' id='line_1_40' title="bbox 388 4739 1632 4838; baseline 0.002 -24"><span class='ocrx_word' id='word_1_298' title='bbox 388 4751 518 4816; x_wconf 79' lang='lat' dir='ltr'>Electra</span> <span class='ocrx_word' id='word_1_299' title='bbox 540 4751 620 4816; x_wconf 91' lang='lat' dir='ltr'>dicit</span> <span class='ocrx_word' id='word_1_300' title='bbox 638 4751 705 4815; x_wconf 84' lang='lat'>914</span> <span class='ocrx_word' id='word_1_301' title='bbox 728 4751 898 4836; x_wconf 77' lang='grc' dir='ltr'><strong><em>ἀπώλεσάς</em></strong></span> <span class='ocrx_word' id='word_1_302' title='bbox 919 4775 960 4836; x_wconf 88' lang='grc' dir='ltr'><strong><em>με</em></strong></span> <span class='ocrx_word' id='word_1_303' title='bbox 983 4749 1167 4835; x_wconf 80' lang='grc' dir='ltr'><strong><em>κώρφανὴν</em></strong></span> <span class='ocrx_word' id='word_1_304' title='bbox 1190 4753 1293 4838; x_wconf 86' lang='grc' dir='ltr'><strong><em>φίλου</em></strong></span> <span class='ocrx_word' id='word_1_305' title='bbox 1311 4752 1436 4834; x_wconf 73' lang='grc' dir='ltr'><strong><em>πατρὸς</em></strong></span> <span class='ocrx_word' id='word_1_306' title='bbox 1452 4755 1508 4816; x_wconf 77' lang='grc' dir='ltr'>καὶ</span> <span class='ocrx_word' id='word_1_307' title='bbox 1526 4739 1632 4818; x_wconf 77' lang='grc' dir='ltr'><strong><em>τόνδ’</em></strong></span> 
     </span>
     <span class='ocr_line' id='line_1_41' title="bbox 387 4854 1628 4944; baseline 0.003 -22"><span class='ocrx_word' id='word_1_308' title='bbox 387 4854 515 4942; x_wconf 83' lang='grc' dir='ltr'><strong><em>ἔθηκας</em></strong></span> <span class='ocrx_word' id='word_1_309' title='bbox 536 4855 591 4944; x_wconf 79' lang='lat' dir='ltr'>(cf.</span> <span class='ocrx_word' id='word_1_310' title='bbox 613 4857 715 4944; x_wconf 83' lang='lat'>1092)</span> <span class='ocrx_word' id='word_1_311' title='bbox 738 4862 796 4922; x_wconf 86' lang='lat' dir='ltr'>aut</span> <span class='ocrx_word' id='word_1_312' title='bbox 814 4857 970 4924; x_wconf 87' lang='lat' dir='ltr'>Hercules</span> <span class='ocrx_word' id='word_1_313' title='bbox 992 4857 1079 4924; x_wconf 78' lang='lat'>1392</span> <span class='ocrx_word' id='word_1_314' title='bbox 1102 4859 1250 4936; x_wconf 70' lang='grc' dir='ltr'><strong><em>ἅπαντας</em></strong></span> <span class='ocrx_word' id='word_1_315' title='bbox 1270 4861 1461 4941; x_wconf 70' lang='grc' dir='ltr'><strong><em>πενθήσατε</em></strong></span> <span class='ocrx_word' id='word_1_316' title='bbox 1483 4859 1628 4944; x_wconf 83' lang='grc' dir='ltr'><strong><em>νεκρούς</em></strong></span> 
     </span>
    </p>
   </div>
   <div class='ocr_carea' id='block_1_7' title="bbox 1644 3593 1664 3647">
    <p class='ocr_par' dir='ltr' id='par_1_21' title="bbox 1644 3593 1664 3647">
     <span class='ocr_line' id='line_1_42' title="bbox 1644 3593 1664 3647; baseline 0 0"><span class='ocrx_word' id='word_1_317' title='bbox 1644 3593 1664 3647; x_wconf 75' lang='grc' dir='ltr'><strong><em>λ</em></strong></span> 
     </span>
    </p>
   </div>
   <div class='ocr_carea' id='block_1_8' title="bbox 0 0 1988 5725">
    <p class='ocr_par' dir='ltr' id='par_1_22' title="bbox 0 0 1988 5725">
     <span class='ocr_line' id='line_1_43' title="bbox 0 0 1988 5725; baseline 0 8"><span class='ocrx_word' id='word_1_318' title='bbox 0 0 1988 5725; x_wconf 95' lang='lat' dir='ltr'> </span> 
     </span>
    </p>
   </div>
  </div>
 </body>
</html>
