3967 5725
409 638 477 704 496
595 640 694 692 LVIII.
712 639 828 692 INDEX
846 638 1061 691 LEOTIONUM
1078 637 1320 690 HIBERNARUM
1340 636 1472 704 1903βο4.

409 802 549 866 diximus
576 800 756 886 (requaios)
784 821 896 882 quaeso
922 801 1006 865 miae
1034 799 1176 865 effecisse
1203 800 1371 884 tribusque
1398 800 1548 884 deinceps
1574 800 1639 866 edi·

406 908 550 973 tionibus
577 908 761 974 retinuisse:
789 907 823 970 in
851 906 969 989 quibus
997 927 1108 988 quaeso
1139 907 1258 972 mirum
1285 911 1335 971 est
1363 929 1437 971 eum
1463 929 1638 992 numquam

405 1001 544 1081 sensisse
567 1037 664 1099 quam
687 1014 844 1079 absonum
867 1017 966 1099 esset,
990 1013 1091 1098 quod,
1115 1017 1152 1078 ut
1175 1014 1341 1078 mittamus
1365 1015 1452 1078 ascia
1475 1014 1637 1079 edolatum

405 1144 483 1207 esse,
506 1145 573 1188 non
595 1120 700 1186 solum
727 1119 810 1185 nihil
837 1120 915 1184 facit
943 1120 982 1184 ad
1011 1121 1202 1185 sententiam
1224 1141 1340 1204 neque.
1356 1141 1427 1184 eam
1449 1120 1518 1184 ullo
1541 1121 1636 1186 modo

405 1228 544 1314 adiuvat,
563 1228 620 1293 sed
638 1230 786 1294 decorem
804 1227 951 1313 lugubris
971 1227 1068 1291 huius
1083 1225 1239 1292 orationis
1253 1226 1368 1295 misere
1387 1228 1579 1314 corrumpit:
1597 1250 1637 1292 ne

403 1336 649 1420 meos'quidem,
674 1338 711 1399 ut
733 1336 871 1421 largiare
889 1355 927 1399 ea
945 1335 1051 1400 forma
1069 1333 1245 1399 Pacuvium
1264 1356 1359 1399 usum
1379 1354 1448 1400 esse
1467 1335 1553 1418 quod
1571 1356 1637 1399 non
1801 1409 1802 1418 ἵ

403 1443 581 1527 probatum
597 1446 656 1525 est,
673 1445 782 1527 potest
800 1441 935 1526 placere,
955 1441 1042 1525 quod
1060 1441 1272 1525 perficiendae
1291 1441 1524 1506 emendationis
1544 1463 1638 1506 eausa

403 1550 572 1614 inventum
594 1571 774 1634 pronomen
796 1549 890 1612 affert
912 1569 979 1613 non
1003 1548 1108 1613 solum
1135 1569 1406 1633 supervacaneum
1430 1548 1486 1612 sed
1510 1547 1638 1631 siquid

404 1656 560 1720 sentimus
583 1677 698 1740 parum
721 1655 756 1719 in
779 1655 839 1719 hac
863 1655 1024 1720 sententia
1047 1656 1241 1740 appositum,
1265 1658 1302 1719 ιιι
1321 1656 1368 1719 ιιι
1386 1654 1470 1718 dicat
1488 1676 1548 1720 roeo
1565 1655 1638 1720 reli-

363 1787 391 1828 ιο
404 1763 497 1844 qar'os
519 1764 709 1828 meresinae
729 1760 880 1827 divexari.
911 1760 982 1827 Nos
1001 1762 1036 1827 in
1051 1760 1187 1846 semies
1200 1784 1266 1827 non
1284 1760 1358 1846 plus
1376 1784 1441 1826 una
1459 1782 1537 1827 voce
1560 1759 1638 1825 deli·
1654 1777 1691 1832 ιι
1801 1747 1802 1754 ¹

404 1873 524 1934 tescere
543 1869 676 1954 opinati,
694 1873 731 1933 ut
749 1871 896 1934 semiesas
909 1868 1077 1934 Bentleius
1091 1870 1278 1948 coniecerat,
1298 1891 1335 1934 ea
1350 1891 1430 1952 quae
1444 1872 1528 1934 esset
1547 1866 1636 1955 (nam

400 1974 485 2040 illud
507 1977 585 2041 ferri
606 1998 673 2041 non
696 1973 818 2062 potest)
847 1999 886 2041 ex
908 1977 980 2061 ipsa
1003 1976 1162 2040 sententia
1189 1977 1341 2063 augurari
1364 1976 1571 2041 conabamur:
1599 1980 1637 2040 ut

401 2083 488 2148 enim
510 2084 702 2167 reliquiae
726 2106 808 2168 quae
826 2083 866 2148 de
884 2104 964 2169 rogo
985 2082 1196 2170 sublegantur
1214 2086 1397 2167 perustae
1416 2084 1481 2148 ιιιιι
1500 2086 1637 2168 oportet,

401 2191 449 2255 ita
476 2212 557 2275 quas
586 2192 659 2274 quis
685 2190 877 2274 reliquias
905 2213 924 2254 a
950 2191 1028 2255 feris
1053 2189 1196 2256 divexari
1219 2191 1311 2273 sinit,
1339 2191 1547 2254 semiustae
1569 2211 1638 2254 non

402 2298 512 2382 inepte
530 2298 686 2383 appellari
704 2301 868 2382 poterant:
888 2298 976 2380 quod
995 2319 1114 2364 nomen
1128 2298 1273 2362 additum
1292 2318 1358 2362 non
1376 2297 1481 2362 solum
1501 2297 1638 2381 quadrat

401 2406 437 2469 in
465 2404 657 2469 sententiam
686 2427 784 2488 quam
811 2405 1025 2488 explicuimus
1054 2406 1110 2469 sed
1139 2426 1209 2470 eam
1237 2403 1345 2487 explet
1374 2425 1411 2469 ac
1434 2404 1572 2488 perficit,
1599 2408 1637 2468 ut

403 2532 504 2595 paene
522 2512 613 2595 posci
632 2511 671 2575 ab
691 2533 728 2575 ea
745 2511 903 2595 videatur:
921 2512 1140 2596 concinneque
1156 2511 1365 2597 coniungitur
1383 2533 1455 2576 cum
1470 2512 1637 2576 decedatis

1801 3592 1802 3637 l

401 2617 521 2683 ossrbrs
547 2617 578 2682 h.
597 2639 623 2682 e.
651 2622 824 2702 postquam
852 2639 925 2683 ossa
952 2618 1128 2683 visceribus
1156 2619 1242 2705 iguis
1269 2619 1302 2683 vi
1329 2619 1449 2701 peresi·
1478 2617 1637 2682 denudata

402 2722 524 2811 sunt*).
556 2722 671 2808 Itaque
693 2745 821 2788 versum
844 2725 890 2788 sic
914 2726 1071 2809 scriptum
1095 2725 1195 2790 luisse
1218 2725 1459 2790 affirmabamus

361 2854 389 2895 ro
563 2832 635 2898 Neu
656 2830 824 2913 re'llr‘qaios
840 2830 1031 2919 semustas*)
1054 2833 1147 2898 sireis
1169 2833 1336 2899 denudatas
1358 2832 1476 2899 essitas

562 2939 628 3005 Per
649 2941 766 3004 ιέινιιιι
787 2941 878 3004 sanie
900 2940 1053 3005 ddibutos
1072 2941 1162 3023 foede
1184 2941 1377 3019 diocesariam

402 3052 435 3113 et
456 3049 573 3114 semies
595 3046 725 3131 quidem
744 3067 784 3110 ex
801 3052 954 3113 semustas
971 3067 1035 3131 qua
1054 3048 1107 3112 via
1125 3051 1233 3111 ortum
1252 3048 1342 3112 sitsi
1361 3048 1534 3131 quaeritur,
1553 3047 1636 3113 nihil

297 3140 305 3159 '¹
402 3158 451 3220 est
479 3154 566 3239 quod
592 3153 720 3220 facilius
748 3153 951 3239 expediatur:
978 3177 1054 3219 nam
1082 3154 1109 3219 si
1129 3153 1308 3239 semustas
1328 3154 1484 3238 scriptum
1507 3158 1576 3219 erat
1597 3158 1636 3219 ut

401 3261 499 3328 scribi
522 3265 650 3347 poterat
665 3258 822 3346 sem'rus
840 3260 926 3325 velut
949 3260 983 3325 in
1001 3261 1102 3326 Ennii
1121 3284 1193 3326 ann.
1208 3258 1273 3326 252
1298 3262 1384 3345 quod
1403 3265 1471 3326 erat
1487 3266 1638 3343 parceret

401 3372 435 3435 in
453 3368 543 3435 Festi
566 3370 675 3434 codice
692 3367 833 3451 porot'r,
852 3371 1018 3434 exaratum
1037 3372 1095 3447 est,
1113 3389 1215 3453 paene
1234 3369 1268 3432 in
1288 3366 1398 3433 oculos
1417 3368 1634 3452 incurritque

402 3498 507 3541 errore
530 3479 643 3540 natum
667 3475 709 3539 ιιι
732 3476 820 3559 quod
843 3474 985 3540 Tulliani
1009 3475 1134 3540 codices
1157 3476 1358 3541 tradiderunt
1373 3473 1511 3559 sanias.

490 3582 594 3667 Atqui
618 3583 704 3667 quod
727 3583 775 3646 ira
802 3587 859 3647 aut
881 3583 1060 3648 ulciscendi
1088 3583 1239 3667 cupidine
1262 3604 1504 3667 nonnumquam
1527 3582 1635 3666 fiebat,

401 3693 439 3755 ut
453 3693 595 3755 semusta
613 3687 766 3754 cadavera
779 3690 1031 3756 destituerentur
1049 3694 1104 3755 aut
1124 3689 1348 3775 obiicerentur,
1367 3688 1634 3773 quemadmodum

401 3796 500 3864 Silius
522 3794 655 3862 Italicus
672 3795 822 3861 Panion
837 3797 901 3861 267
926 3796 1040 3862 scribit

358 3923 387 3965 ao
561 3903 650 3968 Hirro
671 3904 761 3969 letale
781 3905 846 3969 oiri
866 3904 961 3969 robor
983 3905 1173 3986 tepimeaqrre
1195 3905 1388 3969 tremendam

559 4010 604 4074 Ire
625 4010 775 4091 flammas
796 4011 933 4088 domant·
956 4011 1194 4093 ambustoque
1216 4032 1275 4077 ore
1296 4012 1474 4095 penisque

559 4116 736 4199 Deforme
758 4116 917 4183 alitibus
939 4118 1083 4201 liquere
1105 4120 1267 4183 cadaver
1290 4117 1447 4183 Hiberis

399 4227 457 4288 aut
481 4221 591 4288 Cicero
614 4245 674 4306 pro
697 4222 820 4288 Milone
846 4225 897 4309 13,
911 4224 954 4290 33
979 4222 1050 4289 Sex.
1076 4222 1225 4289 Clodium
1249 4224 1415 4310 appellans

489 4434 553 4504 ⁸19)
572 4433 613 4490 (tf.
628 4434 766 4504 Apuleius
784 4437 850 4491 met.
864 4455 915 4490 vm
930 4440 963 4489 15
982 4436 1098 4505 denique
1115 4437 1149 4493 ob
1167 4438 1219 4493 iter
1231 4436 1312 4504 ettad,
1331 4452 1386 4505 qua
1400 4436 1478 4492 nobee
1491 4440 1551 4491 erat
1563 4452 1633 4491 com·

398 4525 555 4592 meandros,
573 4525 660 4579 iacere
677 4527 778 4579 semeso
795 4526 936 4580 bominum
959 4541 1074 4593 corpora
1095 4527 1205 4595 suisque
1227 4525 1375 4581 ιιιιιιιιιιι
1397 4526 1511 4580 nodone
1528 4526 1634 4581 ossibus

397 4602 498 4669 namu
519 4614 648 4690 candere)
671 4613 728 4667 nisi
748 4614 825 4682 quod
843 4614 912 4667 haec
931 4630 988 4668 non
1007 4613 1044 4668 ad
1063 4615 1210 4670 combusta
1229 4630 1347 4684 corpora
1366 4614 1415 4668 sed
1434 4614 1471 4669 ad
1489 4613 1632 4684 insepulta

397 4701 523 4757 iacentia
540 4702 689 4757 referenda
707 4705 781 4757 ιιιιιι.

487 4790 552 4861 ⁸20)
570 4790 613 4845 De
631 4790 745 4845 dioermi
763 4808 864 4861 genere
883 4790 918 4847 cf.
938 4791 1055 4847 Tacitus
1075 4808 1139 4847 ann.
1158 4812 1180 4846 11
1199 4798 1232 4848 69
1256 4794 1461 4862 reperiebantur
1480 4836 1485 4847 .
1502 4834 1507 4846 .
1522 4792 1634 4849 ιιιιιιιιιι

399 4880 503 4934 dames
521 4897 555 4934 oc
573 4880 636 4935 tabo
654 4881 739 4936 obliti.
773 4880 913 4952 [Lucanus
932 4900 982 4935 vm
1003 4886 1055 4936 ‘186
1072 4890 1191 4939 corausto
1209 4884 1285 4952 rupit
1304 4924 1309 4935 .
1326 4924 1332 4935 .
1350 4882 1439 4955 Ossa]
