3967 5725
443 1575 533 1649 LXI.
565 1575 738 1649 INDEX
765 1574 1083 1648 LEOTIONUM
1110 1571 1464 1648 AESTIVARUM
1492 1573 1590 1644 1905.

489 1749 582 1827 Quod
605 1749 723 1816 abhinc
746 1772 802 1814 sex
822 1772 946 1816 menses
964 1749 1185 1835 procamiandi
1205 1771 1302 1815 causa
1319 1748 1502 1832 exemplum
1522 1747 1668 1829 quale-t

399 1880 536 1942 cumque
563 1857 841 1942 interpretationis
868 1856 1067 1922 Horatianae
1095 1858 1129 1920 in
1157 1855 1364 1941 expendenda
1391 1876 1456 1918 una
1482 1852 1631 1917 carminis

400 1966 535 2049 stropha
556 1986 737 2049 proponere
759 1965 930 2048 voluimus,
953 1965 1038 2029 idem
1056 1964 1240 2029 reveniente
1258 1964 1318 2027 hac
1337 1959 1496 2026 scribendi
1515 1981 1632 2043 oppor·
1716 1999 1718 2005 ·

398 2072 538 2136 tunitate
560 2072 595 2135 in
617 2069 763 2158 Vergilio
786 2070 996 2152 instituimue,
1019 2072 1109 2135 cuius
1132 2092 1230 2136 unam
1254 2073 1286 2135 et
1309 2071 1443 2133 alteram
1465 2065 1632 2150 stropham

399 2180 551 2243 carminis
578 2178 717 2244 bucolici
746 2178 994 2262 disceptabimus
1022 2180 1068 2243 ita
1095 2182 1132 2242 ut
1158 2177 1301 2242 excussis
1324 2176 1421 2240 variis
1446 2173 1631 2240 criticorum

398 2286 579 2352 rationibus
598 2307 704 2350 veram
722 2289 837 2370 poetae
855 2289 996 2350 mentem
1010 2285 1176 2370 explorare
1190 2283 1416 2367 periclitemur.
1449 2281 1510 2345 Est
1524 2284 1631 2344 eutem

400 2414 527 2458 carmen
551 2397 708 2475 octavum,
732 2392 771 2456 de
794 2413 859 2475 quo
882 2415 909 2457 a.
930 2392 1015 2474 1888
1036 2390 1085 2478 (Ρ
1104 2410 1116 2455 1
1135 2415 1165 2476 p.
1185 2391 1248 2456 387
1261 2388 1317 2475 ss.)
1336 2390 1446 2453 eadem
1465 2386 1632 2453 occasione

398 2498 554 2564 nonnulla
577 2499 794 2581 disseruimus,
817 2520 899 2582 quae
921 2521 1024 2564 novae
1048 2498 1276 2583 disputationis
1300 2519 1396 2562 causa
1418 2515 1546 2559 necesse
1571 2494 1632 2558 erit

275 2653 279 2658 -
360 2631 386 2671 ιο
399 2605 433 2669 in
453 2607 638 2670 memoriam
656 2609 855 2670 revocentur.
889 2604 951 2670 Sed
970 2607 1009 2669 de
1024 2603 1170 2690 Vergilio
1191 2626 1263 2670 cum
1282 2624 1424 2689 agamus,
1442 2602 1548 2667 fecere
1565 2621 1632 2664 non

398 2733 584 2796 possumus,
611 2714 689 2796 quin
713 2733 795 2796 quae
817 2734 920 2797 nuper
943 2712 1006 2776 duo
1031 2713 1091 2776 viri
1115 2712 1234 2777 eruditi
1256 2712 1296 2775 de
1318 2708 1460 2774 Aeneide
1484 2709 1577 2773 docte
1601 2710 1634 2769 et

399 2819 565 2905 ingeniose
588 2819 729 2885 exsecuti
753 2821 829 2883 sunt
853 2839 925 2884 cum
948 2819 1042 2884 laude
1065 2822 1176 2885 nostra
1198 2818 1226 2883 si
1244 2819 1326 2884 tanti
1345 2822 1394 2883 est
1411 2835 1632 2897 memoremus,

400 2948 536 3011 quorum
555 2925 645 3009 alter,
663 2924 821 2989 Ricardus
835 2925 998 3011 Heinsius,
1012 2949 1115 3010 nuper
1133 2928 1258 3013 collega
1270 2930 1388 3007 noster,
1402 2925 1511 3008 opicae
1525 2922 1631 3007 poesis

400 3036 502 3097 artem
527 3031 746 3118 Vergilianum
778 3033 814 3097 in
845 3054 904 3097 sua
934 3055 1053 3119 genera
1085 3033 1290 3098 distributam
1323 3030 1519 3115 explanavit,
1551 3027 1633 3093 alter

400 3144 518 3223 autem,
539 3139 710 3204 Eduardus
733 3137 913 3221 Nordenus,
936 3140 1097 3205 Aeneidos
1121 3144 1247 3205 sextum
1270 3137 1524 3221 locupletissimo
1548 3156 1632 3199 corn·

399 3248 557 3311 menterio
585 3247 688 3331 auxit,
715 3250 844 3331 praeter
871 3251 976 3312 cetera
1004 3246 1159 3312 sermonis
1189 3250 1336 3311 naturam
1359 3245 1447 3309 varie
1471 3242 1511 3307 ad
1533 3242 1632 3306 varie-

400 3357 499 3418 tatem
528 3374 680 3417 sensuum
703 3351 864 3417 excultam
886 3374 1101 3437 versuumque
1125 3350 1413 3418 conformationem
1436 3352 1632 3435 persecutus.

400 3458 489 3524 Haec
512 3460 589 3524 dum
608 3460 797 3543 respicimus
820 3481 996 3544 eorumque
1015 3460 1139 3545 studiis,
1162 3480 1244 3543 quos
1263 3458 1314 3523 vel
1331 3457 1382 3522 his
1402 3455 1632 3540 scriptionibus

400 3566 569 3630 instituere
591 3566 748 3651 cupimus,
771 3565 916 3650 impense
935 3566 1204 3650 commendamus,
1227 3586 1328 3650 paene
1346 3564 1447 3649 pudet
1465 3562 1632 3629 tenuitatis

361 3698 387 3738 ao
401 3694 511 3738 eorum
536 3694 616 3756 quae
639 3693 698 3737 nos
717 3694 804 3737 nunc
821 3673 993 3757 afferimus,
1017 3672 1073 3737 sed
1093 3674 1169 3737 ‘non
1188 3671 1297 3737 omnia
1315 3692 1488 3756 possumus
1507 3666 1633 3735 omnes'

400 3781 578 3863 aitpoeta,
601 3783 633 3843 et
656 3801 716 3844 nos
739 3779 884 3863 quinon
907 3779 1077 3845 scribimus
1101 3780 1164 3844 nisi
1187 3777 1384 3845 discentibus
1408 3778 1454 3842 ita
1476 3776 1632 3841 sentimus

400 3886 497 3950 etiam
521 3886 647 3972 exiguis
676 3886 918 3970 quaestionibus
945 3891 978 3951 et
1005 3887 1119 3952 alienis
1143 3886 1304 3951 erroribus
1328 3884 1514 3949 monstratis
1537 3904 1631 3967 posse

400 3993 521 4078 probos
545 3992 790 4079 argumentandi
812 3993 925 4057 modos
949 3992 1083 4059 edoceri.

489 4098 603 4185 Itaque
625 4102 660 4164 in
678 4099 835 4165 Damonis
859 4105 955 4165 cantu
973 4100 1086 4164 infelix
1106 4104 1230 4164 amator
1248 4099 1356 4183 Nysae
1374 4097 1541 4183 perfidiam
1559 4116 1633 4160 con-

401 4211 534 4290 questus
558 4206 724 4271 saevitiam
747 4204 877 4272 Amoris
900 4206 1046 4291 increpat
1068 4228 1141 4271 cum
1164 4206 1211 4271 ita
1234 4207 1311 4271 dicit

448 4314 492 4377 42
584 4314 693 4396 Incipe
715 4314 898 4378 Maenalios
920 4334 1051 4392 mecum,
1073 4335 1142 4378 mec
1165 4313 1256 4393 tibio,
1279 4332 1392 4379 veram

534 4421 629 4486 Nunc
650 4421 725 4499 seio,
748 4421 827 4502 quid
848 4422 891 4485 sit
911 4420 1021 4485 Amor.
1045 4421 1135 4486 ducas
1156 4423 1193 4485 iu
1216 4422 1330 4486 cotibus
1351 4420 1443 4484 illum

535 4529 602 4592 Aut
625 4528 759 4593 Tmaros
781 4533 836 4592 cut
859 4527 1006 4608 Rhodope
1029 4533 1085 4591 out
1106 4530 1234 4592 extremi
1260 4527 1472 4592 &marcentes

444 4634 489 4698 45
535 4635 601 4699 Nec
621 4635 743 4717 pencris
765 4637 864 4699 nostri
880 4654 1017 4716 puerum
1039 4654 1094 4699 uec
1114 4637 1282 4717 conpulsis
1304 4635 1406 4699 edunt.

362 4764 388 4804 eo
580 4742 689 4823 Incipe
712 4742 894 4806 Maenalios
916 4760 1047 4820 mecum,
1071 4741 1253 4820 meatum,
1276 4760 1388 4806 cesus.
1651 4750 1670 4807 4

445 4847 487 4909 47
535 4846 653 4912 Soccus
674 4848 776 4913 Amor
798 4848 900 4912 docuit
922 4853 1068 4912 semrom
1090 4849 1244 4931 sanquine
1267 4854 1397 4913 matrem
