3967 5725
479 649 775 702 OBSERVATIONES
795 650 962 703 carnosa
980 653 1021 703 IN
1039 653 1241 706 SOPHOOLIS
1259 653 1463 706 amcam
1521 653 1583 717 171

298 809 516 894 timebatur,
540 810 626 895 quod
649 812 808 891 volumus,
831 834 928 896 posse
950 814 1048 879 etiam
1072 818 1232 880 extremae
1255 815 1370 881 aetatis
1394 815 1586 900 scriptorem

352 937 595 1000 nonnumquam
618 918 741 1002 aliquid
760 918 912 984 utilitatis
931 921 1045 985 afferre
1064 920 1105 985 ad
1122 922 1303 1006 priscorum
1321 926 1491 1006 poetarum
1509 923 1586 988 scri·

349 1027 522 1107 ptorumve
546 1025 724 1090 orationem
749 1024 973 1093 declarandam
997 1050 1034 1093 ac
1057 1028 1291 1095 stabiliendam.
1558 1012 1562 1018 ⁴

442 1132 471 1195 6.
503 1130 613 1196 Unum
641 1130 737 1197 otiam
763 1133 970 1217 versiculum,
998 1135 1097 1201 immo
1125 1157 1223 1200 unam
1245 1157 1372 1220 vocem,
1397 1136 1586 1221 priusquam

351 1238 448 1303 finem
469 1238 656 1322 disputandi
674 1239 839 1323 faciamus,
862 1242 1044 1306 accuratius
1064 1241 1322 1327 disceptabimus.
1363 1241 1404 1307 In
1421 1241 1587 1329 Antigona

352 1348 469 1428 eustos,
497 1366 569 1409 curn
593 1370 613 1409 a
635 1367 668 1410 se
692 1348 823 1430 suisque
847 1347 1018 1414 comitibus
1042 1348 1271 1433 deprehensam
1295 1370 1364 1415 esse
1386 1348 1586 1437 Antigonam
1664 1336 1668 1341 ’

349 1450 515 1536 Polynieis
548 1474 664 1538 corpus
691 1453 814 1519 nudum
841 1454 1004 1520 abiectum
1031 1456 1165 1541 pulvere
1195 1458 1400 1542 obtegentem
1429 1457 1588 1543 perhibet,

349 1560 399 1624 sic
420 1560 459 1623 de
482 1583 517 1625 re
540 1564 631 1647 gesta
653 1583 784 1626 narrare
807 1561 932 1646 incipit.

452 1666 518 1731 407
564 1677 720 1734 τοιοῦτον
742 1664 785 1751 ήν
807 1669 845 1733 τὸ
869 1668 1004 1753 πρᾶγμ’.
1032 1670 1122 1746 ὅπως
1144 1671 1207 1755 γάρ
1230 1671 1371 1755 ἥκομεν,

564 1776 647 1859 πρὸς
670 1784 732 1840 σοῦ
755 1776 795 1840 τά
818 1774 899 1841 δείν’
927 1774 1033 1841 ἐκεῖν’
1054 1774 1323 1862 ἐπηπειλημένοι,

565 1891 675 1947 πᾶσαν
698 1884 792 1947 κόνιν
816 1885 975 1966 σήραντες
997 1884 1018 1968 ἣ
1042 1894 1170 1968 κατεῖχε
1192 1885 1254 1961 τὸν

452 1988 520 2053 410
565 1988 679 2073 νέκυν,
702 1991 819 2074 μυδῶν
843 2013 878 2054 τε
902 2001 997 2075 σῶμα
1019 1991 1255 2075 γυμνώσαντες
1277 1986 1331 2074 εὖ,

564 2094 732 2181 καθήμεθ’
759 2098 871 2180 ἄκρων
894 2094 930 2161 ἐκ
953 2098 1070 2180 πάγων
1092 2097 1271 2181 ὑπήνεμοι,

564 2203 670 2289 ὀσμήν
694 2201 749 2268 ἀπ’
776 2204 880 2269 αὐτοῦ
904 2205 947 2289 μή
971 2203 1069 2287 βάλοι
1092 2208 1310 2291 πεφευγότες,

346 2399 379 2453 δέ
403 2396 525 2467 ἐμαυτὸν
549 2395 586 2451 ἂν
608 2406 721 2464 πρῶτον
743 2395 859 2453 πείθειν
880 2398 929 2451 καλ
946 2400 1137 2466 παρακαλεῖν,
1159 2397 1189 2453 εί
1203 2418 1251 2468 μοι
1268 2397 1304 2452 τά
1322 2407 1372 2453 τοῦ
1392 2399 1516 2468 σώματος
1533 2399 1588 2453 καί

347 2486 385 2541 τά
405 2494 454 2555 τῆς
477 2484 587 2554 ἡλικίας
610 2485 762 2557 ἐπεδέχετο.
791 2479 862 2541 ἀλλά
882 2486 937 2555 γάρ
960 2486 1122 2558 (ἀγαπᾶν)
1140 2486 1251 2557 ἀνάγκη
1274 2486 1324 2542 διὰ
1341 2487 1374 2542 τὸ
1392 2490 1582 2553 κακοπαθεῖν,

346 2576 378 2631 εί
386 2576 442 2630 ποά
456 2596 484 2631 τι
497 2575 682 2646 δυνησόμεθα
696 2575 831 2644 εὑρέσθαι
844 2574 923 2644 παρὰ
936 2584 992 2631 τῶν
1006 2579 1134 2630 παλαιῶν
1148 2578 1262 2643 ἀνδρῶν
1272 2574 1364 2645 ὥσπερ
1373 2576 1582 2646 ἀπερριμμένον

348 2664 404 2734 ἤδη
427 2666 477 2719 καί
500 2664 586 2720 ἕωλον
609 2662 712 2733 σοφίας
734 2662 871 2735 λείψανον
894 2663 971 2734 χήτει
992 2674 1050 2722 τῶν
1068 2666 1236 2735 κρειττόνων
1254 2685 1283 2720 τε
1306 2667 1355 2720 καλ
1373 2668 1484 2731 ζώντων
1502 2669 1584 2720 διδα-

346 2752 466 2809 σκάλων.
498 2754 669 2809 addidimus
693 2756 822 2823 ἀγαπᾶν,
845 2756 922 2824 quod
946 2755 975 2808 et
998 2755 1140 2809 sententia
1161 2755 1274 2809 videtur
1291 2754 1416 2826 flagitari
1434 2757 1542 2829 (ἀγαπᾷ
1560 2754 1591 2810 εῖ

346 2864 388 2914 πη
407 2844 492 2906 αότὸς
509 2843 639 2912 καθαρὸς
652 2840 767 2908 ἀδικίας
782 2887 788 2898 .
805 2888 810 2899 .
826 2844 957 2915 βιώσεται
970 2843 1063 2909 Plato)
1078 2846 1108 2899 et
1121 2861 1154 2899 eo
1168 2843 1230 2899 loco
1244 2844 1295 2899 ubi
1309 2844 1507 2899 collocavimus
1522 2863 1585 2915 per-

347 2933 432 2987 facile
463 2936 579 3003 propter
610 2934 840 3003 praecedentium
868 2935 896 2988 et
923 2935 1133 3002 insequentium
1163 2934 1338 3003 syllabarum
1365 2933 1583 2988 similitudinem

345 3023 456 3094 negligi
478 3023 589 3077 incuria
611 3023 713 3092 potuit.
747 3021 828 3087 Quod
847 3024 872 3078 si
890 3023 953 3091 quis
972 3022 1107 3077 maluerit
1125 3020 1185 3077 ἀλλ’
1206 3025 1321 3093 ἀγαπᾶν
1339 3023 1464 3093 ἀνάγκη,
1486 3039 1584 3091 quam-

345 3131 433 3182 quam
459 3112 575 3181 propius
599 3112 687 3167 etiam
710 3112 747 3166 ad
770 3113 905 3166 meditem
928 3111 1097 3181 scripturam
1120 3113 1243 3179 aceedit,
1271 3113 1509 3167 reminiscendum
1532 3114 1583 3179 est,

346 3203 467 3257 Dionem
480 3218 564 3271 saepe
577 3218 682 3270 ponere
696 3201 766 3256 ἀλλὰ
780 3201 843 3271 γάρ,
856 3202 933 3269 quod
948 3219 983 3257 ne
995 3202 1031 3255 ab
1040 3202 1095 3256 hac
1105 3202 1218 3270 quidem
1230 3202 1371 3256 sententia
1381 3202 1505 3256 alienum
1514 3205 1583 3257 erat.

437 3295 484 3358 33,
500 3296 533 3344 56
546 3289 677 3361 Ιπότερον
696 3287 747 3344 οὖν
766 3289 967 3372 ἀσπαζομένων
985 3290 1120 3359 ἀλλήλους
1138 3289 1155 3359 ἢ
1174 3292 1337 3346 καλούντων
1355 3289 1372 3360 i]
1392 3294 1584 3361 φιλοφρονου-

256 3381 262 3393 ’
344 3379 451 3450 μένων;
474 3380 680 3452 (οὐμενοῦν),
699 3377 759 3434 ἀλλ’
786 3379 877 3448 ὥσπερ
901 3379 1034 3451 ὑμέναιος
1056 3379 1131 3436 ἴδιόν
1154 3401 1180 3434 τι
1203 3380 1284 3449 μέλος
1307 3381 1382 3435 ἐστίν
1401 3382 1520 3452 ἀρχαῖον
1538 3381 1585 3437 ἐπὶ

343 3479 403 3525 τῶν
421 3470 595 3540 γαμούντων,
615 3468 702 3532 οότως
720 3470 819 3540 καινὸς
833 3467 915 3533 οὗτος
929 3468 1044 3540 εὕρηται
1059 3467 1170 3539 ῥυθμὸς
1183 3469 1267 3538 ἄλλης
1280 3471 1357 3531 τινός
1371 3470 1476 3540 ἑορτῆς.
1502 3471 1584 3524 Arni-

345 3559 420 3613 mius
442 3559 584 3614 intellexit
606 3561 672 3614 ente
691 3558 760 3614 ἀλλὰ
779 3559 809 3612 in
827 3558 1023 3627 respondendo
1043 3558 1151 3626 aliquid
1171 3558 1339 3625 desiderari,
1364 3558 1478 3613 addidit
1495 3561 1583 3614 οάδα-

343 3658 411 3719 μίας.
439 3648 513 3702 lllud
528 3650 604 3716 quod
616 3649 761 3717 posuimus
777 3651 806 3702 et
819 3648 958 3702 facilitate
973 3649 1194 3714 commendatur,
1209 3648 1403 3716 praecedentis
1418 3648 1494 3702 enim
1504 3648 1582 3702 vocis

346 3737 465 3807 syllabis
485 3738 615 3791 extremis
634 3736 785 3806 geminatis
805 3736 936 3791 effectum
955 3739 1007 3801 est
1026 3739 1055 3791 et
1073 3754 1126 3790 usu
1139 3736 1248 3801 Dionis,
1267 3735 1317 3803 qui
1335 3737 1467 3790 similiter
1485 3737 1585 3790 scribit

344 3832 391 3893 31,
407 3832 452 3895 71;
467 3827 535 3881 ibid.
553 3831 603 3881 128
622 3828 693 3880 haec
706 3823 835 3881 habetat
848 3823 913 3892 οόν;
929 3823 991 3879 ἔσθ’
1011 3822 1086 3887 ὅπως
1099 3824 1290 3894 παρεδέξαντο
1305 3825 1354 3879 τὸν
1369 3822 1470 3894 νόμους
1486 3826 1583 3896 οάμεν-

344 3925 409 3984 οῦν,
427 3913 488 3970 ἀλλ’
510 3915 580 3971 ἑάλω
599 3922 717 3986 γραφῆς.
1596 3983 1604 3994 .

437 4011 485 4074 11,
499 4010 532 4058 σῖ
552 4004 667 4071 οὔκουν,
692 4001 783 4071 εἶπεν,
802 4001 868 4059 οὐδὲ
887 4012 969 4059 τοῦτο
988 4001 1095 4072 ἀληθὲς
1113 4002 1253 4074 λέγουσιν·
1279 4011 1338 4064 πῶς
1359 4003 1413 4071 γάρ
1434 4003 1464 4058 ἐν
1483 4000 1583 4075 ὀλίγῳ

344 4093 431 4149 οότω
455 4092 564 4166 χρόνῳ
586 4092 667 4156 πόλις
685 4093 792 4148 ἁλοῦσα
811 4093 860 4147 καί
878 4093 1057 4162 ἐρημωθεῖσα
1075 4094 1216 4160 τοοαάτην
1234 4090 1364 4147 ἐπίδοσιν
1383 4092 1462 4162 ἔσχεν
1480 4093 1517 4156 ὡς
1535 4111 1583 4161 με·

345 4181 443 4254 γίστην
462 4180 596 4254 γενέσθαι
613 4191 669 4237 τῶν
688 4183 760 4236 κατὰ
778 4183 830 4251 τὴν
844 4179 943 4236 Ἀσίαν,
971 4181 1004 4234 In
1022 4181 1102 4236 libris
1122 4184 1166 4236 est
1184 4184 1215 4237 ἐν
1234 4179 1317 4254 ὀλίγῳ
1336 4179 1427 4253 χρόνῳ
1447 4180 1519 4236 οὕτω
1538 4181 1583 4236 vcl

341 4271 446 4338 οὕτως;
465 4274 515 4326 sed
533 4270 630 4335 οὕτως,
649 4272 725 4339 quod
744 4272 812 4325 olim
827 4288 890 4325 curn
903 4271 1040 4340 proximis
1057 4271 1274 4340 coniungebant,
1295 4269 1368 4325 οὕτω
1382 4271 1463 4334 πόλις
1476 4271 1583 4326 ἁλοῦσα

343 4383 370 4416 κ.
391 4361 426 4428 t,
445 4361 693 4428 Wilamowitzius‚
718 4362 763 4432 cui
781 4360 925 4414 Amimiue
949 4361 1080 4427 accessit,
1105 4360 1255 4414 delendum
1280 4360 1403 4428 censuit,
1426 4360 1584 4429 praestabit

344 4451 464 4505 fortasse
482 4452 664 4519 transponere
684 4450 720 4504 ob
740 4467 803 4504 eam
822 4466 944 4516 causam,
966 4449 1035 4518 quia
1053 4449 1126 4502 nihil
1144 4449 1277 4502 usitatius
1297 4452 1341 4503 est
1359 4449 1444 4503 Dioni
1463 4466 1497 4503 ea
1516 4466 1583 4504 voce

343 4539 518 4610 postposita,
542 4540 591 4608 qui
609 4539 680 4593 talia
699 4539 798 4594 scribit
818 4540 913 4612 βαθὺν
933 4537 1021 4600 οὕτως
1039 4536 1145 4604 όπνοκ,
1166 4536 1272 4593 τέλειον
1291 4536 1363 4592 οὕτω
1382 4537 1478 4608 λόγον,
1502 4540 1585 4608 έγγάς

341 4627 432 4691 οὕτως
447 4629 533 4697 ὑμῶν,
552 4628 673 4700 χαλεπὸν
688 4627 776 4692 οὕτως
790 4630 839 4683 καί
854 4627 948 4699 βίαιον
963 4626 1089 4694 κέντρον,
1108 4629 1240 4681 sexcenta
1255 4627 1325 4694 alia3
1345 4630 1375 4682 et
1387 4627 1500 4696 peccari
1514 4645 1583 4682 non·

343 4734 500 4788 numquam
524 4717 688 4772 invertendo
718 4717 816 4772 ordine
838 4718 869 4770 in
892 4717 973 4771 libris
997 4716 1112 4771 Dioneis
1136 4733 1201 4770 eum
1224 4717 1281 4770 alia
1305 4717 1500 4771 demonstrant
1521 4720 1584 4770 tum

343 4805 423 4876 quod
442 4813 490 4875 32,
505 4811 539 4861 78
558 4807 668 4860 variant
687 4806 767 4873 libri,
787 4808 836 4860 aut
855 4804 940 4869 τόπος
959 4803 1031 4860 οότω
1051 4805 1222 4875 καλούμενος
1240 4808 1291 4859 aut
1308 4803 1395 4869 τόπος
1412 4806 1585 4876 καλούμενος

345 4894 436 4960 οὕτως
454 4896 627 4952 exhibentes.
