3967 5725
399 607 468 673 452
595 609 665 659 LVI.
684 609 800 659 INDEX
818 608 1033 660 LEOTIONUM
1052 608 1293 659 HIBERNARUM
1313 606 1446 676 morsos.

400 768 552 855 possid).
581 769 756 835 Muellerus
772 774 878 834 autem
894 770 949 852 qui
962 768 1107 834 Nonium
1123 770 1290 853 scripsisse
1304 769 1445 834 affirmat
1459 791 1488 834 a.
1504 770 1638 834 iudicio:

401 877 484 959 ‘quei
506 877 655 943 aoaitado
675 877 739 955 -'‚
769 898 962 960 quamquam
986 876 1071 940 idem
1095 879 1161 941 tam
1183 875 1284 941 Nonii
1308 880 1400 940 textu
1424 898 1520 959 quam
1545 874 1637 941 Accii

399 982 546 1068 reliquiis
565 1006 584 1046 a
603 1005 637 1048 se
655 983 749 1048 editis
768 984 898 1067 recepit,
916 983 1010 1048 nobis
1030 1003 1089 1047 nec
1108 985 1299 1048 sententiam
1319 982 1518 1048 consuluisse
1533 1004 1637 1066 neque

401 1091 581 1155 litterarum
609 1090 836 1154 mutandarum
864 1090 1016 1173 artificio,
1045 1111 1108 1174 quo
1132 1089 1202 1154 solo
1227 1090 1428 1172 quorundam
1452 1090 1637 1154 criticorum

400 1199 505 1263 virtus
525 1198 717 1279 continetur,
739 1197 807 1261 ullo
826 1200 922 1281 pacto
942 1197 1135 1262 satisfecisse
1153 1198 1242 1262 visus
1262 1200 1320 1262 est.
1358 1194 1420 1261 Sed
1439 1195 1637 1262 Ribbeckius

401 1305 520 1368 mirum
550 1308 598 1368 est
626 1304 712 1387 quod
740 1325 814 1368 cum
842 1305 1032 1369 coniecisset
1059 1304 1142 1369 ocule
1165 1325 1233 1368 esse
1256 1304 1366 1387 occule,
1396 1303 1482 1387 quod
1505 1303 1637 1368 verbum

401 1409 529 1475 Nonius
557 1412 654 1495 paulo
683 1413 759 1495 post
788 1408 882 1497 (148,
901 1408 959 1497 20)
988 1411 1081 1475 affert
1109 1414 1141 1475 et
1168 1411 1320 1494 explicat,
1349 1410 1428 1475 illud
1456 1431 1522 1473 non
1548 1409 1637 1491 vidit,

401 1517 485 1582 nihil
515 1519 623 1601 aptius
651 1519 796 1601 potuisse
824 1518 865 1582 ad
891 1517 976 1583 hanc
1004 1517 1195 1582 sententiam
1224 1518 1379 1602 applicari
1408 1538 1504 1601 quam
1532 1517 1638 1599 ipsum

402 1624 484 1687 illud
511 1625 611 1689 occule
638 1624 658 1688 i.
683 1647 708 1689 e.
736 1625 861 1689 adalta
898 1623 929 1688 ls
953 1624 1052 1708 enim,
1081 1624 1136 1709 qui
1164 1624 1387 1690 noxitudinem
1410 1623 1636 1707 Pelopidarum

362 1762 389 1803 10
404 1730 586 1796 oblitterari
610 1731 677 1796 sive
700 1732 735 1795 in
758 1732 953 1796 oblivionem
974 1731 1091 1796 adduci
1109 1731 1268 1816 cupiebat,
1291 1730 1369 1815 quid
1388 1733 1516 1815 poterat
1533 1729 1636 1815 magis

403 1839 551 1922 apposite
584 1838 694 1904 iubere
726 1861 799 1902 enm
833 1859 971 1921 quocum
1004 1837 1248 1921 colloquebatur
1280 1859 1376 1922 quam
1409 1837 1568 1902 occultare
1600 1857 1637 1901 ea

403 1965 541 2028 quorum
568 1945 625 2009 ille
651 1945 779 2010 videtur
800 1967 950 2010 revocare
973 1945 1160 2009 memoriam
1182 1946 1331 2009 voluisse.
1370 1942 1405 2008 Si
1427 1946 1536 2008 autem
1557 1942 1638 2008 haec

403 2074 438 2116 se
460 2052 576 2116 intima
598 2052 833 2117 necessitudine
857 2053 1023 2136 excipiunt

1413 2140 1527 2206 occule:

538 2249 699 2313 Nocitado
717 2248 903 2314 oblitteretur
917 2248 1144 2330 Pelopidarum
1163 2268 1201 2312 ae
1212 2269 1272 2330 per
1285 2268 1341 2314 aas
1354 2253 1524 2314 sordescat
1534 2267 1640 2330 penas,

404 2355 469 2418 iam
492 2356 637 2439 praecisa
660 2359 709 2420 est
733 2356 837 2420 omnis
860 2357 998 2420 facultas
1022 2359 1078 2418 aut
1099 2354 1191 2419 aliter
1210 2355 1395 2420 dimetiendi
1414 2375 1565 2420 numeros
1583 2358 1640 2417 ant

404 2461 550 2525 mutandi
574 2462 672 2526 verba
695 2465 728 2525 et
750 2464 936 2547 importuna
959 2484 1058 2527 manu
1082 2462 1232 2527 turbandi
1256 2484 1337 2546 quae
1361 2462 1533 2526 scitissime
1556 2481 1640 2525 com-

404 2568 511 2649 posita
534 2572 618 2632 sunt.

493 2672 582 2738 Haeo
601 2674 677 2738 dnm
697 2680 893 2759 reputamus,
911 2675 1051 2740 advertit
1070 2677 1170 2741 altera
1189 2676 1348 2740 sententia
1367 2697 1406 2739 ex
1421 2675 1531 2739 eodem
1547 2673 1639 2738 Accii

364 2811 391 2852 ,ο
405 2802 568 2844 armorum
592 2782 712 2846 iudicio
736 2781 834 2846 allata
857 2804 875 2845 a
897 2781 1007 2847 Nonio
1032 2783 1088 2866 qui
1111 2806 1141 2868 p.
1160 2783 1235 2867 237,
1257 2783 1296 2846 18
1322 2783 1434 2848 scribit
1510 2824 1531 2863 5

541 2889 652 2953 ‘altari
669 2895 755 2954 aetas
772 2892 946 2972 ammaum.
976 2892 1132 2973 Verpilias
1148 2893 1357 2973 peorpicorara
1372 2891 1423 2955 lib.
1438 2908 1491 2953 1111
1506 2888 1548 2976 (v.
1559 2887 1640 2967 285)

540 2996 661 3061 “altias
682 3018 804 3062 omnam
827 2999 990 3079 &pediam
1007 3000 1119 3081 prima
1141 3004 1279 3079 repeteres
1297 2998 1336 3063 ab
1354 3000 1474 3081 eripiar
1489 2996 1638 3079 famam''
1661 2997 1676 3050 7

539 3109 568 3167 et
590 3103 640 3166 lit.
655 3101 775 3192 i⁷111(r.
791 3104 871 3191 395)
896 3106 998 3187 “qaid
1019 3125 1131 3170 masas
1148 3107 1231 3187 petis
1249 3126 1286 3169 ec
1305 3104 1423 3169 alto?''.
1455 3104 1570 3169 Accius
1587 3124 1641 3168 ar-

540 3230 662 3275 morum
690 3212 807 3276 iudicio
837 3213 916 3276 “car
942 3217 1044 3276 cetera
1071 3217 1135 3276 tara
1164 3233 1201 3276 aa
1228 3211 1290 3277 alto
1316 3212 1482 3293 adpetistis
1505 3211 1640 3275 discidia

406 3395 411 3404 ,
539 3318 811 3400 Apamcmao?''.'

406 3421 594 3489 Omittimus
622 3424 765 3489 Nonium
798 3446 864 3489 non
892 3426 971 3489 satis
999 3434 1084 3490 recte
1113 3425 1199 3510 quod
1226 3429 1275 3489 est
1301 3425 1400 3489 altam
1428 3426 1641 3509 interpretari,

496 3599 542 3667 *1)
561 3598 594 3651 In
617 3600 799 3653 adnotatione
824 3600 989 3654 conabimur
1012 3602 1037 3655 si
1059 3618 1208 3670 possumus
1232 3601 1304 3654 banc
1323 3599 1536 3669 perversitatem
1554 3599 1640 3667 paulo

406 3687 566 3741 accuratius
581 3687 733 3743 declarare.
767 3688 839 3742 Sunt
852 3689 927 3742 enim
941 3691 999 3743 tres
1013 3689 1069 3743 loci
1083 3690 1170 3745 Nonii
1184 3691 1233 3758 qui
1248 3691 1302 3743 huc
1316 3689 1472 3758 pertinent:
1492 3690 1519 3757 a)
1535 3694 1594 3755 143,
1607 3695 1639 3744 21

406 3778 552 3832 Noxitado
572 3795 636 3830 cum
655 3777 783 3846 exemplo
802 3794 837 3833 ex
855 3796 996 3833 armornm
1015 3779 1131 3846 iudicio,
1150 3780 1185 3833 de
1205 3797 1260 3848 quo
1275 3779 1399 3849 agimus;
1418 3779 1447 3848 b)
1463 3784 1523 3846 146,
1539 3783 1571 3831 28
1589 3778 1640 3833 Ob-

405 3867 527 3921 litterare
546 3884 610 3920 cnm
628 3867 757 3935 exemplo
777 3882 814 3921 ex
828 3867 1080 3939 Agamemnonidis
1099 3870 1175 3936 quod
1194 3868 1354 3935 attulimus3
1374 3871 1524 3939 c)148‚20
1546 3868 1642 3923 Occide

406 3957 519 4010 occulta.
541 3956 634 4010 Cicero
650 3999 655 4009 .
672 3999 678 4009 .
695 3957 712 4010 .'
741 3957 840 4026 Itaque
854 3957 935 4011 finxit
949 3958 1025 4011 hunc
1038 3956 1154 4011 titulum
1168 3960 1256 4013 occule
1271 3957 1424 4025 aliquando
1439 3961 1565 4011 secutum
1580 3973 1641 4012 esse

407 4043 488 4097 illum
507 4046 556 4112 qui
574 4048 618 4099 est
638 4052 703 4113 146,
718 4051 752 4098 28
776 4046 950 4111 Oblitterare,
972 4046 1003 4099 in
1022 4046 1075 4099 hoc
1095 4049 1190 4100 autem
1208 4047 1292 4101 titulo
1312 4047 1449 4115 scriptum
1466 4045 1554 4101 fnisse
1573 4046 1641 4099 olim

406 4150 514 4187 versum
535 4151 569 4187 ex
587 4152 728 4189 armorum
747 4133 862 4201 indicio,
881 4134 948 4202 quia
967 4134 991 4188 is
1010 4152 1105 4189 versus
1124 4136 1211 4189 etiam
1227 4136 1404 4191 oblitterandi
1417 4134 1532 4189 verbum
1545 4134 1640 4189 habet.

406 4220 481 4275 lllud
499 4240 556 4277 non
575 4227 703 4293 apparet,
721 4225 816 4276 utrum
835 4224 910 4277 hunc
927 4240 1039 4277 versum
1058 4226 1169 4277 tantum
1187 4226 1368 4281 Odlr'ttcrcrrdi
1381 4225 1466 4279 titulo
1481 4224 1580 4279 haberi
1594 4242 1641 4278 vo-

407 4310 493 4365 luerit
511 4330 548 4365 an
566 4313 653 4366 etiam
671 4312 756 4367 titulo
771 4313 924 4369 Noxitado.
958 4313 1013 4367 Sed
1033 4315 1115 4379 certa,
1135 4314 1159 4367 si
1177 4316 1266 4369 occule
1285 4314 1444 4384 excipiebat
1462 4314 1577 4368 titulum
1595 4314 1641 4367 ob-

407 4401 536 4469 litterare,
549 4402 580 4455 in
595 4419 651 4471 quo
665 4419 760 4456 versus
775 4404 850 4457 ocule
863 4404 999 4458 acritudo
1014 4420 1070 4457 non
1083 4402 1189 4473 legitur
1203 4404 1252 4457 sed
1267 4403 1420 4473 aliquando
1434 4403 1540 4458 lectum
1553 4400 1642 4456 fuisse

409 4490 592 4555 coniectatur.
611 4509 646 4545 ne
667 4492 707 4545 sic
726 4492 841 4560 quidem
860 4491 929 4546 satis
948 4491 1157 4562 intelligeretur
1176 4492 1225 4561 qui
1243 4494 1319 4548 ocule
1332 4492 1362 4545 in
1377 4509 1441 4546 eum
1454 4508 1564 4546 versum
1578 4507 1642 4561 per·

407 4580 539 4647 venisset,
554 4582 658 4634 nedum
673 4581 703 4634 in
717 4598 780 4634 eum
795 4580 912 4635 titulum
926 4582 975 4650 qui
989 4584 1033 4636 est
1047 4581 1200 4636 Noaitada.
1228 4581 1302 4635 lllud
1317 4583 1412 4635 autem
1426 4580 1497 4635 falso
1513 4580 1641 4645 sumitur,

408 4669 532 4723 Nonium
551 4687 661 4724 versum
680 4673 754 4725 cade
772 4671 915 4737 weitado,
935 4672 1004 4739 quia
1023 4672 1051 4724 et
1069 4686 1165 4724 vocem
1183 4672 1317 4741 acritudo
1335 4673 1364 4725 et
1377 4672 1531 4726 oblitterare
1545 4669 1640 4735 habet,

408 4759 460 4812 sub
479 4758 523 4811 hie
542 4759 652 4813 duobus
671 4758 763 4813 titulis
782 4759 944 4814 adlaturum
962 4759 1059 4825 fuisse,
1079 4758 1155 4827 quod
1173 4764 1285 4829 praeter
1302 4759 1389 4814 Nonii
1408 4758 1642 4814 consuetudinem

408 4862 469 4901 ease
487 4846 573 4903 facile
592 4847 777 4902 demonstrari
794 4850 897 4917 potest.
