3967 5725
599 576 650 626 nn
667 575 798 626 TRIBUS
816 575 922 626 LOCIS
940 557 1123 626 HERCULIS
1141 575 1370 626 EURIPIDEAE.
1423 647 1425 652 ,
1532 572 1596 638 257

366 743 480 803 neuter
507 759 631 821 eorum,
658 740 696 801 ut
722 737 828 801 solent
854 737 929 800 navi
956 736 1075 820 critici,
1103 737 1249 820 quamvis
1273 737 1353 800 scita
1377 737 1420 800 sit
1443 757 1480 801 aa
1503 758 1600 820 quam

366 845 506 935 probant
529 844 701 928 sententia,
730 843 902 928 quicquam
928 865 993 928 qno
1017 866 1087 909 eam
1110 842 1255 908 stabilire
1279 846 1335 907 aut
1358 866 1377 908 a
1400 843 1601 908 dubitatione

366 952 528 1018 vindicare
559 951 664 1037 possis
697 951 826 1016 adiecit:
857 973 918 1016 nos
945 973 1047 1036 pauca
1075 953 1150 1016 suut
1178 972 1259 1034 quae
1287 949 1473 1015 adminiculi
1500 951 1602 1014 instar

368 1061 480 1124 afferre
497 1057 668 1144 possimus.
702 1056 803 1134 Quem
822 1058 960 1122 enimin
979 1079 1106 1123 sensum
1121 1056 1324 1122 Hermannus
1343 1057 1400 1122 illa
1418 1057 1603 1141 accipienda

369 1168 463 1252 dixit,
491 1165 621 1242 ἐλπίδες
648 1188 688 1249 με
715 1161 862 1243 ἐψευσαν
885 1163 997 1248 δόξης,
1026 1185 1064 1229 eo
1088 1164 1184 1228 modo
1207 1163 1336 1230 locutus
1360 1168 1408 1230 est
1430 1163 1602 1250 Euripides

368 1275 437 1359 ipse
465 1274 499 1337 in
526 1272 661 1338 Hecuba
684 1268 801 1359 (1032)
830 1294 903 1337 cum
929 1272 1047 1349 ψεύσει
1076 1269 1112 1336 σ’
1138 1269 1221 1336 ὁδοῦ
1248 1269 1340 1355 τῆσδ’
1373 1269 1479 1352 ἐλπίς,
1507 1269 1604 1355 δόξης

370 1386 477 1456 autem
500 1378 674 1458 ἐξέπαισαν
696 1376 799 1467 (quod
822 1382 872 1444 est
894 1378 934 1443 ab
959 1378 1117 1461 ἐκπαίειν,
1140 1399 1207 1442 non
1229 1381 1266 1441 ut
1289 1376 1418 1461 quidam
1438 1377 1520 1443 falso
1540 1399 1605 1444 cre·

335 1488 523 1552 tdiderunt
549 1487 590 1552 ab
618 1485 782 1565 ἐκπαιζειν
810 1485 898 1570 quod
923 1485 1019 1551 nihili
1047 1483 1110 1572 est)
1138 1485 1184 1549 ita
1209 1485 1339 1566 dicitur,
1367 1489 1404 1549 ut
1427 1486 1512 1570 apud
1534 1485 1604 1549 Pla

370 1599 478 1660 tonem
497 1593 662 1660 Phaedrus
684 1592 830 1677 loquitur
852 1591 974 1682 (2280)
996 1603 1094 1659 παῦε·
1117 1591 1335 1677 ἐκαέκρονκοίς
1352 1617 1392 1676 με
1412 1592 1545 1669 ἐλπίδος
1563 1593 1606 1676 ἤν

371 1694 463 1786 εἶχον
486 1700 522 1766 ἐν
545 1701 598 1766 σοί
621 1701 666 1776 ὡς
685 1699 981 1784 ἐγγυμνασόμενος.
1018 1700 1166 1784 Denique
1184 1704 1221 1764 ut
1240 1700 1349 1765 omnia
1366 1700 1605 1784 interpretando
1621 1725 1647 1765 ιο

371 1807 632 1892 complectamur,
649 1808 748 1890 πολύ,
766 1807 804 1872 de
824 1828 888 1890 quo
908 1829 989 1891 quae
1004 1807 1166 1872 Hirzelins
1186 1805 1298 1872 attulit
1315 1828 1380 1873 non
1396 1806 1607 1888 satisfaciunt,

373 1915 468 2004 plane
491 1915 538 1978 ita
560 1915 703 1999 positum
727 1918 776 1979 est
797 1918 834 1979 ut
857 1914 891 1978 in
910 1913 1072 1979 consimili
1090 1915 1249 1979 sententia
1267 1913 1389 1978 Teucer
1407 1912 1606 1999 Sophocleus

373 2018 490 2108 (1382)
514 2022 559 2087 ait
582 2024 640 2086 καί
659 2018 691 2103 μ’
719 2018 863 2098 ἔψευσας
884 2020 1019 2098 ἐλπίδος
1041 2022 1137 2087 πολύ.
1175 2020 1220 2084 At
1240 2043 1315 2086 vero
1334 2020 1414 2086 haec
1434 2021 1508 2085 dum
1530 2025 1606 2087 satis

373 2131 456 2198 inter
479 2151 513 2194 se
536 2130 703 2195 concinere
722 2129 880 2211 videntur,
902 2131 940 2192 nt
959 2128 1114 2212 quaedam
1133 2127 1250 2193 fiducia
1269 2129 1337 2193 veri
1356 2130 1445 2194 nasci
1464 2129 1608 2214 incipiat,

374 2257 446 2301 ecce
469 2257 509 2300 ex
531 2237 633 2300 altera
655 2239 745 2320 parte
764 2237 814 2300 vir
831 2236 1040 2321 gravissimus
1061 2235 1188 2300 exsistit
1206 2234 1378 2319 Hauptius,
1403 2237 1458 2319 qui
1483 2257 1555 2300 cum
1574 2239 1609 2300 in

374 2365 498 2408 summa
524 2343 683 2408 sententia
710 2363 783 2408 cum
810 2341 997 2406 Hermanno
1026 2343 1202 2427 conspiret,
1228 2346 1336 2406 tamen
1364 2342 1421 2408 illa
1446 2340 1543 2427 δόξης
1566 2344 1609 2427 ἤν

374 2452 495 2534 ἤλπισα
527 2447 702 2514 insolenter
728 2471 787 2514 nec
814 2450 893 2514 satis
922 2447 1041 2515 Graece
1070 2450 1134 2515 dici
1161 2454 1321 2514 asseverat
1349 2446 1445 2535 (Opp.
1469 2450 1609 2535 11261),

375 2556 523 2643 idemque
550 2557 630 2621 alios
658 2556 756 2622 tacite
778 2559 916 2621 sensisse
939 2555 1093 2621 credibile
1115 2560 1178 2640 est,
1201 2558 1322 2640 qnippe
1345 2557 1402 2641 qui
1424 2556 1487 2623 hoc
1510 2557 1611 2641 potis-

376 2667 492 2729 simum
516 2663 713 2728 emendando
737 2663 877 2748 effugere
900 2663 1073 2728 studerent.
1112 2663 1233 2729 Verum
1256 2663 1419 2749 Hauptius
1442 2663 1519 2728 huic
1542 2669 1611 2728 tan-

375 2776 444 2836 tum
473 2770 676 2836 incommodo
705 2770 936 2836 occurrendum
964 2775 1066 2854 ratus,
1093 2770 1225 2836 mutatis
1253 2770 1500 2855 pronominibus
1523 2772 1610 2836 πολύ
1627 2798 1653 2838 ιο

375 2903 415 2962 με
438 2876 537 2962 δόξης
559 2876 734 2956 ἐξέπαισαν
758 2878 888 2954 ἐλπίδες
907 2878 946 2955 ἃς
964 2875 1039 2966 (pro
1057 2878 1113 2965 ἤν)
1128 2929 1136 2944 .
1151 2877 1246 2944 ,ποτ’
1268 2882 1390 2963 ἤλπισα
1409 2880 1612 2944 scribendum

258 2970 261 2975 ’
377 2986 521 3052 coniecit.
559 2984 651 3062 Quod
679 2986 740 3050 etsi
766 2984 838 3049 lene
865 2990 915 3050 est
941 2985 1131 3065 remedium,
1159 2990 1267 3051 tamen
1292 3008 1330 3051 eo
1353 2985 1494 3051 remedio
1518 2987 1613 3052 nobis

377 3094 485 3160 nescio
509 3114 573 3176 quo
596 3096 691 3177 pacto
710 3092 813 3158 πλέον
830 3092 987 3176 θάτερον,
1010 3097 1048 3157 ut
1066 3094 1165 3177 aiunt,
1189 3094 1331 3158 effecisse
1349 3093 1437 3158 visus
1457 3097 1518 3158 est:
1538 3116 1613 3157 nam

377 3201 440 3268 nisi
465 3201 543 3285 qnid
566 3222 625 3264 nos
648 3199 746 3279 fallit,
769 3202 925 3265 nontam
950 3200 1094 3284 ἐλπίδας,
1119 3222 1200 3285 quae
1223 3201 1401 3283 excutiant,
1425 3222 1521 3284 quam
1545 3203 1613 3285 opi·

378 3309 508 3371 nionem
540 3329 622 3391 quae
649 3306 831 3372 excutiatur
859 3306 920 3371 dici
950 3309 1183 3391 exspectaveris
1212 3307 1316 3392 qualis
1344 3306 1443 3371 fuerit
1470 3310 1502 3370 et
1529 3307 1614 3372 unde

380 3418 463 3479 nata.
499 3412 547 3478 Ut
575 3415 660 3479 enim
688 3417 737 3478 est
764 3414 798 3478 in
825 3414 972 3479 Platonis
996 3414 1141 3479 Phaedro
1170 3413 1387 3498 ἐκκέκμουκοίς
1415 3438 1454 3498 με
1481 3412 1615 3490 ἐλπίδος

379 3520 423 3603 ἤν
446 3516 546 3605 εἶχον,
570 3521 617 3585 sic
638 3519 771 3608 Megara
794 3542 921 3605 quoque
945 3521 1053 3605 potuit
1076 3520 1132 3584 illa
1156 3521 1285 3604 quidem
1306 3522 1409 3586 dicere
1428 3521 1557 3598 ἐλπίδες
1576 3546 1615 3604 με

381 3626 558 3705 ἐξέπαισαν
580 3628 675 3711 δόξης
697 3629 739 3711 ἤν
762 3620 852 3712 εἶχον
877 3627 911 3691 ἐκ
934 3628 1057 3712 πατρὸς
1081 3629 1203 3710 λόγων,
1229 3629 1286 3692 sed
1308 3628 1422 3693 maluit
1445 3628 1543 3694 verbo
1567 3629 1616 3692 uti

383 3735 486 3820 magis
514 3735 554 3797 ad
577 3756 646 3798 rem
669 3735 818 3819 apposito
842 3739 879 3798 ut
902 3734 948 3798 ita
971 3735 1091 3799 diceret
1114 3733 1288 3812 ἐξέπαισαν
1313 3734 1409 3819 δόξης
1432 3736 1474 3817 ἤν
1492 3738 1615 3819 ἤλπισα

384 3839 420 3906 ἐκ
446 3844 570 3927 πατρὸς
598 3844 714 3925 λόγων.
750 3840 811 3907 Illo
839 3863 914 3907 vero
943 3864 1050 3906 errore
1079 3842 1194 3906 mentis
1223 3863 1262 3905 ne
1291 3842 1661 3925 abripiamu1·incon·ac

385 3950 476 4034 sulti,
505 3972 570 4034 quo
593 3948 757 4032 Hauptius
785 3953 817 4015 et
843 3948 989 4033 plerique
1018 3950 1141 4014 seducti
1170 3948 1232 4013 sibi
1254 3948 1462 4032 persuadent,
1493 3972 1557 4015 non
1581 3953 1618 4012 ut

383 4055 503 4124 ἐλπίδα
530 4056 688 4139 ἐλπίζειν,
714 4056 816 4142 ὕβριν
840 4057 1003 4140 ὑβρίζειν,
1031 4057 1193 4121 κίνδυνον
1215 4055 1441 4138 κινδυνεύειν,
1469 4058 1619 4140 τόλμημα

383 4168 520 4247 τολμᾶν,
544 4163 607 4227 alia
629 4163 669 4227 ad
693 4186 766 4227 eum
790 4163 923 4227 modum
945 4164 1065 4227 usitata
1089 4167 1172 4246 suut,
1196 4164 1243 4227 sic
1266 4184 1360 4247 posse
1380 4163 1476 4226 ctiam
1496 4163 1619 4227 variato

384 4270 539 4354 loquendi
566 4270 662 4333 modo
691 4269 755 4335 dici
782 4267 882 4346 δόξαν
909 4267 1053 4347 ἐλπίζειν
1082 4268 1197 4355 (δόξαν
1223 4270 1267 4353 ἤν
1294 4267 1446 4353 ἤλπισα),
1477 4268 1618 4351 primum

385 4376 704 4441 animadvertendum
736 4380 798 4457 est,
829 4380 866 4439 ut
893 4375 987 4441 Plato
1021 4376 1117 4454 δόξας
1144 4386 1212 4440 τῶν
1239 4378 1428 4459 μελλόντων
1457 4376 1620 4440 communi

387 4484 604 4569 appellatione
627 4482 762 4559 ἐλπίδας
784 4484 946 4547 nominari
965 4483 1094 4567 scripsit
1113 4480 1214 4569 (Νόμ.
1233 4502 1245 4547 1
1263 4507 1294 4568 p.
1314 4482 1379 4546 644
1390 4480 1431 4569 ο),
1454 4482 1499 4546 ita
1519 4480 1619 4561 δόξαν

388 4597 421 4655 et
453 4613 533 4675 quae
564 4612 636 4655 cum
664 4612 702 4655 eo
729 4590 860 4654 nomine
888 4590 1059 4656 coniuncta
1087 4594 1163 4654 sunt
1190 4594 1246 4653 aut
1274 4590 1314 4654 ab
1342 4590 1452 4655 eadem
1481 4610 1554 4654 cum
1582 4610 1620 4653 eo

386 4698 515 4783 origine
548 4698 643 4762 ducta
675 4719 769 4782 saepe
798 4718 871 4761 cum
899 4696 1031 4773 ἐλπίδος
1057 4696 1187 4761 nomine
1216 4719 1288 4762 eum
1317 4698 1350 4759 in
1380 4696 1509 4762 modum
1538 4718 1622 4761 oom-

385 4805 491 4874 mixta
518 4809 551 4869 et
577 4805 757 4889 composita
783 4803 862 4890 legi,
888 4807 926 4867 ut
954 4807 1124 4889 cognatam
1153 4825 1189 4867 ac
1217 4824 1317 4887 paene
1346 4804 1478 4868 eandem
1507 4804 1624 4867 utrius-

443 4919 571 4959 Vahlenl
584 4921 695 4969 opuscula
707 4919 740 4960 ΙΙ.
1377 4913 1408 4960 17
