3967 5725
383 622 449 688 488
580 625 679 677 LVIII.
697 624 814 675 INDEX
831 622 1046 675 morionum
1064 623 1306 675 HIBEBNARUM
1325 625 1394 676 1903
1399 627 1457 695 [04.

382 788 488 852 forma
514 787 606 852 allum
638 785 838 851 sustulerunt
870 787 903 850 et
930 805 1041 849 versus
1070 784 1126 869 qui
1154 784 1334 850 tetrametri
1361 784 1554 850 videbantur
1581 785 1615 849 in

383 893 464 958 duos
488 891 651 958 trimetros
674 893 879 979 redegerunt:
1429 945 1432 950 .

388 1054 390 1057 .
1265 997 1459 1065 armareis*

521 1107 654 1188 Quaado
677 1107 721 1171 ezer
737 1125 887 1190 pererrem
909 1105 1024 1188 lupide,
1047 1126 1111 1170 aaa
1133 1111 1199 1170 tam
1223 1103 1314 1170 ellum
1336 1106 1455 1188 adpetit

521 1213 583 1295 Qui
604 1233 637 1278 sc
658 1214 713 1277 ιάιλ
734 1233 830 1294 qaum
852 1211 975 1295 eampse
997 1213 1142 1294 lapidera,
1165 1213 1221 1294 qui
1242 1214 1315 1294 epse
1336 1214 1400 1277 icto
1422 1218 1473 1292 est,
1490 1214 1578 1295 petit.

382 1319 433 1385 lta
460 1318 672 1396 Quieheratus
705 1323 738 1384 et
765 1316 901 1403 Onions;
934 1318 1109 1384 Muellerus
1138 1339 1202 1403 quo
1230 1321 1434 1384 tetrametro·
1450 1321 1617 1384 retineret

383 1449 455 1493 eum
483 1427 575 1492 ιλλαιιι
602 1429 635 1492 et
662 1426 732 1511 ipse
746 1423 906 1492 'reiiceret
933 1447 1004 1490 eam
1027 1426 1184 1491 iacturum
1208 1424 1317 1491 addita
1339 1446 1445 1492 morsu
1467 1447 1546 1492 voce
1568 1448 1616 1490 re·

383 1533 503 1599 sarcire
525 1532 663 1598 studuit:
1159 1557 1161 1562 ·

516 1640 605 1706 Nom
628 1641 718 1705 ααιιλι
739 1641 893 1721 quoudost
909 1659 1060 1721 pecasse
1083 1639 1196 1724 lupide,
1219 1660 1283 1706 ooo
1301 1646 1367 1705 tom
1385 1640 1477 1705 illum
1494 1639 1616 1725 adripit

342 1774 369 1816 ιι
520 1723 582 1829 Qui
599 1768 663 1814 rese
680 1748 735 1812 icit
752 1767 848 1828 qaum
864 1766 987 1828 europae
1000 1767 1109 1811 morsu
1123 1746 1261 1828 lapidem
1274 1748 1330 1830 qui
1343 1747 1416 1828 apso
1429 1748 1616 1829 λαλααλραλλλ.

382 1851 544 1920 Nolumus
568 1854 730 1940 exagitare
754 1852 882 1939 singula
905 1874 987 1936 quae
1011 1853 1065 1917 ille
1089 1873 1147 1918 suo
1166 1853 1310 1937 periculo
1329 1854 1470 1938 novavit,
1493 1853 1528 1918 in
1546 1855 1614 1938 qui-

382 1960 444 2025 bus
467 1959 551 2026 nihil
572 1965 621 2026 est
640 1960 726 2046 quod
744 1981 803 2025 sua
820 1959 1050 2045 probabilitate
1068 1959 1178 2024 niteat.
1214 1957 1300 2024 Illud
1318 1981 1495 2046 monemus,
1518 1981 1617 2044 prave

383 2067 495 2133 doctos
522 2068 614 2134 ellum
644 2089 823 2153 pronomen
852 2067 1017 2150 delevisse,
1050 2066 1136 2151 quod
1165 2066 1373 2132 coniunctum
1397 2088 1470 2133 eum
1493 2088 1616 2150 eumpse

382 2173 414 2239 h.
433 2197 458 2239 e.
482 2177 586 2257 ipsum
605 2175 752 2260 inprimis
771 2179 883 2259 aptum
903 2178 972 2238 erat
989 2173 1030 2238 ad
1048 2173 1132 2239 banc
1150 2174 1356 2239 sententiam:
1380 2175 1466 2239 canis
1486 2175 1616 2259 quando

382 2280 489 2365 lapide
510 2303 662 2366 pereussa
685 2285 734 2346 est
756 2303 822 2346 uon
844 2285 910 2346 tam
934 2279 1027 2345 illum
1051 2279 1107 2364 qui
1131 2302 1164 2346 se
1188 2279 1246 2346 icit
1264 2282 1388 2364 appetit
1407 2303 1503 2365 quam
1523 2280 1615 2347 illum

382 2388 488 2472 ipsum
520 2388 660 2473 lapidem
693 2410 758 2472 quo
786 2389 851 2453 ieta
880 2390 929 2452 est
958 2387 1049 2472 petit.
1095 2385 1218 2471 Virque
1246 2408 1357 2453 eorum
1384 2388 1616 2472 pronominum

382 2516 465 2578 qnae
491 2500 588 2579 esset,
614 2498 765 2579 poterant
793 2494 939 2579 exempla
961 2493 1113 2559 Plautina
1136 2493 1258 2578 dooere,
1286 2493 1380 2578 quale
1408 2498 1457 2560 est
1480 2495 1515 2559 in
1538 2493 1615 2560 Cur·

383 2601 509 2667 culione
533 2619 569 2667 ιν
588 2601 618 2683 3,
639 2601 656 2665 1
673 2622 743 2686 sqq.
786 2598 868 2687 (534
882 2598 966 2686 sqq.)

472 2725 528 2772 ru.
560 2708 636 2772 Noa
659 2728 711 2790 epo
733 2727 817 2772 auae
839 2708 988 2772 mediocre¹
1010 2707 1118 2772 incedo
1140 2709 1243 2774 erotus
1265 2709 1444 2788 λνααααιλλα,

342 2842 368 2884 ιι
560 2811 624 2879 Sed
645 2834 752 2897 eopse
774 2813 845 2879 ι’λλα
871 2834 944 2896 quo
965 2815 1156 2881 occidionem
1176 2816 1280 2896 fucere
1301 2816 1459 2881 condidici
1481 2816 1615 2899 oppidis.

471 2938 525 2985 nr.
558 2922 633 2987 Noa
656 2921 760 3003 edepol
781 2941 865 2986 auno
887 2941 940 3004 epo
962 2926 991 2986 te
1013 2922 1161 2987 medam
1184 2928 1283 2988 ιιιααα
1306 2924 1489 3003 infortunio,

560 3027 624 3093 Sed
646 3048 750 3111 eopse
771 3027 839 3093 illo
863 3049 930 3110 quo
953 3034 1091 3093 muctare
1112 3029 1190 3095 soleo
1213 3031 1286 3111 quoi
1308 3030 1356 3095 ml
1379 3031 1478 3114 debeo,

382 3139 438 3200 aut
460 3135 495 3200 in
517 3134 667 3200 Rudente
689 3132 974 3222 1v8,14(1278)

515 3259 569 3306 ΡΒ.
600 3243 752 3308 Etiamne
773 3263 842 3308 eom
865 3242 1034 3308 adveniens
1055 3243 1209 3308 εαλιιλααιέ
1247 3261 1301 3307 ru.
1326 3242 1447 3328 Censeo,

383 3348 496 3414 deinde
518 3350 626 3435 pergit
649 3370 801 3434 quaerere
818 3349 971 3415 Etiamne
991 3350 1161 3416 odoeaieus
1183 3350 1365 3433 complector
1387 3353 1455 3416 αἰιε
1468 3350 1616 3433 patrem?

386 3456 478 3537 Quid,
501 3456 657 3521 matrem?
707 3457 799 3538 Quid,
822 3476 946 3540 eampse
967 3456 1068 3535 ιλλαιιι,
1092 3457 1214 3521 seilicet
1237 3478 1333 3541 quam
1356 3460 1432 3521 ente
1455 3457 1545 3522 dixit.

470 3559 584 3645 Itaque
611 3561 784 3629 Ribbeckii
815 3562 958 3627 rationes
989 3562 1174 3646 probandae
1205 3566 1293 3646 sunt,
1326 3564 1382 3648 qui
1411 3564 1491 3629 duos
1519 3567 1616 3629 tetra

381 3671 501 3734 metros
525 3667 704 3754 descripsit,
727 3670 761 3733 in
785 3690 923 3752 qnorum
946 3670 1048 3734 altero
1077 3670 1138 3752 Qui
1159 3690 1223 3737 sese
1243 3671 1299 3734 iat
1319 3675 1405 3735 recte
1425 3671 1522 3736 scribi
1541 3692 1611 3735 con-

381 3774 557 3841 cedendum
582 3779 640 3858 est,
662 3776 726 3840 nisi
745 3778 818 3861 quis
836 3775 987 3841 maluerit
1010 3752 1071 3858 Qui
1092 3796 1125 3842 se
1151 3778 1206 3842 icit
1234 3798 1330 3859 qaum
1350 3778 1355 3861 Ι
1374 3777 1466 3843 aaa
1493 3798 1616 3861 eumpse

342 3908 369 3950 ιι
383 3903 456 3947 cum
479 3882 580 3948 hiatu.

472 3986 534 4053 Sed
561 4009 621 4053 nos
650 4009 717 4053 non
743 3988 806 4054 hoe
834 3988 1022 4075 agebamus,
1054 3993 1091 4053 ut
1118 3988 1234 4055 horum
1261 4012 1410 4056 versuum
1439 3991 1615 4075 scripturae

381 4095 580 4179 rimaremur,
603 4117 741 4180 qnorum
759 4096 927 4178 sententia,
950 4094 1109 4179 quidquid
1127 4095 1288 4180 scribitur,
1306 4096 1404 4181 plana
1421 4101 1471 4163 est
1489 4120 1526 4163 ao
1544 4119 1615 4181 per·

383 4201 506 4287 spicua3
534 4202 589 4267 sed
618 4202 771 4285 quoniam
799 4200 878 4266 haec
905 4201 1004 4267 verba
1031 4203 1264 4286 comparationi
1288 4203 1444 4269 inservire
1467 4207 1614 4288 apertum

382 4312 440 4394 eet,
462 4330 528 4374 non
551 4310 697 4393 ineptum
720 4307 890 4373 videbatur
912 4330 1073 4393 quaerere,
1097 4308 1182 4374 unde
1204 4309 1267 4375 hoo
1288 4310 1393 4375 simile
1412 4309 1544 4375 ductum
1562 4311 1615 4375 cui

381 4416 429 4480 rei
451 4438 470 4481 a
492 4419 590 4501 poeta
612 4414 793 4480 adhibitum
815 4419 997 4501 putaretur:
1025 4415 1064 4479 de
1087 4436 1151 4500 qua
1173 4438 1208 4480 re
1230 4417 1346 4501 nuperi
1369 4416 1507 4483 editores
1530 4416 1615 4482 nihil

382 4526 438 4587 ant
460 4522 543 4587 nibil
566 4520 735 4608 probabile
757 4522 944 4587 attuleruut

469 4627 583 4712 Itaque
601 4628 695 4694 Plato
715 4629 748 4692 in
767 4632 934 4706 πολιτείας
953 4629 1068 4713 quinto
1087 4651 1119 4712 p.
1134 4628 1209 4711 253,
1225 4629 1267 4694 10
1285 4628 1387 4694 Bekk.
1401 4629 1482 4695 haee
1500 4628 1613 4697 scribit

514 4737 549 4801 τί
574 4736 644 4815 δαίς
676 4736 862 4818 σκυλεύειν,
894 4729 936 4819 ἦν
964 4732 995 4800 d'
1028 4734 1106 4819 ἐγώ,
1137 4737 1215 4812 τοὺς
1240 4738 1499 4820 τελευτήσαντας
1526 4736 1612 4819 πλὴν

514 4841 638 4926 ὅπλων,
665 4839 804 4907 ἐπειδᾶν
831 4844 1025 4927 νικήσωσιν,
1053 4836 1073 4925 ἦ
1097 4845 1204 4919 καλῶς
1227 4844 1307 4927 ἔχεις
1333 4840 1354 4926 ἣ
1378 4842 1419 4909 od
1442 4844 1613 4929 πρόφασιν
