3967 5725
525 650 576 699 DE
594 648 758 700 vnncnnl
777 648 938 700 CARMINE
955 647 1141 700 Buconlco
1160 649 1234 700 vm.
1252 648 1343 700 DISP.
1359 649 1394 698 11.
1514 645 1579 710 529

347 814 437 876 velut
463 811 527 875 hoc
553 810 640 893 loco,
674 812 746 894 quis
773 832 839 874 non
867 810 965 874 sentit
993 832 1089 894 quam
1116 809 1252 873 ridicula
1280 809 1345 874 sint
1374 809 1436 872 ista
1463 809 1580 892 quibus

347 918 494 1001 Heynius
526 917 707 982 additurum
740 939 890 981 versuum
921 938 1049 982 oausam
1077 920 1110 980 et
1137 917 1295 1000 originem
1326 916 1388 981 sibi
1415 916 1503 979 visus
1532 919 1581 979 est

348 1027 516 1090 declarare.
554 1023 617 1089 Sed
635 1023 791 1109 Heynius‚
810 1029 847 1088 nt
864 1046 959 1107 saepe
978 1028 1047 1088 erat
1066 1025 1188 1089 incerto
1208 1044 1245 1088 ac
1263 1023 1433 1087 fluctuanti
1452 1022 1581 1106 iudicio,

348 1134 395 1196 ita
413 1153 498 1196 nunc
517 1153 611 1216 posse
630 1131 759 1214 quidem
779 1134 932 1214 quattuor
950 1153 1100 1195 versuum
1120 1131 1295 1194 sententias
1315 1152 1352 1195 ac
1370 1134 1515 1194 tenorem
1530 1150 1581 1193 ex-

347 1239 460 1323 plicari
478 1238 607 1321 fatetur,
631 1238 670 1302 ad
691 1236 795 1302 Servii
813 1238 880 1301 fere
898 1242 1036 1302 mentem
1056 1237 1294 1322 interpretatus,
1316 1258 1428 1301 rerum
1449 1236 1581 1320 ‘aliquid

348 1346 448 1412 ieiuni
480 1350 513 1409 et
544 1346 646 1429 inepti
677 1344 768 1409 lusus
794 1345 913 1409 inesse’
943 1344 1091 1409 affirmat.
1133 1342 1193 1409 Cui
1220 1343 1303 1408 Phil.
1327 1342 1509 1429 Wagnerus
1536 1345 1582 1408 ita

348 1452 536 1536 obloquitur
559 1456 596 1515 ut
620 1451 700 1516 duos
723 1473 834 1515 versus
857 1452 943 1516 solos

484 1559 602 1625 Soccus
625 1559 726 1623 Amor
748 1559 1019 1623 16661166111616
1041 1560 1195 1641 scapulae
1217 1564 1347 1623 matrem

484 1665 720 1731 Commccalare
741 1685 872 1731 manus:
895 1665 1030 1730 6111616116
1052 1670 1085 1730 tc
1108 1686 1224 1747 quoquc
1246 1671 1346 1730 mater

348 1773 425 1840 ferri
457 1795 552 1857 posse
585 1775 682 1858 neget
714 1774 884 1856 propterea
911 1772 999 1855 quod
1026 1771 1265 1837 hemistichium
1293 1771 1375 1836 illud
1403 1776 1581 1836 extremum
1597 1798 1622 1837 16

349 1881 444 1947 inane
468 1881 519 1964 sit,
542 1879 605 1943 nisi
624 1901 663 1943 ex
682 1879 837 1963 proximis
857 1879 922 1943 vim
941 1883 974 1942 et
991 1880 1096 1943 lucem
1115 1879 1262 1963 accipiat.
1295 1877 1388 1955 Quod
1407 1880 1452 1943 ita
1470 1901 1581 1944 verum

348 1991 399 2051 est
421 1992 459 2052 ut
480 1987 560 2051 haec
584 1986 686 2050 oratio
708 1987 854 2070 quamvis
873 1985 917 2049 sit
935 1984 1085 2050 absoluta
1103 2007 1162 2070 pro
1183 1985 1333 2050 carminis
1351 1989 1467 2049 natura
1485 1985 1582 2050 nimis

349 2115 419 2158 esse
437 2097 575 2179 angusta
592 2092 752 2178 videatnr3
771 2113 835 2175 quo
854 2114 930 2157 vero
950 2091 1181 2176 interpretandi
1199 2113 1315 2177 genere
1330 2091 1414 2155 idem
1430 2095 1584 2174 quattuor

350 2222 461 2265 versus
489 2222 507 2263 a
531 2200 629 2264 ieiuni
653 2199 742 2263 lusus
766 2199 900 2264 crimine
923 2198 1061 2263 liberare
1084 2198 1206 2282 studet,
1233 2221 1307 2264 cum
1330 2219 1458 2262 sensum
1482 2198 1583 2262 nomi·

349 2329 428 2371 num
456 2306 590 2371 61616116
617 2311 648 2370 61
676 2306 835 2387 improbus
865 2307 898 2370 in
926 2305 1050 2371 diversa
1078 2305 1201 2390 trahat,
1229 2305 1267 2370 de
1296 2305 1412 2389 quibus
1436 2304 1582 2388 Heynius

349 2413 467 2481 16611116
491 2413 696 2498 iudicaverat,
719 2412 752 2477 id
775 2417 923 2498 apertum
947 2417 996 2477 est
1018 2434 1085 2477 non
1106 2435 1201 2498 posse
1225 2411 1417 2477 satisfacere.

439 2519 569 2584 Fortius
602 2524 634 2584 et
661 2520 859 2606 ingeniosius
888 2520 1020 2584 eandem
1049 2541 1176 2584 causam
1205 2541 1376 2605 aggressus
1404 2523 1452 2583 est
1480 2516 1584 2584 Godc·

349 2627 458 2694 fredus
478 2625 691 2710 Hermannus,
710 2627 766 2711 qui
783 2627 896 2691 Bionis
916 2631 948 2691 et
966 2627 1093 2693 Moschi
1112 2626 1307 2692 carminibus
1326 2649 1353 2691 a.
1374 2626 1460 2691 1849
1480 2625 1584 2706 editis,

349 2756 424 2800 cum
448 2734 711 2818 aequabilitatem
734 2734 914 2799 carminum
937 2733 1158 2799 bucolicorum
1180 2734 1421 2799 instaurandam
1445 2732 1584 2816 duceret,

350 2841 431 2907 duos
454 2845 619 2927 pastorum
646 2844 759 2906 cantus
783 2864 864 2927 quos
883 2838 1048 2929 Vergilius
1071 2841 1132 2907 hoc
1153 2843 1300 2927 poemate
1319 2841 1507 2926 complexus
1526 2846 1583 2925 est,
1598 2870 1624 2909 ro

350 2950 397 3015 ita
419 2950 570 3014 tractavit
593 2948 638 3035 (p
657 2949 700 3012 46
710 2947 794 3035 sqq.)
817 2953 854 3013 ut
878 2953 910 3014 et
932 2950 1082 3014 universe
1104 2971 1254 3014 versuum
1279 2970 1447 3014 numerum
1466 2950 1501 3014 in
1520 2972 1585 3013 am·

314 3056 455 3125 1116116
489 3060 681 3140 exaequaret
713 3060 745 3120 et
777 3056 921 3142 singulas
952 3056 1119 3141 pericopas
1148 3057 1232 3121 inter
1260 3076 1293 3120 se
1321 3076 1486 3139 compares
1515 3077 1583 3120 esse

350 3164 526 3247 eodemque
550 3185 583 3226 se
607 3162 718 3227 ordine
741 3183 779 3226 ac
801 3184 934 3227 numero
953 3164 1099 3246 excipere
1117 3162 1288 3248 flagitaret.
1327 3161 1420 3225 Unde
1438 3161 1501 3225 hoc
1520 3163 1583 3246 pri-

350 3290 436 3333 mum
453 3289 651 3353 consequens
666 3271 735 3332 erat
750 3273 786 3332 111
800 3267 967 3353 stropham
982 3290 1064 3353 quae
1080 3268 1175 3331 nobis
1190 3268 1285 3331 estin
1298 3266 1446 3332 manibus
1458 3271 1585 3350 praeter

351 3375 572 3440 intercalarem
600 3395 667 3438 non
695 3377 848 3457 quattuor
875 3396 986 3439 versus
1015 3373 1070 3438 sed
1095 3377 1161 3437 tres
1185 3377 1311 3437 tantum
1334 3373 1454 3439 habere
1476 3373 1581 3439 vellet.

351 3480 445 3556 Quod
477 3485 514 3544 ut
546 3480 687 3544 efficeret
717 3502 782 3546 non
811 3480 972 3546 dubitarit
999 3480 1130 3544 tertium
1158 3480 1296 3546 abiicere
1320 3477 1392 3567 (49)
1422 3481 1467 3545 ita
1494 3485 1583 3546 ratus

350 3586 446 3651 istam
474 3587 695 3670 quaestionem
718 3586 852 3652 66116116
874 3593 974 3652 mater
997 3588 1099 3669 166916
1121 3607 1166 3651 aa
1183 3608 1265 3669 puer
1287 3588 1445 3669 improbus
1467 3588 1521 3654 1116
1543 3589 1582 3653 ab

350 3693 413 3761 hac
431 3694 576 3758 oratione
595 3693 766 3779 repudiari,
785 3694 820 3757 in
838 3715 902 3778 qua
919 3716 985 3758 non
1005 3698 1154 3780 ageretur
1166 3695 1229 3758 nisi
1245 3695 1283 3758 de
1298 3696 1431 3760 saevitia
1444 3695 1583 3779 Amoris,

351 3799 481 3867 Medeae
505 3800 676 3865 crudelitas
700 3801 806 3866 ‘modo
830 3802 944 3866 leviter
967 3801 1127 3888 tangenda
1149 3801 1285 3867 fuisset'.
1323 3800 1425 3879 Quam
1450 3803 1583 3868 obrem

351 3906 521 3971 tolerabile
539 3928 609 3972 esse
628 3912 771 3974 extremo
790 3929 883 3973 versu
903 3908 1142 3973 hemistichium
1161 3909 1294 3974 6111116116
1310 3915 1472 3992 laeuoque
1486 3916 1585 3975 muter
1598 3936 1625 3977 16

349 4014 501 4099 affirmas,
524 4037 590 4079 non
613 4014 781 4079 tolerabile
803 4015 888 4080 idem
907 4015 1056 4101 secundo,
1079 4015 1137 4080 ubi
1154 4036 1213 4079 nec
1232 4016 1389 4081 sermonis
1408 4014 1475 4102 legi
1493 4015 1585 4081 satis·

351 4122 480 4207 faceret,
505 4144 587 4206 quae
605 4123 738 4203 66161616,
760 4144 827 4186 161
844 4143 961 4205 quoque
977 4122 1164 4207 requireret,
1182 4143 1242 4187 nec
1260 4124 1446 4204 sententiae,
1469 4120 1496 4186 si
1516 4123 1585 4206 qui-

350 4228 425 4294 dem
448 4250 542 4295 nemo
566 4228 713 4294 dubitare
735 4232 855 4314 posset,
878 4230 957 4313 quin
981 4228 1120 4293 crudelis
1141 4234 1227 4295 esset
1244 4233 1346 4295 mater
1365 4251 1446 4313 quae
1464 4228 1584 4294 liberos

350 4359 428 4403 suos
450 4336 672 4402 interfecisset.
709 4335 770 4400 His
793 4336 974 4400 rationibus
991 4336 1108 4401 ductus
1128 4334 1341 4419 Hermannue,
1364 4356 1437 4401 cum
1457 4356 1585 4401 versum

351 4444 527 4510 secundum
546 4444 739 4529 integrasset
757 4442 795 4507 de
815 4465 883 4522 sno,
902 4442 1084 4528 Vergilium
1100 4444 1161 4509 sibi
1175 4443 1337 4526 persuasit
1349 4441 1433 4506 nihil
1447 4442 1584 4526 amplius

350 4550 519 4635 scripsisse
543 4572 639 4634 quam
662 4549 725 4615 hoc

397 4657 438 4720 41
486 4656 605 4722 866666
626 4656 729 4721 Amor
751 4657 1022 4721 decollacionem
1044 4658 1199 4739 66696166
1221 4662 1352 4721 matrem

396 4763 439 4827 48
488 4762 723 4827 0661611616
744 4782 875 4828 manus:
891 4784 1000 4845 puer,
1023 4783 1045 4827 6
1061 4782 1157 4844 puer
1178 4762 1369 4843 improbus
1391 4762 1475 4828 illc:

394 4868 441 4932 50
486 4868 652 4950 1166161166
673 4869 727 4934 dle
742 4891 836 4955 6661,
859 4869 995 4935 madalis
1017 4875 1050 4933 16
1073 4890 1189 4951 quoque
1211 4876 1322 4948 mater,

405 4982 532 5022 Vahlenl
545 4983 657 5032 opuscul»
671 4984 701 5026 11.
1338 4981 1371 5029 34
