3967 5725
425 669 492 734 468
639 670 724 721 LVII.
743 670 859 720 INDEX
877 667 1092 720 LEGTIONUM
1113 667 1346 719 AESTIVARUM
1366 669 1443 718 1903.

428 832 502 920 178,
520 831 564 896 30
586 829 641 898 καλ
660 832 682 916 ἡ
699 831 797 897 είκὼν
815 830 835 914 ἡ
856 829 998 914 (λυθεῖσα
1017 831 1065 907 εἰς
1083 831 1123 894 τά
1143 827 1245 914 μέτρα
1259 839 1327 893 τῶν
1340 838 1504 911 ποιητῶν*
1520 828 1666 912 ὡραίους

587 941 677 1023 λέγει
702 939 784 1003 άνευ
808 937 951 1014 κάλλους
973 939 1054 1013 τοὺς
1076 937 1121 1020 μὴ
1145 937 1246 1012 όντας
1266 930 1330 1019 μὲν
1354 935 1527 1020 ἀμόρφους
1551 934 1665 1017 φύσει,

586 1055 625 1132 τῇ
649 1043 811 1130 ἐπιχρίσει
834 1044 872 1109 dt
895 1055 962 1109 τῶν
985 1044 1162 1129 φυκαρίων
1186 1044 1370 1119 δοκοῦντας
1393 1041 1586 1127 εὐμόρφους
1604 1046 1666 1106 κτλ

544 1195 548 1198 -
587 1151 692 1240 (piget
712 1153 809 1236 plura
832 1149 961 1236 afferre)
1324 1143 1325 1148 ¹
1653 1166 1657 1172 ’

425 1260 549 1346 liquido
577 1261 798 1327 demonstrant
824 1259 1033 1342 interpretem
1058 1279 1099 1322 ne
1123 1255 1308 1321 Aristotelis
1339 1250 1468 1339 quidam
1491 1255 1601 1340 verba,
1631 1257 1669 1320 in

423 1368 543 1452 ‘quibus
566 1366 764 1451 explicandis
789 1386 919 1450 operam
942 1365 1097 1447 abutitur,
1120 1362 1329 1446 intellexisse,
1352 1362 1470 1427 nedum
1494 1360 1668 1428 Platonem

428 1470 592 1539 evolverit.
718 1538 720 1541 .

515 1580 689 1646 Adduntur
710 1579 844 1645 Periclis
868 1571 1124 1664 comparationes
1149 1577 1229 1642 duae
1251 1576 1335 1642 1407
1357 1599 1375 1641 a
1395 1577 1412 1641 1
1438 1576 1492 1642 καλ
1516 1573 1536 1659 ἡ
1560 1581 1671 1659 Περι-

542 1729 545 1735 ·
587 1685 704 1764 κλέους
727 1689 775 1764 είς
793 1688 959 1771 Σαμίους,
985 1684 1129 1751 ἐοικέναι
1153 1679 1276 1760 αὐτοὺς
1298 1693 1368 1760 τοῖς
1390 1685 1536 1760 παιδίοις
1560 1682 1580 1748 d
1604 1685 1671 1748 τὸν

587 1795 705 1877 ψωμὸν
733 1791 862 1878 δέχεται
891 1793 966 1879 μέν,
993 1794 1152 1865 κλαίοντα
1178 1789 1223 1856 de'.
1252 1789 1307 1856 καλ
1331 1792 1378 1867 είς
1402 1791 1587 1874 Βοιωτούς,
1615 1789 1670 1855 ὅτι

587 1902 696 1985 ὅμοιοι
715 1911 785 1978 τοῖς
803 1902 949 1986 κρίνοις·
967 1901 1046 1976 τούς
1065 1923 1100 1985 τε
1119 1900 1182 1984 γάρ
1203 1901 1346 1981 κρίκους
1364 1895 1429 1982 ὑφ’
1443 1896 1554 1962 αὑτῶν
1568 1919 1668 1961 κατα-

586 2012 769 2074 κόπτεσθαι
792 2009 846 2073 καλ
870 2010 949 2084 τοὺς
968 2008 1138 2083 Βοιωτοὺς
1160 2007 1243 2091 πρὸς
1266 2005 1431 2089 ἀλλήλους
1449 2001 1670 2089 μαχομένους.

426 2116 478 2183 Ad
501 2116 642 2201 priorem
664 2115 744 2181 haec
767 2115 925 2200 interpres
950 2138 981 2200 p.
1004 2114 1076 2198 179,
1095 2114 1131 2178 4:
1153 2114 1209 2178 καλ
1232 2111 1252 2195 ἡ
1278 2111 1377 2177 εἰκὼν
1399 2111 1441 2195 ἣν
1460 2111 1478 2176 ὁ
1499 2115 1670 2196 Περικλῆς

588 2225 636 2300 είς
659 2224 811 2307 Σαμίους
838 2228 979 2308 είρηκεν.
1014 2221 1121 2297 οὕτως
1145 2221 1180 2285 ol
1201 2220 1325 2304 Σάμιοι
1349 2218 1502 2304 δέχονται
1524 2214 1586 2300 μὲν
1609 2220 1671 2294 τὰς
1781 2257 1782 2266 1

588 2330 777 2414 εὐεργεσίας
808 2331 897 2416 παρά
929 2337 987 2413 τῆς
1018 2330 1158 2411 πόλεως,
1192 2327 1450 2412 δυσχεραίνουσι
1484 2322 1521 2391 dl
1554 2322 1592 2390 ἐν
1625 2334 1674 2413 τῷ
1781 2371 1782 2380 ι

588 2437 770 2518 λαμβάνειν
794 2436 903 2513 αὐτάς.
1781 2445 1782 2458 ’

427 2545 466 2610 In
489 2544 606 2628 quibus
634 2541 831 2608 scholiorum
854 2544 960 2608 editor
982 2547 1056 2609 ante
1080 2541 1186 2618 οὕτως
1209 2540 1383 2606 desiderari
1406 2539 1544 2624 putabat
1568 2540 1673 2604 verba
1781 2571 1782 2576 ¹

428 2651 546 2716 similia
570 2651 610 2715 iis
634 2649 751 2735 quibus
774 2648 967 2716 Aristoteles
990 2649 1165 2734 imaginem
1190 2648 1349 2733 expressit
1373 2645 1518 2713 ἐοικέναι
1542 2645 1670 2724 αὐτοὺς

427 2763 501 2842 κτλ,
527 2779 610 2842 quae
632 2760 707 2841 apte
730 2756 835 2841 excipi
859 2761 992 2841 possent
1016 2758 1056 2822 ab
1080 2756 1131 2821 his
1157 2755 1263 2832 οὕτως
1288 2755 1320 2820 ol
1343 2754 1468 2838 Σάμιοι
1492 2759 1561 2837 κτλ,
1586 2775 1671 2837 quae

388 2896 415 2937 ιο
428 2870 536 2930 tamen
551 2866 705 2931 orationis
719 2865 824 2930 forma
839 2864 959 2929 abillis
974 2864 1152 2929 discedunt.
1186 2862 1232 2928 At
1247 2865 1404 2947 interpres
1420 2884 1501 2945 quae
1517 2864 1671 2927 connecti

427 2994 494 3036 non
506 2975 643 3056 posarmt
657 2993 697 3036 ne
710 2970 814 3036 voluit
829 2971 958 3056 quidem
973 2971 1128 3055 connecti,
1145 2970 1201 3035 sed
1214 2973 1252 3035 ut
1267 2991 1364 3055 supra
1377 2972 1522 3035 recenset
1539 2968 1612 3050 178,
1626 2967 1670 3033 25

427 3077 482 3145 καλ
501 3079 521 3163 ἡ
540 3079 677 3163 είκὼνὴ
698 3078 839 3162 ῥηθείσα
858 3081 905 3155 είς
923 3102 950 3143 τ.
970 3084 1007 3163 d,
1027 3078 1071 3143 30
1090 3075 1144 3143 καλ
1163 3078 1183 3162 ἡ
1203 3079 1304 3143 εἰκὼν
1321 3077 1341 3161 ἡ
1362 3077 1504 3161 ῥηθείσα
1523 3077 1570 3152 είς
1584 3098 1611 3139 τ.
1627 3099 1670 3158 μ,

427 3186 475 3252 ita
491 3208 578 3252 nunc
592 3185 646 3251 καὶ
661 3186 680 3270 ἡ
696 3187 805 3270 είκὼν,
824 3188 867 3270 ἣν
880 3186 902 3250 ὀ
917 3191 1084 3271 Περικλῆς
1098 3186 1146 3261 είς
1162 3187 1314 3269 Σαμίους
1329 3190 1460 3270 εἴρηκεν
1473 3183 1667 3269 praemittit3

427 3317 447 3358 a
462 3294 579 3379 quibus
594 3298 762 3380 segregata
776 3297 851 3358 sunt
865 3314 947 3377 quae
961 3294 1177 3377 insequuntur
1192 3291 1300 3367 οὕτως
1315 3292 1347 3357 οἱ
1363 3293 1487 3376 Σάμιοι
1500 3296 1572 3373 κτλ,
1586 3313 1671 3374 quae

428 3401 468 3464 ad
491 3401 677 3465 Aristotelis
696 3400 795 3465 verba
813 3400 930 3484 quibus
949 3397 1054 3464 simile
1074 3398 1166 3464 effert
1184 3397 1343 3483 interpres
1362 3397 1486 3463 addidit
1504 3402 1541 3462 ut
1559 3397 1593 3462 id
1612 3419 1672 3463 cur

428 3506 555 3571 caderet
576 3508 611 3571 in
630 3506 756 3572 Samios
780 3510 988 3571 monstraret:
1012 3526 1116 3590 neque
1139 3505 1224 3569 enim
1249 3508 1402 3589 putamus
1424 3505 1494 3570 fore
1514 3505 1570 3589 qui
1588 3504 1671 3571 haec

428 3612 562 3679 Periclis
585 3635 654 3679 esse
677 3617 734 3679 aut
757 3636 796 3678 ex
818 3612 953 3677 Periclis
977 3612 1124 3677 oratione
1146 3614 1251 3696 petita
1275 3614 1447 3678 existimet.

517 3719 672 3805 Apertius
695 3720 888 3786 scholiastae
911 3720 993 3785 ratio
1018 3719 1178 3784 indicatur
1202 3720 1242 3783 iis
1267 3714 1349 3803 quae
1367 3720 1408 3784 ad
1427 3721 1560 3785 alteram
1578 3718 1669 3785 Peri-

429 3828 488 3895 olis
516 3828 688 3914 imaginem
716 3828 809 3893 affert
836 3850 866 3911 p.
889 3827 963 3911 179,
982 3828 1002 3891 0
1027 3826 1044 3892 ὁ
1067 3838 1185 3909 πρῖνος
1208 3830 1311 3911 μόνος
1334 3827 1432 3904 αὐτὸς
1454 3824 1513 3911 ὑφ’
1544 3825 1666 3892 ἑαυτοῦ

391 3963 418 4004 ιο
592 3936 788 4017 θρύπτεται·
812 3935 1009 4018 εὔθρυπτον
1032 3932 1105 4018 γάρ.

428 4041 522 4107 Nihil
553 4042 734 4127 praemittit
765 4045 797 4105 et
828 4062 870 4106 ne
904 4040 1009 4105 simile
1042 4040 1172 4124 quidem
1207 4040 1384 4127 significat,
1416 4040 1471 4105 sed
1504 4045 1541 4105 ut
1569 4062 1671 4123 supra

428 4173 459 4234 p.
481 4150 558 4232 178,
577 4149 620 4213 22
648 4149 688 4213 ab
716 4148 766 4213 ὅτι
795 4149 902 4233 coepit
930 4147 1174 4213 similitudinem
1205 4150 1380 4232 explicare,
1407 4148 1454 4213 ita
1476 4168 1562 4213 nuno
1584 4146 1671 4211 hanc

428 4257 547 4321 nudam
575 4256 614 4320 de
641 4255 769 4322 ilicibus
798 4255 1040 4320 adnotationem
1070 4256 1162 4339 quasi
1191 4256 1224 4319 in
1250 4255 1395 4341 margine
1419 4255 1459 4319 ad
1481 4253 1669 4319 Aristotelia

429 4363 527 4428 verba
549 4362 632 4427 hanc
655 4362 827 4448 imaginem
850 4361 977 4447 plenius
1003 4362 1205 4445 explanantis
1230 4362 1385 4427 adiecisse
1408 4362 1563 4426 videatur.

518 4468 713 4534 Perventum
740 4475 789 4534 est
816 4470 856 4534 ad
885 4490 922 4533 ea
950 4490 1087 4554 quorum
1117 4468 1196 4534 haec
1219 4490 1316 4533 causa
1340 4468 1557 4553 disputantur:
1586 4489 1670 4552 quae

431 4597 489 4641 suo
509 4577 620 4642 ordine
638 4576 804 4641 referenda
822 4580 907 4640 sunt.
944 4575 1028 4640 1407
1051 4597 1070 4638 a
1089 4575 1109 4641 5
1129 4576 1183 4640 καλ
1203 4574 1459 4660 όΔημοσθένης
1477 4576 1537 4640 τὸν
1551 4576 1670 4660 δῆμον,

591 4684 641 4749 ὅτι
665 4684 778 4768 ὅμοιός
801 4681 892 4749 ἐστιν
915 4694 986 4759 τοῖς
1009 4681 1046 4747 ἐν
1070 4694 1141 4759 τοῖς
1163 4683 1294 4759 πλοίοις
1317 4694 1506 4748 ναυτιῶσιν.

431 4786 537 4853 Schol.
556 4811 586 4873 p.
609 4790 682 4874 179,
701 4790 719 4853 7
745 4790 855 4874 ὥσπερ
879 4790 941 4874 γάρ
966 4789 1002 4853 οί
1023 4788 1059 4853 ἐν
1082 4796 1127 4875 τῷ
1146 4793 1252 4878 πλοίῳ
1275 4793 1369 4867 ὄντες
1392 4790 1457 4855 ὑπὸ
1480 4798 1540 4854 τοῦ
1560 4790 1702 4856 σάλουί

590 4908 658 4961 τῶν
675 4897 832 4981 κυμάτων
849 4899 1093 4980 ταρασσόμενοι
1108 4909 1268 4963 ναυτιῶσι
1283 4895 1336 4962 καλ
1353 4897 1464 4974 ἁπλῶς
1478 4896 1670 4981 ἀφορῶντες
