3967 5725
405 645 473 708 444
639 645 697 696 LV.
716 643 833 696 mnnx
850 641 1068 694 anuouunr
1083 642 1316 694 nnsrlvnnun
1336 644 1414 694 1902.

405 809 451 871 cis
473 829 588 892 parum
608 805 804 872 satisfecisse.
818 805 907 868 visus
926 807 982 868 eet
1016 803 1116 872 Velut
1134 803 1221 888 quod
1239 803 1340 868 edidit
1353 802 1515 883 Imitabor,
1533 803 1642 868 tenuit

406 913 493 998 quod
510 914 615 998 prima
633 933 746 976 manus
766 934 862 995 quam
875 914 993 990 vocent
1006 910 1158 994 exarserit,
1176 911 1374 976 correctione
1387 910 1544 996 neglecta,
1562 907 1639 974 licet

405 1043 443 1086 ea
475 1020 562 1104 quod
593 1017 700 1084 effecit
727 1018 894 1088 Immmor
924 1021 1039 1103 suapte
1069 1020 1186 1082 natura
1217 1017 1396 1103 elegantius
1423 1019 1508 1080 esset
1534 1037 1641 1100 neque

404 1132 525 1191 temere
547 1127 723 1190 inventum.
765 1122 829 1188 Sed
851 1123 1002 1195 Halmius
1025 1145 1151 1209 semper
1174 1145 1212 1188 ea
1233 1124 1440 1209 persuasione
1463 1123 1639 1188 ducebatur

405 1237 443 1298 ut
473 1233 538 1305 nisi
568 1233 693 1318 primes
723 1232 834 1298 manui
860 1229 957 1295 fidem
983 1252 1052 1296 non
1077 1230 1257 1302 habendam
1289 1252 1357 1295 esse
1385 1230 1541 1314 crederet,
1572 1252 1641 1296 non

406 1341 510 1406 solum
533 1341 569 1404 in
590 1339 643 1403 his
665 1338 758 1410 libris
781 1337 821 1402 de
843 1359 881 1402 re
899 1337 1039 1422 publice,
1062 1337 1232 1422 inquibus
1251 1337 1345 1402 multi
1364 1341 1441 1423 poet
1458 1337 1641 1423 Hauptium

405 1447 638 1512 intellexerunt.
656 1447 777 1528 quanta
794 1443 846 1508 ris
863 1447 948 1509 esset
966 1448 999 1508 et
1019 1446 1139 1528 quante
1159 1444 1285 1510 utilitas
1303 1465 1413 1526 eorum
1434 1465 1516 1529 quae
1534 1465 1553 1507 e
1572 1464 1641 1508 cor-

405 1554 540 1619 rectoris
563 1552 732 1638 diligentie
754 1549 900 1634 profecta
923 1555 1039 1637 essent,
1062 1550 1117 1616 sed
1140 1553 1237 1616 etiem
1259 1551 1294 1615 in
1317 1552 1398 1637 aliis,
1421 1551 1511 1616 velut
1529 1549 1564 1616 in
1581 1548 1640 1615 Le

405 1683 484 1747 gum
510 1658 618 1742 libris,
645 1657 823 1741 maluitque
849 1678 945 1742 saepe
970 1659 1006 1721 in
1034 1657 1205 1724 manifeste
1226 1659 1410 1743 corruptele
1437 1657 1642 1722 coniecturae

365 1795 391 1835 se
405 1767 548 1852 periculo
581 1766 673 1831 abuti
704 1787 801 1849 quem
833 1765 1065 1829 correctionem
1093 1763 1273 1848 antiquitus
1305 1765 1457 1829 traditam
1488 1764 1641 1848 recipere.

405 1873 443 1938 In
470 1873 523 1939 his
549 1873 629 1957 ipsis
652 1871 761 1937 verbis
787 1872 874 1955 qnod
900 1892 999 1956 prave
1023 1871 1179 1954 scriptum
1202 1875 1271 1942 eret
1293 1873 1432 1954 motique
1459 1869 1640 1936 correctrici

405 2003 503 2046 manu
526 1980 711 2065 suppletum
735 1981 785 2043 est
803 1978 970 2042 verissime
987 1981 1026 2042 ut
1049 1981 1134 2046 esset
1152 1979 1235 2050 doote'
1253 1979 1435 2061 dedoctiqoc
1473 1976 1536 2043 Sed
1554 1977 1641 2044 idem

406 2088 462 2153 ubi
485 2087 619 2170 expoliri
640 2090 690 2152 est
712 2087 748 2157 in
770 2085 880 2151 codice
899 2087 1022 2168 pariter
1043 2084 1161 2170 edidit3
1187 2085 1222 2150 id
1245 2085 1332 2170 qnod
1354 2085 1477 2168 primus
1501 2082 1643 2150 Orellius

406 2193 587 2281 proposuit,
610 2197 643 2259 et
665 2215 686 2258 e
702 2192 871 2262 Lactantio
894 2192 1077 2258 confimari
1095 2194 1213 2276 putent
1231 2192 1288 2276 qui
1307 2189 1422 2274 (instit.
1441 2211 1454 2256 1
1474 2193 1525 2276 11,
1540 2190 1575 2279 5)
1593 2193 1644 2258 ita

406 2302 520 2368 scribit
543 2299 709 2365 Ciceronis
728 2303 767 2363 ut
788 2298 917 2367 videtur
938 2321 1005 2365 non
1028 2299 1197 2366 immernor
1218 2319 1350 2382 repsere
1371 2301 1408 2365 r‘rr
1430 2299 1512 2364 caclo
1536 2299 1642 2365 Iovem

406 2409 516 2493 oretque
533 2409 706 2474 moimm-
727 2407 765 2470 r'd
781 2411 810 2470 et
831 2407 929 2475 mcc
944 2408 1071 2490 parter
1088 2411 1118 2472 ot
1132 2407 1267 2476 cbaos
1282 2427 1471 2488 persuasum
1489 2413 1540 2472 est.
1578 2404 1642 2472 Sed

407 2538 446 2580 ex
469 2537 507 2581 ee
528 2535 606 2579 voce
630 2512 686 2597 qui
708 2517 821 2578 netum
843 2513 888 2577 sit
909 2513 1051 2595 amorre,
1075 2513 1161 2598 quod
1184 2535 1261 2580 sene
1283 2514 1401 2578 mirum
1423 2513 1520 2579 adoni
1537 2514 1642 2580 videa·

407 2625 473 2706 tur,
490 2620 653 2705 Hauptius
673 2623 809 2686 consuls
826 2624 876 2685 est
893 2618 1218 2708 explicere(0pp111
1236 2643 1266 2705 p.
1281 2619 1371 2707 458),
1393 2643 1466 2688 cum
1485 2621 1532 2686 sic
1545 2623 1642 2687 ratio-

408 2729 543 2813 cinatur,
565 2727 701 2810 expoliri
727 2726 935 2812 depravatum
963 2725 1047 2792 nibil
1074 2727 1210 2792 condere
1236 2727 1300 2792 nisi
1322 2749 1360 2793 cco
1376 2729 1494 2812 parili,
1523 2732 1556 2794 et
1578 2728 1642 2794 hoo

368 2862 395 2904 re
409 2834 497 2920 qnod
510 2831 623 2900 Cicero
643 2834 716 2919 ipse
732 2835 871 2901 scribere
889 2855 955 2903 non
972 2835 1115 2919 potierit
1129 2857 1149 2900 e
1162 2834 1270 2900 nescio
1280 2886 1282 2889 .
1291 2855 1354 2919 qno
1373 2857 1416 2901 er
1432 2856 1512 2902 enee
1527 2837 1644 2901 aetatis

408 2964 555 3009 sermone
581 2943 723 3026 pontum
750 2964 820 3008 esse
847 2964 906 3027 pro
929 2942 1054 3024 por-iter
1077 2941 1164 3025 quod
1188 2940 1299 3007 Cicero
1328 2944 1507 3027 scripserat.
1553 2942 1644 3009 Haec
1658 2947 1701 3005 14

408 3051 463 3115 ille
486 3052 519 3113 et
542 3050 659 3113 mirum
682 3053 731 3113 est
753 3048 899 3133 prefecto
922 3069 1166 3133 nonnumquam
1188 3050 1287 3125 etiem
1309 3050 1511 3115 acutissimos
1534 3054 1567 3115 et
1585 3050 1643 3134 qui·

408 3156 569 3241 quandem
592 3156 796 3220 seventatem
818 3155 983 3227 iudicandi
1005 3177 1081 3240 prae
1105 3178 1139 3221 se
1161 3154 1247 3223 ferre
1268 3158 1374 3221 solent
1392 3158 1554 3241 speciosae
1574 3178 1642 3223 cor-¹

408 3264 563 3330 rectionis
583 3262 748 3328 blanditiis
771 3262 923 3328 seductos
947 3262 1149 3328 incredibilia
1174 3284 1313 3329 narrare.
1358 3262 1412 3329 As
1434 3285 1501 3329 non
1524 3268 1576 3335 est
1594 3266 1642 3329 in-
1785 3348 1786 3351 Ἴ

408 3370 561 3442 credibile
589 3370 676 3454 quod
703 3373 796 3439 donet
821 3368 999 3455 Hesperus,
1028 3368 1215 3435 Ciceronem
1236 3371 1364 3452 puriter
1388 3372 1554 3456 scripsisse
1581 3393 1646 3454 pro
1785 3406 1786 3419 κ

408 3498 510 3561 eoque
533 3499 553 3540 e
573 3476 706 3542 libreria
725 3496 763 3543 ec
778 3476 883 3559 paror
901 3480 1067 3545 exaratum
1086 3498 1163 3561 esse,
1187 3476 1311 3561 quode
1331 3474 1483 3545 Cicerone
1501 3479 1642 3543 alienum

408 3606 466 3649 nec
490 3586 621 3649 omnino
643 3586 777 3671 vulgare
799 3604 901 3667 genus
925 3587 975 3649 est
998 3583 1137 3668 dicendi,
1165 3585 1198 3647 et
1220 3582 1284 3650 hoc
1307 3584 1644 3669 conmucationis

407 3692 542 3775 expolire
567 3695 600 3756 et
626 3691 733 3776 ipsum
760 3689 894 3755 uerbum
921 3712 1030 3755 rarum
1058 3694 1090 3755 et
1117 3691 1312 3776 quaesitum,
1344 3696 1380 3757 ut
1406 3691 1460 3756 his
1485 3692 1643 3757 machinis

408 3804 570 3885 postremo
586 3820 649 3863 vox
667 3796 777 3864 addita
790 3796 957 3881 habeatur,
976 3818 1040 3880 que
1057 3796 1140 3862 nihil
1154 3818 1235 3881 opus
1250 3802 1326 3863 eret.
1357 3797 1445 3864 Nem
1463 3800 1491 3863 si
1505 3797 1642 3864 Lactan-

367 3931 395 3973 ro
408 3906 473 3971 tius
490 3907 615 3989 puriter
637 3904 751 3970 fovere
765 3904 943 3987 ridebatur,
965 3902 1170 3989 Augustinus
1188 3926 1261 3971 cunr
1284 3904 1331 3969 ita
1348 3905 1462 3971 scribit
1481 3902 1529 3991 (in
1548 3890 1643 3991 epist.

407 4030 482 4076 xvu
502 4010 536 4098 1)
560 4012 651 4076 ibero
673 4012 767 4083 mom
786 4033 900 4090 urum,
929 4012 968 4080 or
993 4032 1055 4093 quo
1075 4017 1110 4077 rr
1137 4012 1253 4079 dicem
1281 4017 1324 4077 cst
1346 4034 1368 4077 c
1389 4013 1539 4078 carmos
1561 4012 1644 4078 coco

409 4120 582 4201 indoctique
604 4121 804 4199 maome,
826 4140 870 4185 ne
891 4118 961 4204 ipse
984 4118 1114 4203 quidem
1134 4116 1298 4185 Ciceronis
1319 4120 1487 4185 immemor
1506 4120 1641 4185 ridetur.

408 4225 472 4292 Sed
496 4225 574 4310 quid
596 4247 656 4290 nos
678 4224 758 4289 haec
781 4225 978 4309 testimonia
997 4246 1069 4291 cum
1089 4226 1124 4291 in
1143 4225 1253 4291 codice
1271 4227 1314 4292 sit
1331 4227 1472 4309 repoliri,
1496 4226 1583 4311 quod
1603 4246 1642 4290 ex

402 4334 528 4417 pmioer
549 4332 627 4397 oriri
650 4354 717 4397 non
738 4332 856 4417 potuit.
899 4330 1015 4417 ltaque
1031 4335 1158 4415 poodter
1180 4332 1395 4398 obiiciendum
1419 4337 1481 4418 est,
1510 4333 1644 4417 sopolim

407 4443 515 4505 autem
533 4444 571 4505 ut
590 4443 739 4506 sanarent
757 4462 844 4523 ques
857 4443 1024 4523 praetem
1042 4437 1216 4509 commenti
1240 4443 1315 4503 sunt
1333 4440 1395 4503 vix.
1407 4440 1506 4525 digne
1523 4440 1643 4505 babeas

408 4568 489 4631 quee
516 4546 706 4611 refutentur.
751 4545 823 4615 Nos
850 4546 927 4631 quie
953 4546 1087 4629 expoliri
1113 4566 1174 4612 nee
1196 4545 1335 4631 configit
1358 4545 1465 4611 adhue
1485 4566 1548 4612 nee
1568 4566 1644 4611 con·

407 4654 532 4739 tingere
554 4674 649 4737 posse
672 4652 801 4719 ridetur
826 4656 864 4717 ut
889 4653 1045 4738 litterulis
1066 4653 1202 4718 mutetis
1224 4652 1265 4716 ed
1287 4651 1488 4738 probabilem
1512 4673 1643 4717 sensum

407 4763 441 4824 et
462 4781 556 4824 arsum
583 4764 752 4825 revocetur
778 4764 811 4824 et
838 4760 915 4844 quia
946 4780 1011 4843 quo
1043 4758 1116 4824 loce
1148 4759 1268 4845 legitur
1295 4780 1333 4823 eo
1361 4780 1420 4824 nec
1447 4757 1515 4824 ullo
1546 4759 1648 4829 mode

407 4864 522 4931 heberi
552 4870 609 4931 aut
639 4865 779 4952 intelligi
806 4869 915 4950 potest
941 4887 1002 4930 nec
1029 4864 1117 4929 aliud
1145 4887 1205 4951 pro
1237 4886 1275 4931 eo
1309 4865 1481 4949 quicquam
1510 4865 1646 4931 omnino
