3967 5725
383 611 447 676 168
531 603 533 608 '
609 601 681 664 m.
701 613 817 663 monx
834 611 1049 662 daemonum
1067 610 1297 661 snsnvsauu
1316 613 1394 662 1eos.

382 779 480 858 atque
499 775 532 839 id
551 779 675 838 mutare
694 795 766 837 oum
786 772 1004 857 superioribus
1023 793 1061 836 eo
1081 771 1184 856 magis
1204 771 1397 853 dubitamus,
1416 794 1479 855 quo
1495 771 1616 835 certius

382 881 563 968 intelligere
590 880 749 964 videmur,
785 879 848 944 hoc
870 875 1008 943 'verbum
1038 880 1145 964 ipsum
1173 901 1267 963 posse
1295 880 1372 944 huic
1399 877 1539 941 orationi
1566 898 1614 939 ao·
1631 874 1655 916 ’λ

381 988 585 1054 commodari.
626 987 674 1054 Ut
701 986 787 1051 enim
813 988 979 1051 mittamus
1003 987 1166 1071 paulisper
1188 990 1335 1069 πολλῶν,
1362 986 1487 1068 reliqua
1510 985 1616 1047 oratio

381 1091 407 1163 ὦ
431 1095 512 1175 ξένε
527 1094 616 1174 ἀξιος
639 1093 681 1159 ἀν
704 1095 797 1177 ἥκοις
816 1099 939 1177 φιλεῖν,
963 1092 1046 1157 nihil
1064 1092 1162 1157 habet
1181 1093 1267 1176 quod
1286 1115 1352 1157 non
1370 1096 1455 1156 recte
1473 1093 1530 1154 aut
1548 1111 1615 1154 non

381 1208 456 1290 apte
484 1203 603 1266 elatum
631 1203 687 1286 sit3
714 1223 789 1265 nam
817 1199 908 1277 ἀξιος
936 1205 1049 1283 φιλεῖν
1076 1200 1107 1264 h.
1130 1222 1156 1263 e.
1180 1199 1297 1285 dignus
1321 1221 1416 1282 quem
1440 1219 1540 1280 ames,
1568 1197 1614 1260 ita

381 1310 519 1396 probum
543 1313 604 1392 cst,
630 1312 667 1372 ut
689 1296 766 1374 licet
789 1311 899 1372 nostro
924 1329 1013 1371 more
1035 1306 1187 1390 loquendi
1212 1306 1391 1371 infinitivus
1414 1304 1534 1388 passivi
1557 1325 1614 1389 po-

381 1419 448 1483 tius
475 1403 776 1499 exspectetur,'qui
799 1412 918 1479 Graece
947 1435 1075 1497 quoque
1102 1419 1188 1479 recte
1216 1413 1314 1480 scribi
1335 1414 1479 1496 poterat,
1505 1415 1543 1475 ut
1565 1414 1618 1476 est

375 1523 469 1610 apud
491 1519 660 1588 Platonem
684 1520 775 1599 ἀξιος
797 1527 967 1602 τιμᾶσθαι,
991 1508 1205 1585 tamen-nihil
1223 1520 1342 1586 certius
1361 1521 1405 1584 sit
1424 1542 1518 1603 quam
1538 1519 1613 1584 acti-

379 1651 454 1696 vam
487 1631 625 1696 formam
657 1627 810 1692 infinitivi
840 1626 1035 1692 Graecorum
1068 1628 1140 1691 usui
1173 1629 1277 1714 magis
1310 1631 1472 1710 acceptam
1499 1625 1616 1710 fuisse,

336 1761 368 1801 οο
381 1729 491 1821 itaque
515 1725 608 1800 Plato
632 1735 744 1800 scribit
767 1734 865 1820 Legg.
884 1751 935 1798 ΧΠ
953 1757 984 1818 p.
1003 1734 1079 1819 301,
1099 1735 1140 1798 18
1155 1735 1256 1798 Bekk.

396 1857 398 1860 '
517 1841 575 1908 ἐὰν
603 1839 639 1906 δὲ
668 1840 782 1920 ἀξιον
810 1843 903 1906 ὄντα
931 1844 979 1918 εἰς
1007 1842 1220 1925 δικαστήριον
1248 1843 1424 1923 εἰσάγειν
1442 1840 1616 1924 ἀρχόντων

559 1950 673 2032 μηθείς
696 1949 821 2035 είσάγχ,
845 1950 975 2025 ὄνειδος
1000 1948 1189 2013 ἀποκείσθω
1213 1958 1284 2024 τοῖς
1302 1948 1463 2032 ἀρχουσιν
1480 1947 1512 2011 h2
1527 1968 1552 2011 e.
1568 1945 1612 2008 di·-

561 2078 660 2142 gnum
685 2053 779 2141 quem
802 2055 948 2140 inducas3

377 2165 550 2249 Euripides
574 2163 692 2228 Electr.
713 2163 800 2228 1016
1628 2169 1669 2226 12

538 2327 542 2336 .
981 2271 1018 2333 τὸ
1041 2279 1176 2353 πρᾶγμα
1200 2265 1236 2333 δὲ

459 2411 460 2416 ¹
540 2381 723 2460 μαθόντας,
747 2377 789 2460 ἢν
811 2377 873 2462 μὲν
897 2375 1012 2455 ἀξίως
1034 2387 1167 2460 μισεῖν
1190 2371 1272 2460 ἔχῃ,

399 2471 402 2478 ’
537 2496 672 2568 στυγεῖν
696 2485 835 2548 δίκαιον.

375 2589 467 2656 Idem
492 2589 594 2656 Orest.
616 2591 701 2656 1153
761 2581 764 2587 ¹

500 2711 501 2714 ’
536 2698 658 2774 πάσαις
680 2695 833 2780 γυναιξίν
857 2696 946 2774 ἀξία
969 2708 1134 2779 στυγεῖν
1157 2700 1224 2782 ἔφυ

335 2831 363 2872 ao
538 2805 558 2889 ἡ
589 2802 754 2889 Τυνδαρὶς
776 2813 867 2886 παῖς,

376 2901 409 2977 et
433 2934 529 2997 saepe
551 2913 647 2976 multi
669 2934 729 2975 nec
752 2910 855 2975 solum
880 2912 914 2975 in
936 2910 1000 2977 hoc
1023 2910 1078 2975 sed
1102 2911 1212 2975 multis
1236 2910 1395 2976 similibus
1416 2912 1541 2977 dicendi
1559 2936 1613 2999 ge

376 3019 516 3084 neribus.
564 3018 657 3096 Quod
687 3040 763 3083 vero
793 3017 1048 3102 Clytaemnestra
1079 3023 1128 3083 est
1158 3041 1239 3103 quae
1268 3019 1490 3106 paedagogum
1522 3019 1616 3098 ἄξιος

378 3130 492 3212 φιλεῖν
523 3126 554 3191 h.
578 3148 603 3190 e.
637 3125 770 3212 dignum
798 3146 866 3191 esse
895 3125 972 3189 dicit
1001 3125 1057 3210 qui
1084 3130 1221 3209 ametur,
1253 3148 1293 3191 ne
1322 3147 1418 3210 quem
1445 3128 1494 3191 vis
1521 3128 1613 3191 verbi

376 3233 527 3318 offendat,
550 3233 695 3317 loquitur
719 3232 987 3316 quemadmodum
1007 3232 1091 3296 infra
1110 3232 1239 3297 Electra
1256 3234 1365 3298 locuta
1384 3237 1433 3299 est
1451 3232 1494 3320 (v.
1512 3232 1614 3319 1363)

376 3362 450 3406 eum
474 3340 610 3405 eundem
633 3339 857 3426 poedagogum
880 3338 932 3402 his
954 3339 1063 3404 verbis
1086 3339 1228 3423 appellet
1252 3346 1324 3405 ἴσθι
1348 3337 1378 3404 d'
1406 3341 1450 3417 ὡς
1469 3340 1615 3423 μάλιστά

377 3446 407 3511 σ’
440 3447 632 3531 ἀνθρώπων
654 3445 719 3530 ἐγὼ
742 3448 875 3530 ἤχθηρα
897 3445 1051 3530 κάφίλησ’
1079 3446 1116 3510 ἐν
1138 3446 1243 3532 ἡμέρᾳ
1265 3454 1331 3533 μιᾷ
1373 3446 1486 3531 ltaque
1509 3452 1615 3513 restat

375 3559 518 3638 πολλῶν,
543 3554 629 3638 quod
653 3557 728 3618 ante
747 3554 958 3638 seposuimus,
983 3554 1151 3637 quodiam
1171 3554 1347 3638 impensius
1367 3554 1543 3619 cavendum
1562 3559 1615 3620 est

376 3683 417 3725 ne
437 3682 518 3744 quae
538 3661 616 3725 satis
634 3662 706 3724 tuto
725 3660 820 3725 nobis
840 3660 1047 3725 exaedificata
1064 3659 1214 3724 videntur
1232 3660 1406 3724 labefactet
1423 3665 1456 3726 et
1474 3668 1611 3727 corruat.

375 3766 451 3832 Non
475 3770 584 3852 potest
607 3772 714 3832 autem
738 3767 905 3851 genetivus
927 3771 1062 3831 πολλῶν
1084 3766 1149 3830 nisi
1172 3789 1246 3832 cum
1265 3765 1355 3844 ἀξιος
1373 3769 1535 3855 coniungi,
1558 3770 1611 3835 cui

335 3901 362 3941 so
377 3875 538 3940 adiectum
565 3874 706 3958 videtur,
733 3879 770 3938 ut
797 3875 889 3957 quasi
917 3873 1034 3958 gradus
1062 3883 1123 3939 τοῦ
1146 3873 1240 3952 ἀξίου
1264 3878 1419 3960 augeatur
1441 3880 1475 3939 et
1497 3877 1612 3959 paeda-

376 4003 483 4068 gogus
505 4003 572 4046 non
595 3980 684 4058 ἀξιος
707 3985 821 4063 φιλεῖν
845 3980 900 4044 sed
923 3983 1057 4044 πολλῶν
1078 3979 1169 4058 ἄξιος
1188 3986 1300 4065 φιλεῖν
1318 3980 1499 4065 appelletur
1518 3984 1611 4067 quasi

377 4088 465 4151 dicas
499 4088 632 4171 σφόδρα
665 4087 761 4165 ἄξιος.
804 4086 904 4164 Quem
937 4087 1069 4151 modum
1101 4088 1253 4171 loquendi
1287 4091 1459 4172 quominus
1491 4094 1610 4156 temere

378 4198 519 4258 statuere
542 4194 715 4279 videamur,
734 4195 943 4279 gravissimus
963 4199 1075 4259 auctor
1094 4192 1285 4259 Graecitatis
1303 4195 1490 4278 prohibebit
1507 4196 1614 4280 Plato,

378 4302 434 4385 qui
457 4301 504 4365 ita
527 4301 639 4366 scribit
661 4301 760 4387 Legg.
778 4318 829 4364 xil
847 4324 878 4385 p.
898 4301 976 4383 299,
998 4300 1016 4363 7

512 4406 576 4473 είσί
608 4411 671 4493 γὰρ
702 4408 739 4473 ἐν
769 4418 838 4484 τοῖς
868 4413 1004 4485 πολλοῖς
1033 4411 1208 4493 ἄνθρωποι
1239 4409 1290 4474 ἀεί
1317 4412 1409 4475 θεῖοί
1435 4435 1537 4495 τινες,
1570 4410 1614 4477 οὐ

556 4517 683 4599 πολλοί,
706 4517 852 4591 παντὸς
875 4513 905 4579 d’
934 4514 1037 4593 ἀξιοι
1061 4514 1364 4598 ξυγγίγνεσθαι,

377 4643 460 4706 quae
489 4621 649 4686 neminem
679 4623 895 4705 offenderunt,
923 4622 1023 4686 immo
1052 4644 1092 4687 ne
1120 4622 1258 4687 attendit
1285 4624 1412 4707 quidem
1440 4627 1612 4710 quisquam

377 4727 465 4813 quod
488 4728 640 4815 sciamus3
664 4732 696 4793 et
719 4733 826 4793 tamen
850 4730 936 4794 omni
961 4749 1078 4813 genere
1101 4729 1205 4794 oratio
1229 4729 1366 4814 gemella
1389 4733 1438 4795 est
1461 4731 1490 4795 ei
1514 4754 1609 4816 quam

377 4834 463 4922 apud
493 4834 685 4920 Sophoclem
719 4836 912 4900 infestarunt
944 4835 1030 4899 docti
1063 4836 1262 4921 indoctiqu03
1293 4858 1368 4901 nam
1397 4860 1438 4902 ne
1466 4838 1613 4904 dicamus
