3967 5725
404 634 447 697 74
608 639 745 689 xxxva.
764 640 879 689 mour
897 638 1112 689 nacrrouuu
1130 640 1362 691 nusrwaaun
1380 641 1460 692 mss.

401 799 631 882 perficiendam
653 797 804 864 Herculis
831 800 1008 881 miseriam,
1035 799 1088 864 vel
1114 799 1172 863 illa
1197 806 1336 885 possunt
1362 801 1524 865 declarare
1551 823 1635 885 quae

401 906 437 969 iu
460 906 559 969 simili
583 927 659 971 casu
681 904 814 993 Agauae
838 905 976 970 Cadmus
1001 906 1079 971 dicit
1102 908 1137 969 in
1159 906 1296 971 Bacchis
1322 908 1408 973 1259

564 1022 629 1097 φεῦ
652 1022 731 1097 φεῦ·
755 1014 966 1097 φρονήσασαι
988 1008 1051 1097 μὲν
1072 1004 1123 1079 οἷ’
1145 1012 1304 1097 ἐδράσατε

432 1120 519 1185 1260
564 1118 716 1203 ἀλγήσετ’
742 1122 844 1202 ἄλγος
867 1121 994 1184 δεινόν·
1020 1122 1050 1185 εί
1074 1116 1111 1185 δὲ
1135 1120 1192 1185 διὰ
1215 1120 1332 1197 τέλους

564 1224 602 1291 ἐν
624 1225 701 1313 τῷδ’
729 1224 780 1291 ἀεὶ
803 1224 923 1307 μενεῖτ’
951 1225 988 1291 ἐν
1011 1218 1039 1314 ᾧ
1061 1226 1253 1309 καθέστατε,

564 1335 625 1399 οὐκ
648 1334 849 1417 εὐτυχοῦσαι
872 1331 975 1412 δόξετ’
1003 1332 1080 1419 οὐχί
1103 1335 1291 1419 δυστυχεῖν.

401 1439 515 1525 ltaque
537 1441 600 1507 hoc
623 1440 662 1504 de
685 1440 824 1504 Hercule
848 1440 882 1505 in
905 1440 962 1504 illa
985 1441 1131 1506 oratione
1154 1442 1296 1525 praedici
1324 1448 1399 1506 ante
1426 1441 1541 1506 inutile
1569 1464 1636 1506 non
1649 1450 1688 1503 21

402 1551 483 1632 erat,
514 1570 586 1611 cum
613 1548 802 1631 praesertim
826 1548 946 1612 Λύσσα
973 1548 1037 1613 boc
1059 1569 1188 1632 quoque
1211 1555 1322 1635 ageret
1342 1554 1381 1613 ut
1402 1548 1521 1614 Iunoni
1543 1548 1635 1612 satis-

401 1654 471 1718 fieri
499 1654 675 1737 videretur,
708 1676 805 1738 quam
832 1652 893 1719 Iris
926 1654 1073 1739 professa
1105 1659 1175 1720 erat
1205 1654 1288 1719 nihil
1320 1657 1485 1740 antiquius
1516 1655 1635 1719 babere

358 1790 388 1829 ιο
402 1782 499 1845 quam
525 1765 563 1824 ut
584 1760 741 1825 Hercules
764 1760 881 1825 intensi
905 1762 1049 1825 numinis
1071 1762 1153 1825 iram
1178 1767 1386 1847 cognosceret
1410 1762 1474 1826 839
1498 1783 1545 1846 sq.
1590 1762 1636 1825 Et

400 1867 463 1932 hoo
486 1890 615 1952 quoque
638 1869 684 1932 ita
707 1868 850 1933 accidere
873 1869 907 1932 in
930 1869 1095 1955 tragoedia
1112 1869 1259 1933 videmus
1277 1892 1306 1933 v.
1322 1869 1408 1933 1127
1424 1890 1508 1953 sqq.;
1534 1869 1636 1953 1263,

402 1972 498 2038 1308.
552 1973 689 2038 Tantam
720 1975 788 2039 vim
820 1978 852 2038 et
883 1974 1058 2039 utilitatem
1095 1975 1307 2040 adscribimus
1338 1975 1446 2040 versui
1483 1976 1634 2040 damnato

399 2101 504 2163 neque
534 2102 607 2144 eum
636 2081 730 2146 facile
759 2082 822 2146 hoo
851 2083 1083 2147 sententiarum
1113 2104 1198 2147 nexu
1228 2083 1311 2148 solvi
1338 2104 1436 2168 posse
1459 2104 1634 2147 censemus.

400 2184 465 2251 Sed
487 2186 551 2251 iam
576 2188 748 2253 videndum
771 2194 829 2271 est,
852 2211 892 2253 ne
911 2211 991 2270 quae
1009 2189 1105 2254 nobis
1124 2192 1201 2254 satis
1221 2190 1301 2255 scite
1319 2191 1479 2255 instructa
1497 2192 1530 2253 et
1549 2211 1634 2255 com-

398 2295 507 2379 posita
534 2294 697 2379 videntur,
724 2300 987 2382 argumentorum
1010 2296 1044 2360 vi
1068 2318 1107 2360 ex
1129 2296 1237 2361 verbis
1264 2298 1367 2380 petita
1394 2300 1580 2361 evertantur
1602 2300 1636 2360 et

398 2406 559 2465 corruant.
598 2400 690 2466 ¹Sunt
716 2407 823 2466 autem
850 2402 930 2467 haec
956 2403 1163 2487 potissimum
1190 2403 1310 2490 indicia
1338 2404 1455 2489 quibus
1478 2401 1635 2467 Wilamo·

400 2507 525 2572 witzius
540 2508 780 2593 interpolatoris
793 2532 925 2573 manum
939 2510 1072 2596 agnosci
1087 2509 1150 2575 sibi
1164 2512 1337 2595 persuasit:
1355 2512 1498 2595 primum
1512 2510 1633 2588 κανών,

401 2636 498 2697 quam
516 2614 678 2699 participii
696 2616 834 2681 formam
852 2619 950 2701 negat
970 2638 1043 2681 oum
1063 2615 1207 2700 ἐναίρων
1220 2617 1386 2682 conciliari
1398 2638 1502 2701 posse.
1539 2614 1633 2681 Nihil

400 2721 599 2785 affirmamus
632 2722 853 2807 confidentius,
887 2723 942 2787 sed
973 2727 1082 2787 tamen
1115 2723 1324 2787 admonemus
1357 2725 1403 2788 rei
1435 2728 1540 2805 notae,
1571 2722 1634 2787 hoc

354 2857 386 2898 so
399 2849 501 2914 genus
524 2828 770 2914 participiorum
793 2852 888 2915 saepe
916 2830 1036 2896 omissa
1066 2832 1222 2915 temporis
1244 2832 1378 2897 notione
1401 2831 1442 2894 ad
1464 2830 1632 2896 nominum

398 2940 547 3000 naturam
571 2936 731 3023 accedere3
763 2961 867 3023 nequo
895 2938 976 3002 illud
1003 2939 1111 3020 inepte
1138 2938 1340 3022 putabimus,
1370 2938 1524 3021 quoniam
1552 2937 1633 3002 haec

399 3043 508 3108 omnia
538 3043 576 3107 dc
603 3047 747 3130 tempore
774 3045 885 3110 futuro
913 3045 1117 3128 nuntiantur,
1149 3045 1286 3109 fortasse
1314 3056 1427 3109 κανῶν
1454 3042 1508 3130 (cf.
1530 3043 1633 3132 1074)

399 3150 501 3214 futuri
519 3151 676 3235 temporis
694 3151 903 3236 participium
926 3152 1070 3235 positum
1089 3151 1198 3215 fuisse.
1235 3151 1360 3215 Deinde
1379 3150 1531 3236 ἐναίρων,
1555 3153 1633 3235 quia

398 3279 558 3342 nusquam
582 3258 667 3342 apud
685 3257 875 3343 Euripidem
893 3259 956 3323 nisi
975 3259 1010 3324 in
1029 3257 1165 3323 choricis
1186 3258 1319 3323 canticis
1339 3258 1499 3344 legeretur
1522 3255 1576 3342 (cl.
1591 3259 1632 3323 ad

398 3387 428 3427 τ.
442 3363 532 3449 307).
579 3363 642 3430 Sed
664 3365 727 3430 hoc
749 3365 911 3430 vindicare
934 3366 1011 3430 licet
1034 3366 1105 3449 ipso
1130 3369 1274 3448 auctore,
1302 3367 1358 3449 qui
1382 3365 1421 3428 ad
1444 3387 1474 3430 v.
1489 3365 1555 3428 872
1578 3364 1633 3428 ad-

397 3472 538 3555 notavit,
565 3477 783 3557 tetrametros,
817 3473 892 3556 quia
920 3472 961 3536 ad
987 3473 1163 3556 lyricorum
1191 3472 1370 3536 carminum
1398 3471 1631 3536 sublimitatem

398 3579 532 3663 propius
556 3579 750 3663 accederent,
773 3581 914 3664 recipere
937 3581 1034 3644 etiam
1058 3580 1177 3645 formas
1201 3579 1311 3662 quales
1335 3583 1413 3643 sunt
1434 3579 1580 3662 τεύαίρω
1599 3583 1632 3642 et

400 3686 591 3770 Ούλνμιιος,
621 3710 640 3750 a
663 3687 864 3773 dialogorum
889 3708 1038 3752 sermone
1060 3689 1159 3774 vulgo
1183 3690 1329 3751 secretas.
1374 3684 1461 3750 Illud
1484 3684 1630 3750 addimus

398 3792 493 3873 ultro,
513 3794 599 3877 quod
615 3794 734 3859 Λύσσα
753 3794 967 3878 oppositionis
991 3794 1192 3858 extollendae
1210 3793 1316 3879 gratia
1334 3793 1415 3860 dicit
1432 3794 1553 3868 παῖδας
1572 3791 1632 3869 οὓς

353 3925 385 3968 ao
398 3895 496 3964 ἔτικτ’
518 3899 671 3983 ἐναίρων,
694 3901 814 3966 similia
837 3901 915 3965 alibi
937 3902 971 3965 in
994 3901 1056 3965 hac
1078 3900 1188 3965 fabula
1211 3900 1286 3986 legi,
1308 3923 1337 3964 v.
1354 3899 1440 3964 1182
1463 3897 1552 3965 ἔτεκε
1570 3894 1630 3980 μέν

398 4031 464 4090 νιν,
488 4011 661 4092 τεκόμενος
685 4006 715 4072 d’
742 4004 849 4091 ἔκανε,
874 4031 903 4072 v.
925 4007 1009 4072 1367
1035 4006 1054 4073 ὁ
1077 4008 1188 4092 φύσας
1210 4005 1265 4072 καὶ
1289 4007 1393 4071 τεκὼν
1415 4006 1502 4090 ὑμᾶς
1524 4007 1630 4090 πατὴρ

399 4111 577 4178 ἀπώλεσεν.
623 4112 686 4178 Sed
713 4115 901 4199 praecipuas
929 4114 1122 4180 offensiones
1149 4115 1254 4178 voluit
1281 4112 1391 4178 cadere
1423 4114 1457 4177 in
1488 4116 1631 4176 extrema

398 4219 496 4284 verba
518 4221 599 4304 apto
621 4219 664 4286 ἂν
687 4220 766 4303 ἐμὰς
785 4222 908 4297 λύσσας
926 4219 1007 4306 ἀφῇ,
1032 4242 1227 4305 quamquam
1248 4242 1329 4305 quae
1348 4218 1435 4303 dicit,
1457 4217 1629 4283 Herculem

397 4324 454 4389 diu
481 4327 544 4390 iam
574 4327 683 4393 firrore
712 4328 885 4392 liberatum
913 4350 979 4392 non
1009 4331 1118 4392 tamen
1148 4328 1276 4392 caedem
1304 4350 1324 4391 a
1351 4347 1385 4390 se
1413 4328 1630 4410 perpetratam
1695 4358 1699 4364 ·

395 4453 585 4520 agnoscere,
611 4435 652 4500 iis
675 4457 741 4500 non
764 4434 903 4498 multum
926 4435 1114 4518 tribuimus,
1142 4436 1294 4518 quoniam
1322 4455 1389 4498 uon
1412 4433 1450 4496 de
1473 4432 1629 4517 temporis

397 4544 519 4622 puncto
542 4542 650 4627 agitur
674 4541 729 4606 sed
752 4542 791 4606 de
814 4564 858 4624 re,
882 4545 914 4604 ct
935 4541 1013 4607 licet
1035 4541 1191 4608 Hercules
1215 4540 1446 4625 pedetemptim
1469 4538 1510 4604 ad
1532 4561 1630 4625 agno-

398 4647 547 4713 scendam
579 4670 686 4714 rerum
719 4649 888 4713 veritatem
920 4648 1121 4733 traducatur,
1153 4645 1421 4733 quemadmodum
1449 4644 1562 4732 Agaue
1595 4645 1630 4709 in

396 4749 547 4840 Bacchis,
574 4761 682 4820 tamen
705 4777 743 4820 ea
764 4777 815 4819 res
843 4759 992 4820 movetur
1014 4756 1099 4821 siout
1121 4755 1277 4820 Hercules
1300 4775 1317 4817 e
1341 4774 1454 4819 somno
1478 4774 1630 4839 experge

396 4858 502 4926 factus
526 4860 565 4926 de
588 4884 646 4926 sua
669 4860 857 4928 condicione
880 4862 1038 4926 sciscitari
1059 4863 1182 4946 incipit.
1221 4860 1357 4927 Gravius
1377 4859 1524 4924 videatur
1542 4859 1630 4943 quod
