3967 5725
672 713 676 718 .
714 669 965 732 oumsmonas
983 668 1293 721 nrusrormnmu.
1553 663 1619 732 293

383 835 422 894 ut
453 852 494 894 ne
527 830 755 896 abundantiam
785 830 915 915 quidem
942 829 1029 894 ultro
1058 851 1092 896 se
1119 830 1307 895 offerentem
1336 829 1505 913 superbius
1533 851 1620 894 aver·

384 942 518 1002 saretur.

475 1042 510 1107 Si
534 1044 607 1127 quis
628 1066 713 1109 nunc
731 1047 873 1128 quaerat,
896 1065 961 1128 quo
979 1065 1031 1106 res
1049 1043 1130 1107 haec
1147 1043 1310 1127 pertinet?
1341 1039 1432 1126 llluc,
1455 1046 1493 1107 ut
1509 1041 1620 1107 Eccle-

384 1152 582 1215 siazusarum
605 1151 753 1236 exemplo
777 1150 987 1236 intelligatur,
1012 1149 1141 1214 Platoni
1164 1149 1304 1216 adimere
1324 1171 1391 1216 non
1409 1149 1515 1234 licere,
1538 1171 1620 1233 quae

384 1280 450 1322 non
478 1261 615 1341 possunt
642 1279 708 1321 non
732 1258 801 1322 dari
823 1256 1046 1341 Aristophani.
1081 1254 1213 1321 Etenim
1238 1254 1387 1322 Socrates
1412 1257 1446 1321 in
1469 1257 1619 1342 apologia

385 1365 435 1428 sui
459 1365 486 1428 si
510 1364 639 1448 scriptis
660 1365 753 1430 libris
776 1365 872 1429 fidem
896 1364 1051 1429 habemus
1075 1363 1122 1427 ita
1142 1364 1289 1448 loquitur
1311 1387 1342 1448 p.
1363 1364 1434 1428 180

544 1468 657 1537 ἔπειτά
679 1474 766 1538 εἰσιν
790 1465 883 1538 οὗτοι
906 1473 943 1536 ολ
958 1472 1138 1555 κατήγοροι
1156 1469 1274 1552 πολλοὶ
1292 1470 1348 1536 καλ
1367 1474 1476 1537 πολὺν
1495 1473 1619 1555 χρόνον

545 1580 608 1662 ήδη
627 1582 898 1664 κατηγορηκότες,
916 1575 965 1644 ἔτι
985 1577 1023 1643 δὲ
1041 1575 1096 1642 καὶ
1115 1576 1153 1644 ἐν
1171 1577 1274 1662 ταύτῃ
1289 1587 1327 1664 τῇ
1342 1577 1453 1664 ήλικίηι
1467 1578 1619 1660 λέγοντες

544 1687 628 1768 πρὸς
654 1685 754 1770 ὑμᾶς,
781 1684 818 1751 ἐν
845 1679 867 1771 ᾗ
896 1684 938 1751 ἀν
961 1686 1103 1769 μάλιστα
1127 1681 1351 1770 ἐπιστεύσατε,
1379 1687 1494 1762 παῖδες
1517 1687 1619 1770 ὄντες,

544 1787 630 1857 ἔνιοι
648 1794 669 1857 d
677 1791 686 1818 '
703 1792 798 1874 ὑμῶν
811 1791 866 1858 καὶ
879 1791 1043 1876 μειράκια,
1061 1791 1205 1875 ἀτεχνῶς
1219 1789 1345 1876 ἐρήμην
1358 1801 1620 1876 κατηγοροῦντες
1634 1811 1660 1852 ιο

544 1898 818 1982 ἀπολογουμένου
842 1899 988 1975 οὐδενός.

346 2003 548 2072 5Nimirum
576 2005 664 2070 aliud
691 2011 740 2071 est
768 2005 890 2091 ἐρήμας
916 2014 1060 2089 τρυγᾶν,
1087 2004 1175 2069 aliud
1198 2002 1324 2089 ἐρήμην
1346 2016 1559 2090 κατηγορεῖν,
1587 2010 1621 2070 et

381 2112 546 2196 boc=quid
570 2113 614 2178 sit
635 2112 778 2178 breviter
798 2111 876 2178 licet
893 2110 1050 2196 Hesychii
1074 2111 1180 2176 verbis
1205 2110 1365 2177 declarare
1384 2113 1431 2176 ita
1450 2111 1618 2177 scribentis

383 2218 499 2303 ἐρήμη·
523 2221 709 2304 μονομερής
732 2221 818 2302 δίκη,
843 2220 923 2284 ὅταν
947 2219 991 2303 μή
1016 2217 1206 2301 ἀπαντήσας
1228 2216 1246 2283 ὁ
1266 2220 1468 2303 διωκόμενος
1487 2216 1540 2284 ἐπὶ
1558 2220 1620 2302 τήν

381 2329 494 2410 κρίσιν
523 2327 690 2411 ἀιαιτηθή.
728 2325 791 2390 Sed
818 2330 926 2391 tamen
952 2325 987 2389 in
1011 2325 1072 2389 hac
1096 2324 1276 2390 differentia
1298 2347 1377 2390 usus
1402 2335 1460 2409 τῆς
1483 2324 1619 2410 ἐρημίας

328 2447 333 2456 ’
382 2433 473 2497 notio
500 2432 599 2517 plane,
624 2433 735 2497 eadem
760 2437 822 2516 est,
849 2433 916 2498 sive
940 2433 979 2496 ad
1003 2432 1167 2516 τρύγησιν
1191 2432 1259 2497 sive
1282 2431 1322 2496 ad
1346 2434 1549 2517 κατηγορίαν
1571 2453 1618 2496 re-

381 2539 498 2622 fertur,
530 2539 558 2602 si
586 2539 715 2623 quidem
742 2540 804 2605 bac
831 2561 909 2604 voca
936 2540 1000 2604 hoc
1027 2538 1202 2624 indicatur,
1229 2560 1296 2604 non
1323 2539 1433 2604 adesse
1461 2561 1533 2604 eum
1563 2540 1619 2624 qui

383 2647 493 2711 adesse
523 2648 632 2730 potuit
659 2651 716 2712 aut
743 2647 862 2712 debuit.
905 2645 1121 2723 Quamobrem
1150 2647 1185 2709 in
1213 2643 1354 2711 Socratis
1382 2646 1526 2711 oratione
1554 2661 1630 2710 non'

382 2752 490 2817 minus
518 2753 718 2842 abundanter
745 2754 786 2817 ad
814 2752 939 2839 ἐρήμην
968 2762 1232 2837 κατηγοροῦντες
1260 2753 1412 2818 adiicitur
1434 2752 1619 2836 ἀπολογου-
1673 2782 1678 2788 ·

382 2859 486 2943 μένου
510 2861 664 2943 οὐδενός,
690 2883 785 2945 quam
811 2862 852 2927 οὐ
875 2864 1047 2948 παρούσης
1070 2858 1151 2943 ἐμοῦ
1175 2862 1216 2925 ad
1238 2858 1360 2946 ἐρήμας,
1382 2863 1561 2947 τρυγήσειν
1584 2859 1619 2925 in
1633 2880 1660 2921 ro

382 2968 528 3033 versibus
560 2967 864 3033 Ecclesiazusarum.
906 2967 1021 3052 Itaque
1052 2969 1170 3035 mirum
1202 2990 1266 3033 non
1300 2972 1363 3053 ast,
1396 2969 1484 3053 quod
1516 2990 1620 3053 nuper

381 3073 406 3139 I.
424 3073 448 3138 I.
467 3073 663 3139 Hartmanus
692 3075 728 3139 in
753 3075 865 3140 libello
894 3076 1058 3161 eleganter
1085 3077 1222 3159 scripto,
1254 3098 1318 3159 quo
1347 3074 1556 3140 ‘emblemata
1583 3075 1620 3140 in

382 3180 527 3246 Platonis
554 3185 646 3246 textu
675 3182 782 3247 obvia’
812 3187 868 3247 aut
893 3181 932 3247 ab
957 3182 1030 3247 aliis
1054 3187 1111 3247 aut
1133 3205 1152 3246 a
1175 3202 1208 3246 se
1231 3182 1337 3265 primo
1361 3182 1535 3265 patefacta,
1562 3203 1620 3266 per

383 3288 538 3371 quaedam
556 3310 675 3374 genera
693 3289 859 3373 disposita,
877 3289 1011 3375 collegit
1024 3293 1056 3353 et
1070 3288 1255 3372 illustravit,
1275 3286 1418 3353 Socratis
1433 3289 1620 3387 orationem,

383 3416 479 3478 quam
502 3394 614 3459 multis
637 3395 757 3480 ineptis
780 3395 1008 3461 additamentis
1031 3395 1238 3479 conspicuam
1261 3394 1373 3479 habet,
1401 3394 1436 3459 in
1457 3394 1518 3458 hac
1542 3416 1620 3479 quc·

383 3524 445 3585 que
463 3506 555 3586 parte
572 3524 702 3567 manum
715 3503 987 3588 interpolatricem
1004 3523 1189 3587 perpessam
1204 3522 1273 3567 esse
1287 3500 1473 3588 Hirschigio
1489 3504 1620 3567 auctore

383 3607 557 3674 arbitratus
576 3610 674 3674 verba
693 3608 968 3692 ἀπολογουμένου
987 3609 1124 3685 οὐδενός
1141 3612 1255 3692 utpote
1273 3608 1460 3674 ‘Atticismo
1479 3608 1619 3674 funesta'

383 3716 539 3779 removeri
571 3716 674 3781 iussit.
719 3715 782 3793 Qui
810 3717 888 3800 quid
916 3717 956 3783 de
983 3715 1279 3781 Ecclesiazusarum
1307 3737 1403 3781 versu
1430 3714 1619 3780 iudicaverit

382 3822 555 3889 nescimus:
578 3844 638 3888 nos
661 3823 708 3887 ita
732 3844 898 3888 censemus
904 3874 913 3907 ,
935 3823 1189 3907 Aristophanem
1213 3843 1312 3906 aeque
1336 3822 1446 3888 Attice
1468 3821 1558 3905 loqui
1583 3842 1620 3885 ac

382 3928 564 4015 Platonem,
592 3935 625 3995 et
647 3932 686 3996 de
711 3953 856 3996 sermone
878 3933 906 3996 si
929 3934 1061 4016 agatur,
1088 3931 1176 4014 quod
1197 3928 1248 3993 illi
1271 3950 1337 3993 non
1360 3926 1561 4013 displicuerit
1584 3928 1619 3991 in
1633 3943 1660 3984 ιο

382 4036 534 4101 familiari
562 4037 708 4103 oratione
735 4038 947 4104 iambicorum
975 4059 1140 4121 versuum,
1171 4057 1212 4100 ne
1241 4034 1365 4101 Socrati
1393 4034 1521 4120 quidem
1548 4033 1619 4099 Pla·

383 4144 492 4207 tonico
524 4144 709 4210 indecorum
741 4146 857 4229 fuisse,
889 4167 962 4212 cum
989 4145 1180 4229 praesertim
1206 4143 1286 4207 baec
1313 4142 1490 4226 ἀπολογία,
1522 4143 1618 4205 etiam

384 4251 522 4334 demptis
550 4252 700 4317 omnibus
728 4274 810 4337 quae
832 4252 917 4317 demi
940 4251 1076 4337 cupiunt
1097 4250 1295 4317 Batavorum
1319 4250 1436 4332 critici,
1464 4270 1529 4313 non
1552 4252 1619 4313 tam

384 4362 522 4443 angusto
555 4358 682 4424 dicendi
713 4382 830 4447 genere
861 4363 972 4424 utatur
1000 4380 1097 4442 quam
1125 4357 1217 4443 largo
1246 4361 1279 4421 et
1307 4357 1395 4440 quod
1423 4355 1619 4438 exspatiatur

382 4463 481 4540 latius
509 4470 542 4529 ct
569 4466 707 4550 quadam
734 4466 948 4551 amplitudine
976 4487 1009 4530 se
1037 4465 1148 4549 iactat,
1175 4485 1216 4527 ne
1244 4462 1322 4548 quid
1350 4462 1389 4527 dc
1415 4482 1550 4526 numero
1574 4461 1621 4525 di·

385 4593 504 4655 camus,
527 4572 580 4636 cui
603 4595 751 4638 veremur
773 4595 814 4638 ne
837 4572 965 4638 sublata
987 4572 1085 4636 verba
1108 4569 1381 4654 ἀπολογουμένου
1406 4568 1544 4645 οὐδενός
1568 4568 1620 4641 dc-

384 4680 574 4745 trimentum
596 4680 739 4745 afferant.

473 4785 551 4851 Non
572 4788 681 4852 minus
703 4809 774 4873 nos,
795 4788 860 4852 nisi
877 4786 963 4851 fallit
983 4786 1103 4870 opinio,
1127 4783 1364 4848 adolescentula
1381 4783 1620 4868 Aristophanen

384 4892 549 4958 adiuvabit
572 4893 606 4959 in
629 4896 731 4960 altera
753 4915 850 4958 causa
868 4915 963 4977 quam
984 4892 1133 4957 diximus.
1170 4890 1256 4956 Nam
1275 4892 1362 4975 quod
1380 4891 1536 4957 translato
1556 4912 1619 4956 ser·
