3967 5725
341 1860 360 1915 ὅ

601 612 699 663 econ
715 613 766 662 nn
786 612 987 665 couosnus
1006 613 1197 665 ennunrnrs
1215 614 1393 665 imuonre.
1549 610 1616 676 399

381 775 418 836 ut
440 795 459 836 a
482 771 661 838 Ritschelio
685 775 871 839 restitutum
894 773 1004 839 Plauti
1026 797 1144 841 nomen
1167 779 1199 840 et
1223 777 1290 840 eius
1314 775 1454 841 nominis
1478 775 1616 839 formam

382 879 472 945 Accii
491 881 636 946 versibus
654 880 812 946 redditam
831 882 1037 948 vehementer
1054 882 1218 967 preberet,
1241 881 1297 946 sed
1316 879 1529 946 Sotadeorum
1547 903 1615 946 ver·

380 1006 474 1052 suum
488 992 636 1053 naturam
651 993 682 1052 et
695 1010 790 1053 usum
805 989 968 1054 subtiliter
980 993 1200 1074 perscrutatus
1216 990 1254 1054 de
1266 988 1343 1054 Acci
1353 1003 1615 1053 Dmnscnmcon

378 1092 470 1158 libris
494 1095 541 1159 ita
563 1095 706 1180 sentiret,
729 1097 874 1161 versibus
898 1096 973 1161 illos
992 1097 1122 1182 quidem
1141 1097 1338 1180 compositos
1357 1096 1456 1161 fuisse
1475 1095 1615 1161 sednon

379 1201 497 1284 quibus
520 1201 724 1267 Hermannus
748 1206 780 1266 et
798 1202 997 1270 Ritschelius
1021 1203 1193 1268 voluerunt
1215 1203 1396 1285 trochaicis,
1420 1202 1475 1267 sed
1499 1203 1616 1269 ionicis

378 1308 444 1373 illis
474 1332 493 1374 e
521 1307 639 1374 Sotede
667 1313 763 1394 poeta
790 1311 1018 1396 denominatis,
1050 1332 1188 1395 quorum
1218 1332 1347 1376 normas
1375 1310 1470 1376 modo
1499 1309 1614 1376 descri-

379 1420 495 1499 pserat.
531 1414 659 1501 Itaque,
684 1420 722 1481 ut
744 1417 913 1482 mittamus
935 1419 1072 1502 relique,
1099 1418 1173 1483 illos
1196 1421 1261 1483 tres
1285 1437 1411 1501 versuo,
1440 1417 1495 1502 qui
1519 1416 1614 1481 uobis

379 1525 511 1588 suntin
533 1523 691 1609 manibus,
713 1525 777 1589 hec
800 1524 896 1589 modo
921 1525 1083 1590 dimensus
1108 1530 1156 1589 est

512 1630 600 1695 Ndm
622 1651 678 1696 aec
702 1630 847 1697 Geminei
869 1632 987 1697 Leones
1009 1647 1064 1697 aec
1088 1631 1277 1697 Gnedolidm
1299 1651 1355 1697 aec

513 1737 647 1803 Ploa'ti
670 1739 775 1819 Aaou,
798 1759 854 1804 aec
875 1739 936 1805 Be
959 1760 1132 1823 compresso
1154 1741 1209 1804 ae'c
1230 1739 1361 1804 Boeotia
1383 1739 1463 1804 e'ias

519 1822 674 1928 &requam
695 1847 773 1927 fait,
796 1867 893 1928 neque
914 1846 990 1912 ddeo
1014 1847 1170 1930 Agroecus
1192 1848 1288 1929 aeque
1311 1845 1551 1912 Commorientes

510 1952 618 2018 Mdcci
642 1955 717 2018 Titi.

376 2057 421 2122 Et
443 2059 531 2143 haee,
554 2065 591 2124 ut
610 2064 686 2125 sunt
705 2061 864 2148 sagaciter
883 2065 1071 2144 commento,
1090 2082 1156 2125 non
1174 2081 1294 2144 paucos
1312 2065 1407 2125 nacta
1425 2064 1501 2125 sunt
1518 2081 1611 2144 spon·

376 2187 477 2251 sores,
504 2167 539 2231 in
567 2167 685 2252 quibus
713 2167 880 2232 Hertaium
909 2172 942 2232 et
968 2167 1222 2234 Fleckeisenum.
1262 2166 1460 2232 Ritschelius
1487 2189 1563 2231 vero
1593 2191 1614 2232 a

375 2272 573 2338 Lachmanni
601 2276 760 2340 sententia
786 2297 881 2359 quam
906 2276 968 2340 sibi
992 2297 1121 2359 quoque
1144 2275 1294 2359 primitus
1319 2275 1487 2358 probatam
1510 2274 1612 2340 fuisse

375 2380 457 2445 dixit
480 2380 636 2464 paulatim
661 2383 800 2466 deflexit,
822 2384 879 2466 qui
901 2382 1092 2468 fragmentis
1111 2381 1270 2448 Plautinis
1293 2382 1440 2446 tractatis
1464 2381 1611 2446 adhunc

375 2509 502 2553 causam
536 2510 681 2554 reversus
709 2490 756 2571 (in
780 2489 861 2574 Opp.
884 2489 946 2555 vol.
970 2507 1010 2554 111
1033 2512 1064 2574 p.
1090 2488 1169 2578 182)
1197 2494 1230 2554 et
1257 2488 1375 2572 quibus
1398 2487 1610 2554 incommodis

374 2595 437 2659 ista
465 2596 677 2662 conformatio
705 2597 866 2663 laboraret
892 2597 1061 2683 perspicue
1089 2597 1244 2681 explicuit
1269 2601 1302 2662 et
1325 2597 1496 2680 prietiuam
1520 2619 1609 2661 suam

374 2703 559 2785 opinionem
581 2703 725 2789 repetiit,
748 2727 812 2788 qua
835 2704 970 2770 credidit
992 2703 1192 2770 trochaicum
1214 2726 1398 2783 numerum,
1421 2725 1487 2769 non
1512 2725 1609 2788 quem

374 2808 428 2874 ille
456 2809 558 2875 suasit
581 2807 754 2877 Sotadeum
780 2811 1018 2899 agnoscendum
1042 2833 1124 2897 esse,
1152 2812 1215 2877 nisi
1240 2810 1327 2896 quod
1350 2811 1482 2876 tertium
1506 2833 1544 2877 ex
1567 2809 1607 2876 iis

373 2938 500 2982 versum
526 2918 624 3004 paulo
652 2919 747 2984 aliter
773 2942 860 2985 nunc
887 2942 982 3003 quam
1011 2924 1105 2984 antee
1133 2919 1337 2985 scribendum
1365 2940 1435 2983 esse
1461 2918 1607 2984 coniecit.

373 3023 481 3108 Atque
498 3025 559 3090 hos
578 3030 644 3090 tres
662 3030 867 3091 tetrametros
887 3026 927 3092 ab
946 3026 1133 3091 Hermanno
1148 3025 1393 3110 Ritschelioque
1412 3027 1609 3091 constitutos

506 3134 653 3215 Namque
674 3153 729 3198 aec
753 3132 898 3199 Gemma
920 3134 1043 3200 Mones
1065 3153 1120 3198 aec
1144 3131 1346 3211 Condalium,
1370 3154 1433 3198 aaa
1451 3133 1545 3198 Anus

507 3239 630 3320 Plauti,
653 3230 709 3305 aec
730 3240 791 3305 Bis
813 3260 987 3322 compressa
1010 3245 1066 3305 out
1087 3240 1217 3304 Boeotio
1240 3241 1320 3304 etas
1341 3260 1491 3321 amquam
1512 3241 1584 3319 fcit,

506 3348 613 3430 Neque
634 3349 791 3431 Agroecio
812 3368 909 3429 neque
932 3345 1172 3412 Commorientes
1194 3347 1284 3411 odeo
1305 3347 1383 3427 fcit
1405 3346 1514 3411 Macer?
1540 3346 1610 3410 Titi

372 3455 428 3538 qui
447 3454 620 3520 contulerit
638 3477 710 3520 cum
729 3454 928 3519 Lachmauni
942 3451 1098 3538 Sotadeis,
1117 3453 1220 3537 facile,
1240 3454 1418 3537 opinamur,
1437 3453 1608 3539 intelliget,

372 3561 475 3625 multo
503 3562 564 3626 bos
592 3584 661 3627 esse
689 3585 784 3647 quam
812 3561 886 3626 illos
914 3561 1156 3646 probabiliores.
1194 3558 1240 3624 At
1268 3562 1347 3625 certi
1375 3561 1540 3627 tamenin
1564 3561 1604 3625 iis

371 3668 454 3733 nihil
480 3675 529 3734 est
556 3670 619 3733 nisi
645 3692 664 3733 a
688 3668 865 3735 Ritschelio
888 3671 1055 3735 inventum
1078 3689 1196 3733 nomen
1220 3669 1329 3733 Macci
1352 3670 1431 3747 Titi,
1461 3668 1548 3751 quod
1569 3670 1604 3732 in

371 3779 508 3859 utroque
531 3798 647 3863 genere
669 3780 846 3842 metrorum
870 3798 961 3840 suem
985 3775 1092 3841 sedem
1117 3775 1266 3840 obtinuit.
1304 3773 1425 3839 Verum
1445 3776 1511 3840 eius
1529 3779 1604 3858 post

1627 1767 1656 1806 10

1622 2837 1651 2879 80

369 3883 499 3948 Boeotia
523 3884 586 3947 iam
610 3884 650 3948 ab
674 3882 859 3948 Hermanno
884 3883 922 3947 de
947 3883 1131 3949 coniectura
1153 3881 1348 3948 inculcatum
1373 3884 1405 3945 et
1429 3904 1447 3945 a
1470 3880 1647 3965 reliquisse

370 3994 531 4054 servatum
564 4011 661 4074 quam
688 3990 886 4056 Ritschelius
918 3990 1054 4074 putabat
1084 3990 1180 4054 fidem
1210 3988 1327 4054 habere
1355 4012 1374 4052 a
1401 3988 1602 4072 quorundam

371 4096 516 4162 codicum
540 4097 669 4161 infimae
692 4097 790 4162 sortis
812 4097 1008 4162 testimoniis
1031 4094 1174 4184 (Parerg.
1193 4119 1222 4182 p.
1244 4096 1285 4160 13
1300 4093 1360 4183 u),
1388 4117 1456 4160 eam
1479 4094 1601 4159 nullam

371 4223 439 4268 esse
458 4203 582 4269 Hertnii
601 4204 765 4269 adnotatio
789 4204 830 4267 ed
849 4202 989 4269 Gellium
1013 4204 1124 4289 evicit3
1146 4225 1249 4288 neque
1272 4203 1335 4267 hoo
1357 4224 1461 4287 neque
1481 4204 1546 4284 fcit
1568 4202 1604 4265 iu

370 4310 471 4374 altera
484 4313 575 4395 parte
589 4310 749 4376 adiectum
763 4315 818 4376 aut
837 4312 913 4377 adeo
932 4334 990 4377 suo
1009 4311 1081 4376 loco
1100 4316 1224 4376 motum
1239 4310 1378 4376 multum
1392 4309 1431 4375 ed
1447 4310 1604 4374 orationis

369 4416 505 4481 formem
534 4421 590 4482 aut
622 4418 814 4504 elegantiam
843 4418 961 4503 facere,
995 4419 1188 4503 quicumque
1217 4440 1283 4483 nou
1311 4419 1467 4501 occupata
1494 4420 1603 4481 mento

370 4524 467 4589 verba
489 4524 561 4608 ipsa
579 4524 784 4608 examinabit,
806 4524 894 4588 haud
913 4524 1088 4590 difficulter
1106 4526 1290 4611 persentiat.
1329 4522 1452 4600 Quibus
1472 4522 1602 4588 omissis

367 4634 501 4715 apparet
524 4631 562 4695 de
585 4632 731 4696 versibus
755 4635 882 4695 tantum
905 4653 971 4696 uon
995 4635 1102 4698 actum
1127 4654 1204 4697 esse.

455 4737 603 4823 Denique
630 4738 846 4803 Buechelerus
879 4761 898 4801 a
927 4736 1073 4803 Sotadeis
1096 4738 1307 4804 Varronianis
1334 4737 1497 4824 profectus
1526 4759 1599 4801 oum

367 4846 399 4909 in
429 4866 539 4910 eorum
567 4868 715 4911 versuum
744 4845 965 4910 condicionem
993 4850 1025 4910 et
1052 4867 1145 4910 usum
1172 4845 1276 4910 denuo
1301 4845 1409 4911 dedita
1432 4865 1528 4929 opere
1551 4845 1600 4909 in·
