3967 5725
464 1605 538 1678 LV.
565 1605 719 1678 INDEX
746 1605 1028 1679 LEOTIONUM
1055 1605 1371 1681 AESTIVARUM
1400 1609 1497 1680 1902.

330 1784 350 1840 8
458 1779 496 1845 ln
514 1780 577 1846 hoc
594 1780 760 1864 praefandi
779 1779 887 1845 officio
907 1780 1175 1864 quemadmodum
1195 1781 1302 1866 quoad
1320 1781 1388 1847 eius
1404 1782 1475 1846 fieri
1493 1785 1602 1866 potest

368 1888 504 1975 seligere
527 1887 666 1952 solemus
692 1887 779 1970 quod
802 1887 974 1952 immensae
997 1888 1146 1952 varietati
1169 1888 1344 1954 lectionum
1369 1911 1450 1973 quae
1473 1911 1601 1952 enume-

366 1999 479 2060 rantur
501 1994 588 2059 haud
611 1995 811 2059 incommode
834 1995 1001 2079 praemitti
1023 2016 1118 2078 posse
1141 1996 1296 2080 videatur,
1319 1995 1365 2060 ita
1388 1996 1465 2060 dum
1484 1995 1600 2060 doctri-

365 2115 477 2169 narum
502 2122 619 2187 genera
642 2100 827 2166 ordinamus
851 2105 883 2165 et
907 2103 999 2185 quasi
1018 2102 1116 2186 dapes
1139 2104 1287 2186 opiparas
1308 2103 1512 2186 exstruimus,
1534 2111 1601 2166 non

364 2231 537 2294 possumus
559 2231 626 2273 non
650 2208 817 2273 doctorum
842 2230 923 2293 quae
947 2209 1013 2273 sint
1034 2207 1218 2273 labentibus
1247 2210 1338 2274 annis
1362 2205 1616 2274 vicissitudines

366 2316 543 2400 attendere,
573 2336 711 2398 quorum
735 2315 830 2379 multi
855 2337 936 2399 quos
960 2315 1015 2379 diu
1038 2317 1181 2379 venerati
1205 2338 1315 2380 sumus
1339 2338 1376 2382 ac
1399 2316 1600 2400 suspeximus

366 2423 503 2506 denique
522 2422 676 2487 abeuntes
696 2423 746 2486 sui
764 2421 860 2486 nobis
879 2422 1071 2487 desiderium
1091 2423 1285 2507 relinquunt,
1305 2422 1386 2488 alios
1406 2424 1461 2506 qui
1476 2444 1601 2506 semper

364 2531 440 2594 novi
468 2529 673 2594 advenientes
695 2551 812 2594 vacuas
839 2529 969 2594 illorum
999 2530 1089 2594 sedes
1118 2533 1276 2614 occupant
1303 2533 1414 2594 nostra
1438 2530 1540 2595 salute
1564 2551 1600 2593 ac

364 2637 461 2702 bonis
479 2636 564 2700 votis
583 2637 757 2722 recipimus
776 2641 809 2701 et
826 2636 980 2702 fovemus.
1019 2634 1070 2701 Ita
1088 2637 1332 2722 persentiscitur
1346 2635 1597 2702 Universitatem
1614 2665 1641 2706 ro

364 2745 592 2828 sempiternam
615 2765 693 2830 esse,
715 2743 864 2809 homines
887 2745 1048 2830 mortales,
1073 2746 1130 2828 qui
1153 2745 1210 2809 ubi
1235 2745 1300 2810 suis
1323 2742 1525 2828 temporibus
1548 2743 1599 2807 de·

362 2851 465 2917 frmcti
489 2855 573 2937 sunt,
595 2873 725 2917 necesse
749 2855 799 2916 est
825 2851 931 2917 locum
958 2851 1072 2917 cedant
1095 2850 1176 2917 aliis.
1222 2851 1261 2917 ln
1288 2852 1372 2917 hanc
1395 2873 1454 2917 nos
1478 2851 1599 2937 cogita-
1656 2930 1660 2939 .

239 2969 243 2974 '
362 2960 484 3025 tionem
513 2959 656 3043 abripuit
683 2958 776 3023 dolor
802 2981 912 3024 recens
941 2982 1005 3043 quo
1032 2960 1142 3025 dolore
1169 2982 1273 3044 nuper
1296 2961 1414 3045 exiguo
1428 2959 1599 3042 ¹temporis

362 3065 531 3131 intervallo
564 3066 663 3130 trium
696 3067 899 3152 egregiorum
931 3065 1128 3153 collegarum
1164 3068 1316 3132 iacturam
1352 3067 1598 3152 deploravimus,

363 3194 501 3257 quorum
528 3172 660 3237 nomina
687 3173 835 3256 inprimis
864 3173 961 3237 nobis
985 3196 1058 3238 cara
1080 3194 1166 3238 nunc
1189 3173 1328 3257 primum
1351 3174 1385 3237 in
1408 3174 1471 3239 hoc
1493 3174 1598 3239 indice

359 3279 537 3344 lectionum
552 3280 826 3363 desiderabantur,
840 3278 1011 3344 Iouaurus
1023 3278 1219 3362 Sonurnrrr,
1230 3278 1598 3364 OaaomWnrurrounr,

361 3384 525 3450 Auranm
537 3385 705 3470 Puurucn,
725 3387 781 3470 qui
796 3387 830 3450 in
844 3408 902 3450 suo
917 3386 1054 3470 quisque
1068 3385 1246 3451 litterarum
1262 3407 1378 3472 genere
1394 3387 1597 3472 antesignani

361 3513 399 3557 ac
421 3494 583 3577 principes
602 3494 702 3558 animi
722 3494 858 3558 candore
877 3514 915 3557 ac
935 3492 1091 3579 singulari
1109 3493 1309 3558 humanitate
1328 3492 1512 3558 duraturam
1532 3493 1596 3557 sibi

362 3600 558 3687 collegarum
582 3622 618 3665 ac
642 3602 873 3685 discipulorum
896 3599 1062 3665 caritatem
1085 3605 1286 3685 pepererunt.

450 3706 589 3771 Tantum
613 3729 723 3772 eorum
748 3708 921 3771 memoriae
945 3707 1085 3771 dandum
1108 3706 1315 3792 putabamus,
1337 3708 1525 3791 priusquam
1548 3729 1592 3771 re·
1609 3732 1637 3772 ao

360 3818 541 3898 peteremus
574 3818 761 3879 consuetum
795 3814 885 3878 filum
919 3814 1149 3898 disputationis
1177 3836 1194 3877 e
1222 3814 1445 3878 communibus
1476 3813 1594 3879 litteris

359 3922 487 4005 petitae.
520 3920 681 3985 Volumus
704 3925 812 3986 autem
830 3921 869 3985 de
888 3920 1041 3986 familiari
1060 3921 1198 4004 quodam
1218 3942 1333 4007 genere
1352 3920 1479 3986 dicendi
1499 3918 1593 3984 Grae·

360 4028 405 4091 cis
419 4027 608 4111 Latinisque
628 4030 790 4094 communi
809 4028 973 4112 disserere,
990 4049 1057 4092 non
1077 4029 1168 4111 quasi
1186 4028 1282 4113 plane
1301 4050 1420 4093 novum
1440 4047 1476 4091 ac
1491 4026 1594 4091 doctis

358 4134 562 4220 incognitum
577 4136 620 4198 sit
634 4134 689 4198 sed
705 4135 781 4219 quia
799 4134 942 4200 videmus
960 4156 1201 4218 nonnumquam
1219 4134 1302 4199 vela
1317 4133 1509 4199 doctissimis
1528 4156 1595 4199 non

358 4244 445 4306 recte
459 4242 628 4307 aestimari.
659 4238 708 4307 Ac
722 4263 781 4306 nos
800 4242 876 4305 dum
895 4241 981 4306 hunc
1000 4263 1121 4305 morem
1135 4240 1289 4325 loquendi
1303 4230 1361 4325 per
1375 4248 1432 4303 sua
1447 4241 1594 4324 exempla

358 4348 474 4413 Latina
497 4347 617 4414 Graeca
644 4350 879 4433 persequimur,
908 4370 975 4413 non
1002 4347 1203 4434 negligemus
1232 4348 1258 4412 si
1288 4369 1369 4431 quae
1395 4346 1480 4411 forte
1503 4347 1594 4412 iuxta

358 4456 443 4519 viam
466 4457 557 4521 laeva
575 4456 642 4520 sive
662 4455 793 4520 dextera
815 4458 982 4521 occurrent
1001 4454 1186 4538 interpretis
1206 4476 1298 4538 opem
1319 4454 1509 4538 expetentia.
1546 4451 1593 4518 Ut

359 4583 487 4646 sperare
500 4563 596 4627 liceat
611 4584 684 4630 cum
697 4563 839 4627 utilitate
854 4561 1004 4626 nonnihil
1017 4583 1076 4626 nos
1091 4560 1246 4625 iucundae
1258 4559 1424 4625 varietatis
1438 4561 1592 4624 allaturos

358 4690 427 4733 esse
455 4669 495 4733 iis
523 4671 579 4753 qui
606 4692 672 4735 non
695 4671 907 4753 aspernantur
930 4690 964 4733 se
986 4669 1020 4732 in
1044 4667 1275 4752 proprietatem
1304 4667 1460 4731 sermonis
1483 4665 1592 4731 Latini

359 4774 510 4841 Graecive
532 4776 705 4843 insinuare.
1605 4798 1633 4839 so

321 4894 340 4951 4
448 4880 580 4947 Initium
604 4890 711 4949 autem
735 4883 895 4948 scribendi
918 4881 1014 4947 nobis
1041 4882 1165 4947 faciunt
1188 4879 1350 4946 Ciceronis
1374 4878 1472 4945 verba
1495 4879 1533 4944 de
1556 4901 1591 4943 re
