3967 5725
591 628 642 678 uu
660 629 791 680 remus
810 630 916 683 noors
934 632 1117 684 nuucums
1136 631 1366 684 acerrumis.
1535 630 1600 696 269

362 792 460 856 τόνδε
483 791 520 868 ὃς
544 790 629 876 φήσ’
650 791 834 857 maluerunt
858 793 955 859 scribi
974 816 1070 879 quam
1091 793 1178 879 quod
1197 793 1392 878 vulgabatur
1411 797 1485 858 ante
1504 795 1600 860 τόνδε

364 897 400 974 ὃς
419 901 497 984 φής;
517 921 599 984 quae
613 899 690 963 licet
704 900 921 965 minutissima
934 903 978 966 sit
991 924 1029 967 ac
1043 922 1144 986 paene
1160 901 1364 984 ἀναίσθητος
1378 900 1601 986 discrepantia,

364 1010 471 1071 tamen
502 1006 663 1071 noviciam
696 1008 889 1093 scripturam
918 1030 975 1073 cur
1002 1013 1150 1094 receptae
1177 1008 1395 1093 praeferamus
1422 1007 1505 1074 nihil
1533 1029 1602 1073 esse

364 1113 567 1179 arbitramur.
605 1113 819 1200 Aristophani
847 1117 1039 1201 placuerunt
1067 1118 1162 1180 etiam
1191 1117 1271 1182 haec
1298 1116 1331 1180 in
1360 1115 1459 1181 Ranis
1485 1113 1601 1202 (1007)

364 1219 528 1306 Aeschylo
552 1222 678 1287 dicente

409 1334 584 1414 θυμοῦμαι
607 1327 669 1412 μδν
692 1340 732 1415 τῇ
756 1328 929 1417 ξυντυχίᾳ,
952 1335 1011 1396 καί
1032 1355 1094 1414 μου
1117 1334 1159 1397 τά
1182 1328 1341 1416 σπλάγχν’
1371 1330 1560 1414 ἀγανακτεῖ,

374 1514 382 1523 .
410 1439 441 1500 el
458 1438 542 1523 πρὸς
560 1446 684 1502 τοῦτον
703 1439 758 1502 δεῖ
773 1435 806 1523 μ’
829 1437 1027 1522 ἀντιλέγειν·
1052 1439 1175 1521 ἵναμή
1195 1437 1323 1523 φάσκή
1343 1436 1380 1503 δ’
1398 1436 1535 1521 ἀπορεῖν
1552 1460 1602 1519 με,

410 1542 628 1630 ἀπόκριναί
649 1567 720 1629 μοι,
742 1549 834 1622 τίνος
857 1545 980 1611 οὕνεκα
1003 1548 1065 1631 χρή
1088 1546 1274 1629 θαυμάζειν
1298 1545 1404 1628 άνδρα
1427 1544 1580 1627 ποιητήν;

367 1670 562 1735 quamquam
590 1652 671 1716 haec
698 1673 828 1736 quoque
857 1654 1004 1737 quamvis
1033 1653 1154 1737 optime
1184 1652 1322 1717 formata
1344 1672 1408 1715 non
1434 1651 1603 1715 dehrerunt

367 1757 423 1841 qui
451 1759 692 1843 aequabilitatis
720 1759 936 1826 restituendae
964 1783 1060 1825 causa
1085 1761 1120 1824 in
1143 1759 1284 1824 deterius
1306 1760 1477 1822 mutarent.
1511 1756 1603 1821 Gom·
1618 1784 1644 1825 ιο

366 1864 447 1928 moti
475 1865 574 1930 animi
598 1867 717 1932 indicia
739 1890 817 1952 prae
840 1889 874 1932 se
896 1868 1005 1932 ferunt
1028 1866 1144 1952 Oedipi
1168 1867 1266 1930 verba
1288 1865 1323 1929 in
1345 1863 1532 1948 Polynicem
1556 1887 1602 1929 ar·

366 1970 535 2057 dementis,
557 1993 624 2038 non
647 1973 817 2039 dissimilia
839 1974 904 2038 illis
923 1975 957 2038 in
976 1972 1132 2039 Tiresiam
1151 1973 1287 2056 iactatis,
1311 1970 1401 2059 (Oed.
1419 1970 1486 2036 001.
1504 1968 1602 2055 1354)

530 2089 596 2145 νῦν
619 2079 648 2145 δ’
677 2079 833 2159 ἀξιωθεὶς
856 2077 920 2146 εἶσι
943 2080 1109 2158 κάκούσας
1132 2078 1161 2165 γ’
1191 2079 1273 2163 ἐμοῦ

528 2186 663 2252 τοιαῦθ’
689 2189 710 2253 ἃ
732 2189 793 2254 τὸν
815 2186 919 2253 τοῦδ’
949 2188 990 2253 οὔ
1014 2186 1093 2253 ποτ’
1115 2187 1277 2272 εὐφρανεῖ
1299 2189 1390 2269 βίον,

530 2294 570 2372 ὅς
593 2292 639 2379 μ’,
663 2291 688 2359 dc
712 2297 887 2376 κάκιστε,
912 2304 1060 2379 σκῆπτρα
1083 2292 1139 2359 καὶ
1162 2296 1313 2376 θρόνους
1335 2290 1422 2377 ἔχων

427 2421 439 2452 ⁶
529 2405 589 2466 τὸν
613 2403 712 2478 αὐτὸς
735 2402 839 2467 αὑτοῦ
862 2400 986 2486 πατέρα
1009 2401 1101 2466 τόνδ’
1129 2401 1330 2485 ἀπήλασας
1353 2406 1420 2466 κτλ.

371 2505 441 2583 Quo
465 2507 612 2593 exemplo
636 2507 684 2573 uti
708 2514 836 2594 poterat
858 2511 886 2574 is
911 2510 966 2594 qui
986 2509 1026 2575 de
1045 2508 1245 2574 sublimitate
1263 2507 1402 2592 scripsit,
1426 2507 1482 2591 qui
1506 2505 1546 2594 (c.
1561 2506 1602 2570 27

371 2634 400 2696 p.
416 2611 473 2700 50)
503 2636 566 2698 quo
594 2616 657 2681 hoc
684 2639 785 2702 genus
814 2616 991 2682 declararet
1019 2621 1051 2682 et
1073 2615 1301 2682 Demosthenis
1325 2614 1486 2679 concitata
1508 2612 1606 2678 verba

370 2719 406 2783 in
424 2719 679 2808 Aristogitonem
704 2725 816 2789 citavit
839 2723 939 2813 (127)
965 2726 1012 2810 ὅς,
1036 2721 1061 2791 δι
1082 2725 1267 2811 μιαρώτατε
1286 2722 1452 2804 ἁπάντων,
1476 2721 1605 2787 ethaeo

371 2826 547 2911 placidiora
571 2851 652 2914 quae
675 2833 710 2897 in
733 2829 876 2917 Odyssea
898 2831 949 2921 (iv
968 2830 1050 2920 684)
1073 2833 1227 2919 leguntur
1620 2854 1646 2896 ιο

530 2938 575 3019 μὴ
597 2940 859 3022 μνηστεύσαντες
880 2939 956 3025 μήδ’
984 2938 1102 3006 ἄλλοθ’
1131 2940 1346 3025 ὁμιλήσαντες

531 3044 657 3109 ὕστατα
679 3047 733 3111 καλ
756 3049 888 3131 πύματα
911 3058 976 3114 νῦν
1000 3046 1123 3114 ἐνθάδε
1147 3049 1422 3131 δειπνήσειαν,

533 3152 568 3215 οἳ
588 3150 668 3235 θάμ’
696 3153 905 3239 ἀγειρόμενοι
928 3160 1045 3239 βίοτον
1068 3156 1320 3238 κατακείρετε
1345 3154 1479 3217 πολλόν.

374 3251 443 3319 Νεο
460 3255 598 3321 fortasse
616 3258 745 3325 inutilia
763 3265 839 3326 sunt
858 3262 892 3327 in
910 3267 1022 3328 nostra
1041 3284 1146 3345 causa,
1166 3262 1227 3326 etsi
1247 3260 1323 3345 quid
1338 3259 1464 3345 proprii
1478 3258 1607 3341 habent,

375 3381 456 3441 quae
482 3362 563 3427 idem
589 3365 700 3430 eodem
722 3367 795 3433 loco
819 3391 858 3434 ex
881 3369 1035 3436 Hecataei
1057 3369 1142 3433 libro
1167 3369 1357 3433 memoravit
1379 3368 1426 3431 ita
1448 3364 1606 3431 narrantis

375 3464 468 3547 Κῆυξ
492 3468 529 3532 δὲ
551 3481 653 3537 ταῦτα
676 3475 771 3541 δεινά
793 3479 992 3559 ποιούμενος
1012 3478 1128 3542 αὐτίκα
1148 3474 1276 3541 ἐκέλευε
1295 3477 1373 3551 τοὺς
1388 3471 1607 3559 Ἡρακλείδας

377 3568 552 3654 ἐπιγόνους
574 3575 742 3665 ἐκχωρεῖν·
767 3584 812 3648 οὐ
837 3587 908 3671 γάρ
932 3585 1026 3669 ὑμῖν
1049 3585 1193 3659 δυνατός
1216 3584 1281 3663 εἰμι
1306 3580 1442 3666 ἀρήγειν
1465 3584 1533 3644 κτλ.

464 3677 525 3743 His
547 3681 647 3767 igitur
670 3711 751 3773 quae
775 3691 963 3779 collegimus
986 3714 1098 3777 pauca,
1123 3710 1316 3774 quamquam
1336 3686 1492 3769 quaedam
1511 3687 1607 3749 inter·

376 3784 493 3849 cedunt
511 3786 694 3861 discrimina
712 3819 795 3881 quae
813 3799 962 3882 diximuS,
980 3803 1089 3863 tamen
1103 3799 1230 3861 tanturn
1244 3794 1381 3858 fortasse
1396 3791 1536 3856 dandum
1551 3794 1607 3873 cst,

376 3895 412 3954 ut
439 3892 638 3982 intelligatur
665 3925 731 3968 non
758 3906 858 3971 fuisse
886 3907 972 3990 quod
999 3902 1166 3989 Euripidis
1195 3900 1372 3967 orationem
1402 3899 1435 3962 in
1459 3896 1607 3981 Hercule,
1622 3922 1648 3965 eo

376 3997 459 4062 uude
477 4003 613 4084 profecti
633 4007 697 4075 huc
712 4010 810 4076 delati
824 4035 942 4096 sumus,
961 4014 1108 4096 quamvis
1123 4011 1189 4075 leni
1204 4030 1300 4073 manu
1315 4007 1354 4072 ad
1369 4005 1607 4070 concinniorem

375 4102 512 4169 formam
544 4120 744 4202 revocarent,
776 4140 887 4183 verum
917 4119 1069 4183 credibile
1097 4138 1166 4181 esse
1193 4118 1321 4201 poetam
1350 4113 1468 4177 omissa
1497 4115 1608 4176 exacta

375 4213 603 4295 aequabilitate
634 4222 690 4284 sed
721 4246 788 4288 non
815 4225 997 4290 inconsulto
1026 4225 1178 4289 maluisse
1207 4221 1345 4287 scribere
1374 4240 1455 4303 quae
1482 4218 1608 4281 librarii
1668 4267 1670 4272 .

377 4326 548 4386 exararunt
572 4346 667 4407 quam
692 4351 773 4411 quae
796 4331 910 4394 doctus
934 4331 1065 4395 criticus
1090 4333 1290 4395 commentus
1314 4331 1363 4391 est

536 4431 582 4505 εἰς
605 4436 723 4518 καιρὸν
747 4442 848 4502 οόκοιν
869 4435 1080 4522 Ἀμφιτρύων
1103 4434 1164 4514 ἔξω
1188 4442 1281 4521 περᾷ.

536 4540 654 4619 χρόνος
677 4542 740 4626 γάρ
764 4544 827 4627 ήδη
852 4545 953 4629 δαρὸς
976 4542 1010 4622 ἐξ
1034 4544 1113 4608 ὅτου
1137 4542 1272 4617 πέπλοις

536 4651 715 4727 κοσμεῖσθε
738 4660 839 4733 σῶμα.

376 4742 461 4809 Nam
484 4752 631 4813 narratae
653 4753 700 4816 rei
723 4755 810 4837 quod
833 4777 929 4821 causa
953 4778 1010 4819 cur
1031 4756 1150 4840 καιρὸν
1169 4776 1238 4819 esse
1258 4755 1376 4819 dixerit
1395 4754 1435 4817 ad
1453 4775 1607 4839 personas

377 4849 478 4914 relata
496 4875 553 4935 per
571 4857 634 4940 γάρ
653 4859 845 4941 particulam
865 4862 1044 4945 subiicitur,
1066 4884 1106 4926 ne
1125 4861 1206 4927 illud
1225 4862 1354 4946 quidem
1372 4867 1429 4926 aut
1447 4860 1609 4949 singulare
