3967 5725
410 638 477 703 530
647 641 720 691 LXI.
738 640 853 690 INDEX
872 639 1085 691 LEOTIONUM
1103 639 1337 692 AESTIVARUM
1356 643 1433 692 1908.

410 802 445 867 18
463 823 564 885 88888
582 822 617 865 18
636 799 699 865 sibi
719 801 774 884 qui
794 822 905 865 181888
924 804 1070 864 accurate
1085 801 1358 866 consideraverim
1372 821 1559 866 assensuros
1575 822 1644 865 esse

410 908 551 973 confidit.
586 907 701 992 Neque
724 929 797 972 eum
819 906 899 972 haec
921 906 1039 972 fiducia
1062 907 1186 972 fefellit.
1222 907 1366 972 Primum
1391 907 1475 972 88118
1499 906 1541 971 M.
1556 907 1643 972 Hau-

409 1017 508 1100 ptins,
530 1015 629 1080 homo
652 1015 799 1099 inprimis
822 1018 944 1098 acutus,
967 1014 1144 1079 Hermanni
1167 1015 1358 1098 scripturam
1380 1036 1439 1097 per
1461 1015 1540 1078 duas
1564 1035 1644 1097 quas

409 1122 488 1188 fecit
506 1120 645 1208 Vergilii
672 1121 829 1186 editiones
857 1119 991 1186 81858
1016 1124 1049 1184 81
1074 1121 1158 1185 1873
1187 1125 1352 1204 tamquam
1377 1143 1444 1185 rem
1470 1124 1645 1185 88118881

409 1228 625 1293 indubitatam
648 1229 853 1313 propagavit3
877 1227 1045 1311 eidemque
1067 1228 1252 1292 auctoritati
1271 1227 1329 1293 Th.
1349 1226 1551 1314 Ladewigins
1571 1227 1644 1292 sub-

410 1335 541 1418 scripsit
569 1336 624 1419 881
655 1357 681 1398 8.
708 1333 793 1399 1850
817 1333 955 1419 Vergilii
982 1335 1125 1398 carmina
1152 1334 1335 1400 scholarum
1363 1336 1398 1400 in
1425 1356 1519 1399 usum
1547 1334 1643 1398 inter-

410 1445 554 1527 pretatus
577 1441 629 1506 his
652 1441 799 1506 versibus
822 1441 862 1504 ad
885 1441 978 1506 illum
1001 1442 1132 1505 modum
1152 1440 1316 1506 adornatis
1339 1441 1547 1506 adnotatione
1570 1440 1643 1506 sub-

410 1549 494 1613 iecta
512 1570 671 1613 summam
689 1547 978 1634 argumentationis
992 1547 1250 1612 Hermannianac
1269 1549 1320 1612 his
1339 1547 1445 1612 verbis
1460 1547 1644 1633 complecti·

410 1659 476 1721 tur:
505 1656 556 1720 1118
577 1655 775 1738 semem
803 1653 956 1719 ‘erudelis
984 1659 1021 1719 tu
1050 1676 1178 1738 quoque
1206 1653 1468 1741 188181’(1.48)
1496 1657 1539 1721 181
1559 1655 1646 1720 nicbt

371 1761 816 1844 8888811888818888,
843 1764 978 1827 eoadem
1005 1761 1084 1825 88811
1109 1782 1193 1844 pona
1218 1762 1401 1847 8888118118,
1434 1763 1516 1828 deno
1544 1765 1644 1829 88181

408 1868 477 1933 bier
498 1889 561 1932 1181
584 1869 635 1932 die
657 1868 743 1933 Reda
764 1890 824 1933 oon
847 1869 902 1934 der
927 1867 1151 1934 0188888181
1173 1869 1226 1934 des
1247 1869 1361 1948 Amor,
1386 1870 1441 1934 der
1462 1875 1552 1934 water
1574 1871 1645 1936 Aa·

410 1975 513 2040 118188
532 1975 583 2040 die
601 1974 718 2040 Medea
734 1996 807 2041 88111
825 1976 941 2040 Morde
957 1975 1043 2040 cbrer
1060 1976 1188 2040 Kinder
1204 1976 1356 2058 9881188811
1373 1977 1456 2041 boba.
1486 1975 1644 2042 Credasne

409 2082 496 2146 hune
527 2081 692 2147 hominem
726 2082 855 2148 doctum
886 2083 1004 2169 legisse
1034 2104 1145 2147 versus
1173 2105 1255 2166 quos
1282 2086 1319 2147 ut
1341 2082 1546 2168 Vergilianos
1574 2084 1644 2167 ipse

410 2188 533 2254 edidit?
573 2187 642 2255 Nec
673 2193 783 2254 tamen
816 2189 918 2254 detuit
951 2191 1008 2273 qui
1035 2195 1149 2255 contra
1176 2190 1303 2254 diceret.
1346 2189 1383 2254 G.
1402 2192 1440 2255 A.
1461 2187 1644 2256 Gebauerus

410 2297 495 2361 eninr
514 2295 550 2359 in
568 2296 677 2360 libello
698 2318 792 2380 88818
812 2319 838 2362 8.
856 2295 941 2361 1856
962 2298 1013 2362 ‘de
1031 2302 1200 2381 poetarum
1215 2294 1409 2362 Graecorum
1424 2297 1644 2363 bucolicorum

409 2403 557 2488 inprimis
576 2402 741 2468 Theocriti
764 2403 959 2469 carminibus
978 2404 1013 2468 in
1031 2402 1152 2488 eclogis
1171 2401 1350 2489 aVergilic
1370 2403 1586 2468 adumbratis'
1603 2405 1644 2469 ad

410 2508 627 2575 Reinholdum
642 2509 808 2575 Klotzium
827 2509 957 2593 scripsit
974 2532 1005 2594 p.
1020 2509 1064 2574 43
1083 2532 1194 2574 versus
1213 2510 1355 2595 integros
1371 2531 1440 2574 esse
1453 2511 1643 2595 persuadere

411 2617 547 2681 studuit:
565 2617 594 2681 is
613 2638 747 2681 exorsus
765 2639 784 2680 a
803 2615 929 2681 diversa
946 2616 1080 2682 notione
1098 2617 1264 2681 nominum
1284 2617 1418 2682 8111118118
1436 2621 1468 2681 81
1485 2619 1645 2700 improbem

410 2723 611 2809 aWagnero
634 2723 802 2808 proposita
826 2722 1047 2807 quaestionem
1069 2723 1166 2787 istam
1189 2723 1229 2789 ab
1252 2723 1438 2789 Hermanno
1462 2724 1644 2790 damnatam

370 2830 493 2898 1811888
519 2831 586 2895 vim
612 2829 730 2896 habere
753 2829 931 2912 contendit,
955 2831 1081 2896 ‘utrum
1104 2831 1138 2895 in
1161 2834 1295 2896 matrem
1317 2832 1421 2918 magis
1446 2831 1644 2899 crudelitatis

410 2960 450 3003 88
473 2939 508 3003 18
531 2960 666 3022 puerum
689 2939 791 3023 magis
816 2937 1016 3021 improbitat
1006 2960 1034 3002 rs
1058 2938 1267 3022 opprobrium
1290 2940 1471 3005 conveniat'
1473 2961 1644 3024 ,8818888

410 3044 503 3110 dubit
489 3044 644 3111 tationem
676 3046 716 3109 ab
749 3067 787 3110 88
821 3046 876 3129 881
907 3045 1053 3129 posuerit
1038 3045 1219 3111 tdissolvi
1250 3047 1412 3110 censetit
1413 3068 1431 3109 8
1458 3051 1495 3111 81
1522 3045 1565 3133 (v.
1584 3046 1643 3133 50)

410 3152 552 3238 gravior
577 3152 778 3236 improbitat
768 3174 797 3217 18
823 3156 901 3216 8818
928 3173 1042 3235 puero,
1074 3152 1177 3217 181181
1204 3151 1374 3217 crudelitat
1326 3154 1403 3217 ttis
1430 3157 1498 3217 mat
1498 3152 1525 3217 ri
1554 3155 1645 3218 attri-

410 3258 548 3324 buatnr'.
576 3257 628 3323 Ab
646 3258 782 3323 hact
725 3262 782 3324 aut
783 3281 833 3323 em
846 3259 1047 3343 interpretat
1038 3280 1120 3342 rone,
1139 3281 1236 3343 quam
1250 3258 1365 3325 falsam
1379 3258 1491 3325 haberi
1506 3264 1646 3344 oportet,

410 3370 523 3450 utpote
550 3388 570 3430 a
597 3366 758 3451 principio
786 3366 884 3450 falso,
917 3367 1004 3451 quod
1032 3388 1130 3451 snpra
1157 3367 1309 3449 diximus,
1337 3365 1478 3450 ductam,
1506 3367 1645 3452 denique

409 3476 522 3538 auctor
550 3472 710 3537 delabitur
737 3495 788 3554 eo,
816 3477 853 3537 81
880 3477 947 3537 1881
974 3474 1133 3559 integram
1162 3475 1353 3538 sententiam
1380 3494 1476 3557 88818
1501 3475 1540 3539 ab
1563 3472 1643 3539 Her-

409 3600 527 3643 manno
560 3579 742 3643 mutilatam
771 3579 914 3667 ‘frigidi'
942 3580 1023 3644 vitio
1050 3582 1153 3645 teneri
1180 3581 1319 3646 fateatur
1347 3580 1388 3646 ob
1416 3602 1487 3645 eam
1515 3602 1643 3647 causam

411 3686 498 3769 quod
520 3685 652 3751 Medeae
675 3687 857 3770 crudelitas,
880 3708 976 3771 qnam
999 3709 1040 3750 88
1063 3686 1266 3752 Hermannus
1290 3686 1419 3771 quidem
1442 3690 1571 3771 penitus
1594 3709 1644 3753 re-

410 3792 556 3876 moverit,
578 3797 706 3877 praeter
727 3794 898 3858 consilium
922 3793 1086 3877 loquentis
1109 3798 1312 3860 memoretur.

370 3924 396 3964 18
497 3897 612 3983 118888
634 3898 753 3983 relapsi
776 3921 886 3965 sumus
909 3899 949 3964 ad
970 3901 1112 3965 rationes
1136 3899 1321 3984 Heynianas
1336 3900 1643 3987 Wagnerianasque.

409 4004 597 4070 Omittimus
628 4006 758 4071 18181118
791 4006 847 4089 881
879 4010 1045 4091 praeterea
1075 4006 1117 4071 ab
1145 4005 1330 4071 Hermanno
1362 4006 1548 4073 defecerunt
1576 4029 1644 4073 888

409 4116 475 4176 tam
494 4110 528 4176 id
547 4116 677 4198 agentes
697 4115 733 4175 ut
752 4111 843 4176 illum
862 4112 1041 4178 refutarent
1060 4134 1156 4197 quam
1174 4117 1212 4178 ut
1230 4136 1288 4178 sua
1306 4114 1438 4180 1818818
1452 4114 1644 4180 stabilirent

409 4217 480 4284 Nos
498 4222 536 4282 ut
554 4217 593 4282 de
611 4215 789 4283 Hermanni
808 4220 990 4284 coniectura
1008 4220 1164 4285 iudicium
1181 4220 1338 4285 faciamus
1356 4220 1500 4286 nondum
1520 4222 1644 4305 quaeri·

409 4348 494 4409 mus,
523 4347 618 4409 quam
642 4324 821 4410 probabilis
843 4326 943 4391 188111
928 4326 1027 4391 11818
1051 4347 1147 4410 quam
1171 4326 1278 4411 sequit
1278 4349 1318 4390 81
1340 4328 1545 4411 stropharum
1569 4349 1644 4393 con·

410 4432 571 4518 gruentia,
595 4454 676 4516 quae
699 4436 799 4497 totam
824 4432 893 4495 eins
916 4433 1225 4516 8188818818888818
1248 4431 1423 4517 1881188811
1446 4454 1483 4496 88
1506 4432 1641 4498 ducente
1663 4439 1680 4493 7
1798 4356 1799 4506 l

410 4538 487 4622 quid
510 4539 708 4603 emendando
732 4538 874 4604 effecerit
895 4537 990 4603 nobis
1014 4538 1202 4623 diligentius
1225 4538 1483 4623 perspiciendum
1506 4542 1555 4604 est
1554 4541 1643 4623 ,qui

409 4667 476 4710 non
494 4646 672 4711 infitiamur
688 4667 800 4711 versus
818 4646 859 4710 ab
876 4642 1063 4709 Hermanno
1082 4646 1277 4710 instauratos
1296 4649 1329 4710 et
1347 4646 1487 4711 maxime
1505 4668 1543 4711 88
1562 4668 1645 4730 8888

410 4773 468 4816 188
487 4752 631 4835 periculo
650 4754 746 4817 finxit
759 4773 848 4836 puer,
871 4773 893 4816 a
905 4771 986 4833 8881
1004 4750 1163 4832 improbas
1180 4751 1249 4817 cle:
1273 4750 1440 4832 Improbus
1457 4751 1511 4817 ille
1521 4750 1646 4839 pcer*)

499 4890 562 4958 *18)
581 4889 622 4945 cf.
636 4890 727 4945 bucol.
743 4911 759 4945 v
775 4896 808 4945 81
