3967 5725
639 655 833 710 rnoenam
851 656 1041 709 cumcuma
1061 657 1307 710 soruocums.
1333 707 1335 712 ,
1524 653 1587 722 501

422 817 444 882 5
586 820 737 905 Τροφεύς
765 817 857 884 ἐστιν
886 816 904 884 6
931 819 1140 902 προλογίζων
1161 819 1349 903 πρεσβύτης
1371 821 1591 906 παιδαγωγός,

490 923 508 990 6
532 925 750 1009 ὑποκείμενος
772 923 827 990 καὶ
851 923 1078 1010 ὑπεκθέμενος
1100 926 1160 991 τὸν
1179 923 1334 1011 Ὀρέστην
1357 927 1405 1004 εἰς
1430 927 1492 1010 την
1517 932 1591 994 Φω-

463 1032 568 1098 ,usca
597 1031 681 1119 πρὸς
709 1034 885 1117 Στρόφιον
916 1031 971 1097 καὶ
1000 1033 1201 1110 ὑποδεικνὺς
1228 1032 1317 1121 αὐτῷ
1345 1035 1385 1098 τὰ
1413 1033 1451 1099 ἐν
1473 1032 1591 1120 Ἄργει.

488 1140 610 1225 μικρὸν
641 1141 705 1223 γὰρ
735 1139 840 1204 αὑτὸν
866 1138 989 1217 κλέψας
1020 1138 1055 1204 ἐκ
1082 1148 1142 1206 τοῦ
1161 1139 1306 1224 ’Ἀρμους
1333 1139 1351 1206 6
1379 1142 1591 1226 παιδαγωγὸς

474 1249 626 1330 ιέφυμεν,
646 1244 702 1311 καὶ
727 1247 784 1311 διὰ
807 1251 935 1311 είκοσιν
958 1244 1042 1311 ἐτῶν
1060 1244 1258 1312 ἐπανελθὼν
1276 1249 1323 1325 είς
1341 1249 1379 1314 τὸ
1388 1246 1504 1333 Ἄρηος
1522 1247 1587 1334 μεί

403 1353 445 1418 10
490 1354 595 1419 αὑτοῦ
618 1354 791 1419 δείκνυσιν
814 1353 903 1440 αὑτῷ
924 1353 964 1418 τὰ
987 1352 1026 1420 ἐν
1040 1350 1156 1438 Ἄργει.

356 1459 481 1536 Quibus
509 1482 590 1544 quae
617 1460 652 1524 in
679 1461 826 1544 exemplo
851 1458 888 1524 0.
911 1457 1019 1524 Iahnii
1046 1458 1107 1524 Ad.
1127 1459 1295 1526 Michaelis
1324 1483 1401 1527 cura
1427 1462 1589 1548 perpolito

357 1566 402 1654 (v.
417 1564 453 1654 4)
478 1589 517 1631 ax
539 1587 605 1632 uno
631 1567 741 1632 codice
754 1565 1000 1633 Vindobonensi
1025 1567 1129 1632 media
1153 1568 1346 1653 interposita
1368 1572 1444 1635 sunt
1467 1565 1590 1652 ἔπεμψε

357 1670 394 1741 66
413 1673 517 1739 αὐτὸν
535 1676 582 1751 είς
603 1674 740 1740 Φωκίδα
760 1674 808 1749 είς
831 1674 892 1739 τὸν
909 1683 970 1738 τοῦ
988 1674 1113 1758 πατρὸς
1131 1674 1236 1740 αὑτοῦ
1255 1673 1277 1760 [.
1294 1727 1300 1740 .
1315 1725 1322 1740 .
1337 1673 1392 1742 ἐπὶ
1405 1674 1591 1760 Ἀναξιβίαν

355 1781 505 1866 ἀδελφὴν
533 1779 653 1866 αὑτοῦ]
681 1777 866 1864 ἐξίδελφον
893 1783 1082 1866 Στρόφιον,
1112 1804 1149 1847 εει
1177 1803 1210 1847 se
1238 1784 1279 1848 ab
1306 1783 1369 1848 hoc
1399 1786 1631 1869 argumentum

355 1887 461 1953 alieno
483 1909 551 1953 esse
572 1887 698 1972 liquido
722 1886 936 1973 patefaciuut3
958 1910 1064 1972 neque
1082 1891 1186 1975 magis
1206 1912 1299 1956 suum
1317 1893 1426 1956 locum
1446 1890 1591 1957 obtinere

353 1999 463 2079 potest
495 1994 582 2079 quod
614 2016 653 2059 ex
687 1995 751 2060 alio
785 2015 849 2079 quo
883 1994 992 2060 codice
1020 1994 1113 2060 alteri
1140 1998 1226 2082 parti
1253 1997 1430 2082 praefixum
1458 2001 1507 2062 est
1534 1996 1590 2063 καὶ

357 2104 473 2186 ἄλλως,
500 2102 529 2166 si
558 2101 687 2185 quidem
711 2101 763 2166 his
785 2101 970 2166 referuntur
991 2123 1059 2166 nou
1082 2101 1192 2168 eadem
1216 2103 1280 2169 alio
1304 2105 1410 2188 modo,
1440 2105 1495 2169 sed
1518 2104 1590 2188 alia,

355 2231 437 2294 quae
459 2213 568 2274 tamen
591 2207 733 2273 eiusdem
756 2208 949 2273 narrationis
973 2212 1057 2274 sunt
1094 2207 1197 2286 Quam
1219 2231 1330 2276 vocem
1348 2209 1473 2276 librarii
1492 2213 1590 2276 etiam

324 2396 327 2404 Ι
354 2316 434 2381 alibi
460 2316 642 2380 inconsulte
670 2316 887 2399 inseruerunt,
915 2316 1003 2380 velut
1032 2316 1110 2400 quid
1138 2320 1247 2400 potest
1270 2338 1339 2382 esse
1361 2318 1590 2403 importunius,

171 2408 173 2415 ’
242 2435 245 2440 ’
355 2446 452 2509 quam
476 2413 620 2509 quodin
642 2422 737 2487 editis
761 2422 925 2506 equitibus
949 2420 1177 2508 Aristophanis
1202 2446 1243 2489 ne
1266 2424 1436 2490 accedente
1459 2424 1589 2510 quidem

353 2531 518 2615 potiorum
546 2528 691 2595 codicum
719 2529 783 2595 fide
810 2530 914 2594 fertur
939 2531 978 2595 τὸ
1007 2526 1044 2595 66
1072 2531 1181 2616 δρᾶμα
1204 2543 1272 2599 τῶν
1295 2533 1380 2615 ίίγαν
1402 2538 1510 2610 καλῶς
1533 2555 1589 2598 πε-

353 2637 554 2722 ποιημένων.
589 2654 625 2701 11.
640 2634 771 2713 Ἄλλως.
805 2634 839 2701 ‘0
862 2639 984 2714 σκοπὸς
1008 2637 1097 2728 αὑτῷ
1116 2639 1201 2721 πρὸς
1218 2640 1255 2704 τὸ
1273 2646 1431 2706 καθελεῖν
1450 2639 1590 2705 Κλέωνα

353 2750 423 2828 κτλ,
456 2765 528 2810 cum
562 2747 709 2828 apertum
742 2744 784 2810 sit
815 2748 991 2810 extremam
1018 2745 1138 2831 prioris
1165 2748 1267 2830 partis
1295 2747 1487 2813 seutentiam
1516 2769 1589 2813 cum

353 2851 513 2938 principio
544 2851 676 2939 ulterius
709 2852 743 2917 in
771 2852 867 2919 unius
896 2854 1051 2919 orationis
1078 2855 1324 2921 continuitatem
1353 2855 1453 2923 coire:
1485 2855 1523 2921 τὸ
1552 2850 1589 2920 66
1602 2873 1629 2914 ιο

354 2950 462 3045 ὑρᾶμοῖ
495 2970 563 3025 τῶν
594 2961 690 3043 ἄγαν·
710 2965 818 3037 καλῶς
849 2960 1089 3046 πεποιημένων.
1123 2961 1141 3028 6
1172 2964 1294 3040 σκοπὸς
1321 2963 1411 3051 αὐτῷ
1437 2960 1520 3049 (scil.
1548 2970 1593 3051 τῷ

342 3062 512 3155 ‘temporo
534 3067 618 3151 πρὸς
640 3068 678 3132 τὸ
701 3072 859 3133 καθελεῖν
881 3067 1031 3133 Κλέωνα.
1124 3076 1126 3083 ’

444 3172 507 3239 Sed
536 3196 618 3259 quae
647 3171 827 3249 ’Τπόθεσις
854 3171 1035 3258 Ἠλέκτρας
1064 3173 1266 3258 inscribitur,
1298 3177 1367 3241 eius
1399 3174 1588 3259 superstites

355 3285 431 3345 sunt
461 3285 570 3365 partes
602 3281 697 3366 duae,
730 3301 865 3364 quarum
899 3302 982 3365 quae
1014 3281 1103 3365 prior
1134 3285 1184 3346 est
1216 3278 1334 3367 (1-4)
1365 3301 1432 3344 non
1462 3279 1589 3344 videtur

353 3387 473 3453 habere
502 3388 569 3453 sive
592 3410 612 3453 a
634 3386 794 3453 sententia
817 3386 885 3452 sive
908 3388 1055 3453 oratione
1078 3386 1165 3471 quod
1187 3374 1389 3472 vituperetur
1411 3389 1468 3451 aut
1491 3386 1588 3451 offen-

353 3496 416 3559 dat.
453 3493 492 3560 In
506 3494 607 3561 altera
621 3492 762 3581 (5-10)
781 3498 831 3558 est
850 3495 938 3578 quod
957 3494 1143 3560 criticorum
1162 3494 1319 3559 arbitratu
1337 3494 1505 3560 ferendum
1521 3514 1589 3558 nou

354 3624 424 3669 csse
452 3602 641 3687 affirmetur,
669 3602 726 3687 qui
752 3601 960 3687 participium
983 3601 1203 3685 ὑποκείμενος
1226 3598 1277 3689 (6)
1301 3601 1369 3667 sive
1397 3601 1461 3667 hoc
1484 3602 1588 3667 solum

354 3711 422 3774 sive
450 3731 514 3774 unc
542 3731 614 3774 oum
642 3708 791 3794 pluribus
821 3708 928 3773 verbis
953 3708 1053 3774 deleri
1074 3709 1246 3774 iusserunt.
1286 3706 1372 3785 Quos
1397 3708 1425 3773 si
1448 3709 1589 3773 cumula·

353 3820 461 3881 torum
483 3816 730 3901 participiorum
752 3814 902 3881 molestia
923 3816 1071 3901 mouerit,
1100 3836 1292 3899 quamquam
1316 3814 1410 3879 facile
1434 3814 1588 3879 concedas

352 3922 520 3989 relatiuam
553 3924 744 3989 sententiam
775 3922 813 3999 ὃς
838 3923 1010 3988 ὑπόκειται
1041 3945 1102 4008 pro
1130 3922 1301 4008 participio
1329 3921 1407 4007 poni
1434 3921 1588 4007 potuisse,
1602 3939 1629 3981 ιο

354 4035 464 4095 tomen
482 4030 659 4096 cavendum
678 4034 728 4094 est
746 4052 787 4095 nc
806 4030 1008 4095 fastidiamus
1028 4030 1115 4115 quod
1133 4030 1377 4115 potissimorum
1396 4028 1588 4114 scriptorum

353 4159 432 4202 usus
460 4136 662 4223 comprobat3
693 4135 852 4202 exstincto
881 4140 988 4202 autam
1017 4136 1079 4202 hoc
1105 4135 1277 4221 participio
1305 4158 1453 4202 veremur
1474 4157 1514 4199 ne
1538 4135 1589 4199 de

353 4244 505 4309 teriorcm
523 4266 565 4310 ex
580 4243 684 4329 proba
702 4243 881 4309 orationem
901 4243 1077 4310 effecerint:
1097 4266 1171 4309 nam
1189 4265 1255 4308 nou
1273 4243 1337 4309 hoc
1355 4242 1459 4307 voluit
1477 4245 1590 4307 auctor

353 4350 460 4417 dicere
482 4351 501 4417 6
523 4349 578 4416 καὶ
602 4349 828 4435 ὑπανθίμενος
850 4349 882 4415 h.
901 4371 927 4414 e.
951 4350 1008 4434 qui
1031 4350 1125 4415 illum
1148 4350 1333 4433 summovit,
1355 4350 1410 4414 sed
1433 4348 1514 4412 illud
1532 4369 1588 4432 po

353 4459 420 4522 tius
438 4457 457 4523 6
473 4457 691 4541 ὑποκείμενος
709 4454 765 4522 καὶ
783 4455 1012 4541 ὑπεινθέμενος
1030 4457 1091 4523 τὸν
1104 4455 1262 4542 Ὀρέστην
1279 4456 1334 4521 καί
1349 4451 1588 4541 ὑποδεικνὺς*)

354 4568 413 4628 κτλ
441 4562 471 4627 λι.
496 4585 522 4629 ο.
546 4585 642 4648 quem
671 4567 769 4649 poeta
790 4562 887 4627 finxit
910 4559 1049 4648 (posuit)
1073 4584 1142 4628 esse
1165 4585 1238 4628 eum
1262 4562 1374 4647 quiet
1398 4561 1480 4627 clam
1503 4582 1587 4625 sum·

355 4669 494 4734 moverit
517 4673 549 4734 et
566 4691 653 4735 nunc
670 4671 711 4735 τὰ
729 4667 884 4751 ἐν’Άρμει
906 4668 1064 4734 ostendat.
1102 4668 1165 4746 Qui
1183 4691 1259 4734 usus
1279 4668 1369 4734 verbi
1388 4667 1588 4733 ὑποκεῖσθαι

443 4899 508 4968 *36)
526 4897 611 4953 Malis
630 4898 678 4953 καλ
697 4906 759 4954 νῦν
778 4896 897 4969 δεικνύς,
