<?xml version="1.0" encoding="UTF-8"?>
<!DOCTYPE html PUBLIC "-//W3C//DTD XHTML 1.0 Transitional//EN"
    "http://www.w3.org/TR/xhtml1/DTD/xhtml1-transitional.dtd">
<html xmlns="http://www.w3.org/1999/xhtml" xml:lang="en" lang="en">
 <head>
  <title>
</title>
<meta http-equiv="Content-Type" content="text/html;charset=utf-8" />
  <meta name='ocr-system' content='tesseract 3.04.00' />
  <meta name='ocr-capabilities' content='ocr_page ocr_carea ocr_par ocr_line ocrx_word'/>
</head>
<body>
  <div class='ocr_page' id='page_1' title='image "./iohannisvahleni00vahlgoog/iohannisvahleni00vahlgoog_0461.png"; bbox 0 0 3967 5725; ppageno 0'>
   <div class='ocr_carea' id='block_1_1' title="bbox 555 636 1586 702">
    <p class='ocr_par' dir='ltr' id='par_1_1' title="bbox 555 636 1586 702">
     <span class='ocr_line' id='line_1_1' title="bbox 555 636 1586 702; baseline 0.005 -15"><span class='ocrx_word' id='word_1_1' title='bbox 555 638 605 687; x_wconf 86' lang='lat' dir='ltr'><strong>DE</strong></span> <span class='ocrx_word' id='word_1_2' title='bbox 625 637 796 689; x_wconf 80' lang='lat' dir='ltr'>SCHOLIIS</span> <span class='ocrx_word' id='word_1_3' title='bbox 814 638 854 688; x_wconf 87' lang='lat' dir='ltr'><strong>IN</strong></span> <span class='ocrx_word' id='word_1_4' title='bbox 872 636 1107 688; x_wconf 65' lang='lat' dir='ltr'>ARISTOTELIS</span> <span class='ocrx_word' id='word_1_5' title='bbox 1126 636 1375 690; x_wconf 82' lang='lat' dir='ltr'><strong>RHETORICAM.</strong></span> <span class='ocrx_word' id='word_1_6' title='bbox 1519 636 1586 702; x_wconf 85' lang='grc'><strong>469</strong></span> 
     </span>
    </p>
   </div>
   <div class='ocr_carea' id='block_1_2' title="bbox 343 796 1626 4949">
    <p class='ocr_par' dir='ltr' id='par_1_2' title="bbox 506 796 1587 991">
     <span class='ocr_line' id='line_1_2' title="bbox 506 796 1587 887; baseline 0.003 -23"><span class='ocrx_word' id='word_1_7' title='bbox 506 798 589 883; x_wconf 88' lang='grc' dir='ltr'><em>πρὸς</em></span> <span class='ocrx_word' id='word_1_8' title='bbox 603 799 666 882; x_wconf 78' lang='grc' dir='ltr'><strong>την</strong></span> <span class='ocrx_word' id='word_1_9' title='bbox 681 799 868 881; x_wconf 79' lang='grc' dir='ltr'><em>θάλασσαν,</em></span> <span class='ocrx_word' id='word_1_10' title='bbox 883 798 970 865; x_wconf 83' lang='grc' dir='ltr'><em>οὕτω</em></span> <span class='ocrx_word' id='word_1_11' title='bbox 985 798 1041 864; x_wconf 79' lang='grc' dir='ltr'><strong>καὶ</strong></span> <span class='ocrx_word' id='word_1_12' title='bbox 1056 796 1074 863; x_wconf 90' lang='grc' dir='ltr'>ὁ</span> <span class='ocrx_word' id='word_1_13' title='bbox 1089 800 1192 882; x_wconf 77' lang='grc' dir='ltr'><em>δῆμος</em></span> <span class='ocrx_word' id='word_1_14' title='bbox 1204 806 1346 886; x_wconf 79' lang='grc' dir='ltr'><em>ναυτιᾷ</em></span> <span class='ocrx_word' id='word_1_15' title='bbox 1357 798 1421 865; x_wconf 80' lang='grc' dir='ltr'><strong>καὶ</strong></span> <span class='ocrx_word' id='word_1_16' title='bbox 1435 801 1587 887; x_wconf 78' lang='grc' dir='ltr'><em>ἰλιγγιᾷ</em></span> 
     </span>
     <span class='ocr_line' id='line_1_3' title="bbox 506 905 1021 991; baseline -0.004 -20"><span class='ocrx_word' id='word_1_17' title='bbox 506 905 646 991; x_wconf 79' lang='grc' dir='ltr'><em>ἀφορῶν</em></span> <span class='ocrx_word' id='word_1_18' title='bbox 667 906 751 990; x_wconf 86' lang='grc' dir='ltr'><em>πρὸς</em></span> <span class='ocrx_word' id='word_1_19' title='bbox 772 906 813 969; x_wconf 83' lang='grc' dir='ltr'><strong>τά</strong></span> <span class='ocrx_word' id='word_1_20' title='bbox 836 905 1021 989; x_wconf 84' lang='grc' dir='ltr'><em>πράγματα.</em></span> 
     </span>
    </p>

    <p class='ocr_par' dir='ltr' id='par_1_3' title="bbox 347 1011 1589 1100">
     <span class='ocr_line' id='line_1_4' title="bbox 347 1011 1589 1100; baseline -0.001 -20"><span class='ocrx_word' id='word_1_21' title='bbox 347 1014 436 1092; x_wconf 84' lang='lat' dir='ltr'><strong>Quae</strong></span> <span class='ocrx_word' id='word_1_22' title='bbox 460 1013 508 1078; x_wconf 89' lang='lat' dir='ltr'><strong>sic</strong></span> <span class='ocrx_word' id='word_1_23' title='bbox 530 1013 651 1097; x_wconf 87' lang='lat' dir='ltr'><strong>scripta</strong></span> <span class='ocrx_word' id='word_1_24' title='bbox 668 1016 745 1076; x_wconf 88' lang='lat' dir='ltr'><strong>sunt</strong></span> <span class='ocrx_word' id='word_1_25' title='bbox 763 1016 801 1077; x_wconf 89' lang='lat' dir='ltr'><strong>ut</strong></span> <span class='ocrx_word' id='word_1_26' title='bbox 819 1011 1008 1078; x_wconf 85' lang='lat' dir='ltr'><strong>Aristotelis</strong></span> <span class='ocrx_word' id='word_1_27' title='bbox 1027 1011 1126 1078; x_wconf 85' lang='lat' dir='ltr'><strong>verba</strong></span> <span class='ocrx_word' id='word_1_28' title='bbox 1144 1013 1298 1079; x_wconf 85' lang='lat' dir='ltr'><strong>continuo</strong></span> <span class='ocrx_word' id='word_1_29' title='bbox 1318 1013 1489 1100; x_wconf 78' lang='lat' dir='ltr'>excipiant.</span> <span class='ocrx_word' id='word_1_30' title='bbox 1522 1013 1589 1100; x_wconf 86' lang='lat' dir='ltr'><strong>Ap·</strong></span> 
     </span>
    </p>

    <p class='ocr_par' dir='ltr' id='par_1_4' title="bbox 345 1118 1588 1207">
     <span class='ocr_line' id='line_1_5' title="bbox 345 1118 1588 1207; baseline 0.001 -21"><span class='ocrx_word' id='word_1_31' title='bbox 345 1125 439 1207; x_wconf 90' lang='lat' dir='ltr'><strong>paret</strong></span> <span class='ocrx_word' id='word_1_32' title='bbox 462 1124 571 1185; x_wconf 86' lang='lat' dir='ltr'><strong>autem</strong></span> <span class='ocrx_word' id='word_1_33' title='bbox 593 1121 812 1204; x_wconf 76' lang='lat' dir='ltr'><strong>interpretem,</strong></span> <span class='ocrx_word' id='word_1_34' title='bbox 834 1123 872 1184; x_wconf 94' lang='lat' dir='ltr'><strong>ut</strong></span> <span class='ocrx_word' id='word_1_35' title='bbox 895 1141 994 1204; x_wconf 87' lang='lat' dir='ltr'><strong>supra</strong></span> <span class='ocrx_word' id='word_1_36' title='bbox 1017 1121 1051 1184; x_wconf 94' lang='lat' dir='ltr'><strong>in</strong></span> <span class='ocrx_word' id='word_1_37' title='bbox 1076 1118 1193 1186; x_wconf 84' lang='lat' dir='ltr'><strong>Samiis</strong></span> <span class='ocrx_word' id='word_1_38' title='bbox 1217 1120 1354 1186; x_wconf 88' lang='lat' dir='ltr'><strong>alterum</strong></span> <span class='ocrx_word' id='word_1_39' title='bbox 1377 1126 1518 1206; x_wconf 86' lang='lat' dir='ltr'><strong>tantum,</strong></span> <span class='ocrx_word' id='word_1_40' title='bbox 1540 1124 1588 1188; x_wconf 86' lang='lat' dir='ltr'><strong>sio</strong></span> 
     </span>
    </p>

    <p class='ocr_par' dir='ltr' id='par_1_5' title="bbox 344 1225 1626 2808">
     <span class='ocr_line' id='line_1_6' title="bbox 346 1225 1587 1312; baseline 0.001 -19"><span class='ocrx_word' id='word_1_41' title='bbox 346 1249 433 1293; x_wconf 88' lang='lat' dir='ltr'><strong>nunc</strong></span> <span class='ocrx_word' id='word_1_42' title='bbox 455 1231 629 1311; x_wconf 79' lang='lat' dir='ltr'><strong>utrumque</strong></span> <span class='ocrx_word' id='word_1_43' title='bbox 651 1229 824 1311; x_wconf 81' lang='lat' dir='ltr'><strong>temptare,</strong></span> <span class='ocrx_word' id='word_1_44' title='bbox 854 1231 887 1292; x_wconf 87' lang='lat' dir='ltr'><strong>et</strong></span> <span class='ocrx_word' id='word_1_45' title='bbox 909 1225 1015 1292; x_wconf 81' lang='lat' dir='ltr'><strong>simile</strong></span> <span class='ocrx_word' id='word_1_46' title='bbox 1039 1227 1198 1312; x_wconf 86' lang='lat' dir='ltr'><strong>explicare</strong></span> <span class='ocrx_word' id='word_1_47' title='bbox 1222 1229 1270 1294; x_wconf 88' lang='lat' dir='ltr'><strong>sic</strong></span> <span class='ocrx_word' id='word_1_48' title='bbox 1292 1231 1330 1293; x_wconf 93' lang='lat' dir='ltr'><strong>ut</strong></span> <span class='ocrx_word' id='word_1_49' title='bbox 1353 1228 1587 1294; x_wconf 88' lang='lat' dir='ltr'><strong>accommodari</strong></span> 
     </span>
     <span class='ocr_line' id='line_1_7' title="bbox 346 1333 1587 1420; baseline 0.001 -21"><span class='ocrx_word' id='word_1_50' title='bbox 346 1335 453 1420; x_wconf 88' lang='lat' dir='ltr'><strong>possit</strong></span> <span class='ocrx_word' id='word_1_51' title='bbox 474 1333 598 1419; x_wconf 91' lang='lat' dir='ltr'><strong>populo</strong></span> <span class='ocrx_word' id='word_1_52' title='bbox 622 1337 655 1398; x_wconf 85' lang='lat' dir='ltr'><strong>et</strong></span> <span class='ocrx_word' id='word_1_53' title='bbox 675 1333 834 1418; x_wconf 92' lang='lat' dir='ltr'><strong>populum</strong></span> <span class='ocrx_word' id='word_1_54' title='bbox 854 1333 959 1399; x_wconf 81' lang='lat' dir='ltr'><strong>dicere</strong></span> <span class='ocrx_word' id='word_1_55' title='bbox 977 1356 1043 1418; x_wconf 92' lang='lat' dir='ltr'><strong>qua</strong></span> <span class='ocrx_word' id='word_1_56' title='bbox 1059 1338 1151 1419; x_wconf 88' lang='lat' dir='ltr'><strong>parte</strong></span> <span class='ocrx_word' id='word_1_57' title='bbox 1171 1335 1287 1399; x_wconf 91' lang='lat' dir='ltr'><strong>similis</strong></span> <span class='ocrx_word' id='word_1_58' title='bbox 1307 1336 1357 1402; x_wconf 90' lang='lat' dir='ltr'><strong>sit.</strong></span> <span class='ocrx_word' id='word_1_59' title='bbox 1396 1335 1483 1412; x_wconf 84' lang='lat' dir='ltr'><strong>Quae</strong></span> <span class='ocrx_word' id='word_1_60' title='bbox 1502 1336 1587 1400; x_wconf 88' lang='lat' dir='ltr'><strong>unde</strong></span> 
     </span>
     <span class='ocr_line' id='line_1_8' title="bbox 345 1440 1586 1528; baseline 0.001 -22"><span class='ocrx_word' id='word_1_61' title='bbox 345 1443 476 1527; x_wconf 87' lang='lat' dir='ltr'><strong>petierit</strong></span> <span class='ocrx_word' id='word_1_62' title='bbox 499 1444 528 1506; x_wconf 84' lang='lat' dir='ltr'><strong>si</strong></span> <span class='ocrx_word' id='word_1_63' title='bbox 547 1441 723 1525; x_wconf 87' lang='lat' dir='ltr'><strong>quaeritur,</strong></span> <span class='ocrx_word' id='word_1_64' title='bbox 746 1441 979 1525; x_wconf 81' lang='lat' dir='ltr'><strong>respondemus</strong></span> <span class='ocrx_word' id='word_1_65' title='bbox 999 1440 1169 1528; x_wconf 79' lang='lat' dir='ltr'><strong>collegisse</strong></span> <span class='ocrx_word' id='word_1_66' title='bbox 1187 1464 1260 1508; x_wconf 90' lang='lat' dir='ltr'><strong>eum</strong></span> <span class='ocrx_word' id='word_1_67' title='bbox 1279 1464 1318 1507; x_wconf 87' lang='lat' dir='ltr'><strong>ex</strong></span> <span class='ocrx_word' id='word_1_68' title='bbox 1337 1442 1444 1508; x_wconf 85' lang='lat' dir='ltr'><strong>verbis</strong></span> <span class='ocrx_word' id='word_1_69' title='bbox 1462 1441 1586 1509; x_wconf 81' lang='lat' dir='ltr'><strong>Aristo-</strong></span> 
     </span>
     <span class='ocr_line' id='line_1_9' title="bbox 346 1548 1585 1635; baseline 0 -22"><span class='ocrx_word' id='word_1_70' title='bbox 346 1549 420 1614; x_wconf 86' lang='lat' dir='ltr'><strong>telis</strong></span> <span class='ocrx_word' id='word_1_71' title='bbox 445 1552 603 1633; x_wconf 90' lang='lat' dir='ltr'><strong>quantum</strong></span> <span class='ocrx_word' id='word_1_72' title='bbox 625 1551 738 1632; x_wconf 87' lang='lat' dir='ltr'><strong>captus</strong></span> <span class='ocrx_word' id='word_1_73' title='bbox 757 1548 826 1613; x_wconf 87' lang='lat' dir='ltr'><strong>eius</strong></span> <span class='ocrx_word' id='word_1_74' title='bbox 846 1548 974 1632; x_wconf 78' lang='lat' dir='ltr'><strong>assequi</strong></span> <span class='ocrx_word' id='word_1_75' title='bbox 991 1552 1133 1632; x_wconf 87' lang='lat' dir='ltr'><strong>poterat:</strong></span> <span class='ocrx_word' id='word_1_76' title='bbox 1156 1571 1231 1615; x_wconf 88' lang='lat' dir='ltr'><strong>nam</strong></span> <span class='ocrx_word' id='word_1_77' title='bbox 1251 1549 1421 1614; x_wconf 87' lang='lat' dir='ltr'><strong>consilinm</strong></span> <span class='ocrx_word' id='word_1_78' title='bbox 1438 1553 1585 1635; x_wconf 81' lang='lat' dir='ltr'><strong>apertum</strong></span> 
     </span>
     <span class='ocr_line' id='line_1_10' title="bbox 346 1654 1586 1742; baseline -0.001 -20"><span class='ocrx_word' id='word_1_79' title='bbox 346 1661 395 1722; x_wconf 89' lang='lat' dir='ltr'><strong>est</strong></span> <span class='ocrx_word' id='word_1_80' title='bbox 426 1655 527 1742; x_wconf 86' lang='lat' dir='ltr'><strong>(unde</strong></span> <span class='ocrx_word' id='word_1_81' title='bbox 555 1655 642 1720; x_wconf 89' lang='lat' dir='ltr'><strong>enirn</strong></span> <span class='ocrx_word' id='word_1_82' title='bbox 670 1655 751 1718; x_wconf 89' lang='lat' dir='ltr'><strong>illud</strong></span> <span class='ocrx_word' id='word_1_83' title='bbox 781 1654 914 1740; x_wconf 87' lang='grc' dir='ltr'><em>ἀφορᾶν</em></span> <span class='ocrx_word' id='word_1_84' title='bbox 935 1655 1020 1737; x_wconf 89' lang='grc' dir='ltr'><em>πρὸς</em></span> <span class='ocrx_word' id='word_1_85' title='bbox 1043 1655 1106 1738; x_wconf 77' lang='grc' dir='ltr'><strong>τὴν</strong></span> <span class='ocrx_word' id='word_1_86' title='bbox 1128 1655 1319 1740; x_wconf 75' lang='grc' dir='ltr'><em>θάλασσαν,</em></span> <span class='ocrx_word' id='word_1_87' title='bbox 1346 1655 1480 1741; x_wconf 82' lang='grc' dir='ltr'><em>ἀφορᾶν</em></span> <span class='ocrx_word' id='word_1_88' title='bbox 1502 1657 1586 1740; x_wconf 88' lang='grc' dir='ltr'><em>πρὸς</em></span> 
     </span>
     <span class='ocr_line' id='line_1_11' title="bbox 345 1759 1626 1848; baseline 0 -19"><span class='ocrx_word' id='word_1_89' title='bbox 345 1766 386 1829; x_wconf 83' lang='grc' dir='ltr'><strong>τά</strong></span> <span class='ocrx_word' id='word_1_90' title='bbox 404 1759 679 1848; x_wconf 75' lang='grc' dir='ltr'><em>πράγματαλ),ελ</em></span> <span class='ocrx_word' id='word_1_91' title='bbox 695 1760 776 1827; x_wconf 89' lang='lat' dir='ltr'><strong>haec</strong></span> <span class='ocrx_word' id='word_1_92' title='bbox 795 1763 957 1827; x_wconf 89' lang='lat' dir='ltr'><strong>sententia</strong></span> <span class='ocrx_word' id='word_1_93' title='bbox 975 1784 1073 1847; x_wconf 91' lang='lat' dir='ltr'><strong>quam</strong></span> <span class='ocrx_word' id='word_1_94' title='bbox 1092 1762 1363 1829; x_wconf 74' lang='lat' dir='ltr'><strong>comminiscendo</strong></span> <span class='ocrx_word' id='word_1_95' title='bbox 1378 1763 1486 1829; x_wconf 85' lang='lat' dir='ltr'><strong>effecit</strong></span> <span class='ocrx_word' id='word_1_96' title='bbox 1499 1762 1585 1829; x_wconf 89' lang='lat' dir='ltr'><strong>haud</strong></span> <span class='ocrx_word' id='word_1_97' title='bbox 1600 1788 1626 1829; x_wconf 84' lang='grc' dir='ltr'><strong>ιο</strong></span> 
     </span>
     <span class='ocr_line' id='line_1_12' title="bbox 346 1869 1585 1957; baseline 0.002 -22"><span class='ocrx_word' id='word_1_98' title='bbox 346 1871 457 1956; x_wconf 88' lang='lat' dir='ltr'><strong>dispar</strong></span> <span class='ocrx_word' id='word_1_99' title='bbox 488 1870 529 1936; x_wconf 85' lang='lat' dir='ltr'><strong>iis</strong></span> <span class='ocrx_word' id='word_1_100' title='bbox 563 1891 643 1955; x_wconf 89' lang='lat' dir='ltr'><strong>quas</strong></span> <span class='ocrx_word' id='word_1_101' title='bbox 671 1891 770 1953; x_wconf 81' lang='lat' dir='ltr'><strong>supra</strong></span> <span class='ocrx_word' id='word_1_102' title='bbox 798 1869 993 1954; x_wconf 87' lang='lat' dir='ltr'><strong>compluries</strong></span> <span class='ocrx_word' id='word_1_103' title='bbox 1022 1869 1062 1934; x_wconf 90' lang='lat' dir='ltr'><strong>ab</strong></span> <span class='ocrx_word' id='word_1_104' title='bbox 1091 1891 1129 1934; x_wconf 92' lang='lat' dir='ltr'><strong>eo</strong></span> <span class='ocrx_word' id='word_1_105' title='bbox 1157 1871 1335 1956; x_wconf 83' lang='lat' dir='ltr'><strong>excogitari</strong></span> <span class='ocrx_word' id='word_1_106' title='bbox 1362 1870 1503 1936; x_wconf 89' lang='lat' dir='ltr'><strong>vidimus</strong></span> <span class='ocrx_word' id='word_1_107' title='bbox 1531 1871 1585 1957; x_wconf 87' lang='lat' dir='ltr'><strong>(cf.</strong></span> 
     </span>
     <span class='ocr_line' id='line_1_13' title="bbox 347 1974 1585 2064; baseline 0.002 -23"><span class='ocrx_word' id='word_1_108' title='bbox 347 1977 428 2062; x_wconf 84' lang='grc'><strong>178,</strong></span> <span class='ocrx_word' id='word_1_109' title='bbox 450 1976 494 2042; x_wconf 82' lang='grc'><strong>25</strong></span> <span class='ocrx_word' id='word_1_110' title='bbox 522 1981 556 2041; x_wconf 91' lang='lat' dir='ltr'><strong>et</strong></span> <span class='ocrx_word' id='word_1_111' title='bbox 583 1976 628 2041; x_wconf 81' lang='lat'><strong>30</strong></span> <span class='ocrx_word' id='word_1_112' title='bbox 657 1977 696 2041; x_wconf 90' lang='lat' dir='ltr'><strong>de</strong></span> <span class='ocrx_word' id='word_1_113' title='bbox 723 1976 920 2062; x_wconf 83' lang='lat' dir='ltr'><strong>imaginibus</strong></span> <span class='ocrx_word' id='word_1_114' title='bbox 948 1974 1149 2064; x_wconf 78' lang='lat' dir='ltr'><strong>Platonicis).</strong></span> <span class='ocrx_word' id='word_1_115' title='bbox 1170 2031 1171 2034; x_wconf 59' lang='grc'>,</span> <span class='ocrx_word' id='word_1_116' title='bbox 1192 1975 1318 2053; x_wconf 84' lang='lat' dir='ltr'><strong>Quanto</strong></span> <span class='ocrx_word' id='word_1_117' title='bbox 1347 1979 1450 2063; x_wconf 88' lang='lat' dir='ltr'><strong>magis</strong></span> <span class='ocrx_word' id='word_1_118' title='bbox 1479 1981 1585 2044; x_wconf 86' lang='lat' dir='ltr'><strong>autem</strong></span> 
     </span>
     <span class='ocr_line' id='line_1_14' title="bbox 344 2082 1586 2169; baseline 0 -19"><span class='ocrx_word' id='word_1_119' title='bbox 344 2085 467 2167; x_wconf 89' lang='lat' dir='ltr'><strong>liquet,</strong></span> <span class='ocrx_word' id='word_1_120' title='bbox 490 2105 555 2168; x_wconf 91' lang='lat' dir='ltr'><strong>quo</strong></span> <span class='ocrx_word' id='word_1_121' title='bbox 578 2089 675 2168; x_wconf 89' lang='lat' dir='ltr'><strong>partu</strong></span> <span class='ocrx_word' id='word_1_122' title='bbox 697 2084 753 2149; x_wconf 91' lang='lat' dir='ltr'><strong>hic</strong></span> <span class='ocrx_word' id='word_1_123' title='bbox 775 2083 861 2149; x_wconf 86' lang='lat' dir='ltr'><strong>fetus</strong></span> <span class='ocrx_word' id='word_1_124' title='bbox 885 2083 991 2148; x_wconf 90' lang='lat' dir='ltr'><strong>editus</strong></span> <span class='ocrx_word' id='word_1_125' title='bbox 1015 2085 1071 2166; x_wconf 88' lang='lat' dir='ltr'><strong>sit,</strong></span> <span class='ocrx_word' id='word_1_126' title='bbox 1095 2105 1132 2148; x_wconf 89' lang='lat' dir='ltr'><strong>eo</strong></span> <span class='ocrx_word' id='word_1_127' title='bbox 1156 2082 1307 2148; x_wconf 88' lang='lat' dir='ltr'><strong>fidentius</strong></span> <span class='ocrx_word' id='word_1_128' title='bbox 1329 2084 1407 2149; x_wconf 89' lang='lat' dir='ltr'><strong>licet</strong></span> <span class='ocrx_word' id='word_1_129' title='bbox 1429 2084 1586 2169; x_wconf 88' lang='lat' dir='ltr'><strong>denegare</strong></span> 
     </span>
     <span class='ocr_line' id='line_1_15' title="bbox 348 2189 1585 2278; baseline 0.002 -23"><span class='ocrx_word' id='word_1_130' title='bbox 348 2192 382 2256; x_wconf 87' lang='lat' dir='ltr'><strong>in</strong></span> <span class='ocrx_word' id='word_1_131' title='bbox 404 2191 457 2255; x_wconf 89' lang='lat' dir='ltr'><strong>his</strong></span> <span class='ocrx_word' id='word_1_132' title='bbox 480 2190 533 2256; x_wconf 86' lang='lat' dir='ltr'><strong>vel</strong></span> <span class='ocrx_word' id='word_1_133' title='bbox 555 2190 719 2256; x_wconf 87' lang='lat' dir='ltr'><strong>tantillum</strong></span> <span class='ocrx_word' id='word_1_134' title='bbox 743 2189 898 2256; x_wconf 87' lang='lat' dir='ltr'><strong>orationis</strong></span> <span class='ocrx_word' id='word_1_135' title='bbox 921 2189 1191 2254; x_wconf 87' lang='lat' dir='ltr'><strong>Demosthenicae</strong></span> <span class='ocrx_word' id='word_1_136' title='bbox 1215 2192 1385 2278; x_wconf 84' lang='lat' dir='ltr'><strong>contineri3</strong></span> <span class='ocrx_word' id='word_1_137' title='bbox 1407 2213 1467 2257; x_wconf 88' lang='lat' dir='ltr'><strong>nec</strong></span> <span class='ocrx_word' id='word_1_138' title='bbox 1489 2192 1585 2257; x_wconf 89' lang='lat' dir='ltr'><strong>inter·</strong></span> 
     </span>
     <span class='ocr_line' id='line_1_16' title="bbox 345 2297 1585 2383; baseline 0.001 -20"><span class='ocrx_word' id='word_1_139' title='bbox 345 2320 420 2383; x_wconf 91' lang='lat' dir='ltr'><strong>pres</strong></span> <span class='ocrx_word' id='word_1_140' title='bbox 444 2297 549 2363; x_wconf 86' lang='lat' dir='ltr'><strong>voluit</strong></span> <span class='ocrx_word' id='word_1_141' title='bbox 571 2297 651 2362; x_wconf 90' lang='lat' dir='ltr'><strong>haec</strong></span> <span class='ocrx_word' id='word_1_142' title='bbox 675 2318 756 2380; x_wconf 90' lang='lat' dir='ltr'><strong>quae</strong></span> <span class='ocrx_word' id='word_1_143' title='bbox 781 2297 963 2381; x_wconf 82' lang='lat' dir='ltr'><strong>explicandi</strong></span> <span class='ocrx_word' id='word_1_144' title='bbox 986 2319 1082 2362; x_wconf 88' lang='lat' dir='ltr'><strong>causa</strong></span> <span class='ocrx_word' id='word_1_145' title='bbox 1104 2297 1229 2362; x_wconf 86' lang='lat' dir='ltr'><strong>invenit</strong></span> <span class='ocrx_word' id='word_1_146' title='bbox 1246 2320 1306 2382; x_wconf 90' lang='lat' dir='ltr'><strong>pro</strong></span> <span class='ocrx_word' id='word_1_147' title='bbox 1325 2297 1585 2364; x_wconf 87' lang='lat' dir='ltr'><strong>Demosthenicis</strong></span> 
     </span>
     <span class='ocr_line' id='line_1_17' title="bbox 344 2404 467 2470; baseline 0 0"><span class='ocrx_word' id='word_1_148' title='bbox 344 2404 467 2470; x_wconf 89' lang='lat' dir='ltr'><strong>haberi.</strong></span> 
     </span>
     <span class='ocr_line' id='line_1_18' title="bbox 508 2509 1585 2599; baseline 0.003 -24"><span class='ocrx_word' id='word_1_149' title='bbox 508 2533 526 2575; x_wconf 92' lang='lat' dir='ltr'><strong>a</strong></span> <span class='ocrx_word' id='word_1_150' title='bbox 542 2511 559 2574; x_wconf 92' lang='grc'><strong>7</strong></span> <span class='ocrx_word' id='word_1_151' title='bbox 581 2509 636 2575; x_wconf 84' lang='grc' dir='ltr'><strong>καὶ</strong></span> <span class='ocrx_word' id='word_1_152' title='bbox 655 2511 700 2587; x_wconf 83' lang='grc' dir='ltr'><em>ὡς</em></span> <span class='ocrx_word' id='word_1_153' title='bbox 718 2512 940 2596; x_wconf 79' lang='grc' dir='ltr'><em>Δημοκράτης</em></span> <span class='ocrx_word' id='word_1_154' title='bbox 957 2517 1091 2577; x_wconf 76' lang='grc' dir='ltr'><em>εἴκασεν</em></span> <span class='ocrx_word' id='word_1_155' title='bbox 1107 2514 1187 2589; x_wconf 86' lang='grc' dir='ltr'><em>τοὺς</em></span> <span class='ocrx_word' id='word_1_156' title='bbox 1204 2513 1347 2599; x_wconf 72' lang='grc' dir='ltr'><em>ῥήτορας</em></span> <span class='ocrx_word' id='word_1_157' title='bbox 1365 2523 1436 2591; x_wconf 81' lang='grc' dir='ltr'><em>ταῖς</em></span> <span class='ocrx_word' id='word_1_158' title='bbox 1454 2516 1585 2590; x_wconf 81' lang='grc' dir='ltr'><em>τίτθαις</em></span> 
     </span>
     <span class='ocr_line' id='line_1_19' title="bbox 506 2619 1586 2708; baseline 0.004 -26"><span class='ocrx_word' id='word_1_159' title='bbox 506 2620 543 2683; x_wconf 81' lang='grc' dir='ltr'><strong>αἳ</strong></span> <span class='ocrx_word' id='word_1_160' title='bbox 570 2619 608 2683; x_wconf 91' lang='grc' dir='ltr'><strong>τὸ</strong></span> <span class='ocrx_word' id='word_1_161' title='bbox 636 2619 794 2703; x_wconf 76' lang='grc' dir='ltr'><strong><em>ψώμισμα</em></strong></span> <span class='ocrx_word' id='word_1_162' title='bbox 816 2620 1059 2684; x_wconf 78' lang='grc' dir='ltr'><em>καταπίνονται</em></span> <span class='ocrx_word' id='word_1_163' title='bbox 1083 2625 1129 2706; x_wconf 78' lang='grc' dir='ltr'><strong>τῷ</strong></span> <span class='ocrx_word' id='word_1_164' title='bbox 1153 2621 1256 2708; x_wconf 79' lang='grc' dir='ltr'><em>σιάλῳ</em></span> <span class='ocrx_word' id='word_1_165' title='bbox 1279 2621 1319 2686; x_wconf 85' lang='grc' dir='ltr'><strong>τὰ</strong></span> <span class='ocrx_word' id='word_1_166' title='bbox 1342 2622 1459 2686; x_wconf 78' lang='grc' dir='ltr'><em>παιδία</em></span> <span class='ocrx_word' id='word_1_167' title='bbox 1481 2642 1586 2703; x_wconf 85' lang='grc' dir='ltr'><em>παρα-</em></span> 
     </span>
     <span class='ocr_line' id='line_1_20' title="bbox 507 2726 693 2808; baseline 0 -18"><span class='ocrx_word' id='word_1_168' title='bbox 507 2726 693 2808; x_wconf 84' lang='grc' dir='ltr'><em>λείφουσιν.</em></span> 
     </span>
    </p>

    <p class='ocr_par' dir='ltr' id='par_1_6' title="bbox 346 2831 1626 3346">
     <span class='ocr_line' id='line_1_21' title="bbox 346 2831 1626 2921; baseline 0.003 -24"><span class='ocrx_word' id='word_1_169' title='bbox 346 2831 862 2917; x_wconf 65' lang='grc' dir='ltr'><strong>8ο1101.μ.179,1οα7τινες,</strong></span> <span class='ocrx_word' id='word_1_170' title='bbox 891 2833 933 2898; x_wconf 78' lang='grc' dir='ltr'><strong>αἱ</strong></span> <span class='ocrx_word' id='word_1_171' title='bbox 959 2836 1111 2917; x_wconf 76' lang='grc' dir='ltr'><em>τίτθαι,</em></span> <span class='ocrx_word' id='word_1_172' title='bbox 1139 2834 1200 2900; x_wconf 93' lang='grc' dir='ltr'><strong>τὸν</strong></span> <span class='ocrx_word' id='word_1_173' title='bbox 1228 2835 1348 2919; x_wconf 78' lang='grc' dir='ltr'><em>ψωμὸν</em></span> <span class='ocrx_word' id='word_1_174' title='bbox 1374 2836 1584 2921; x_wconf 83' lang='grc' dir='ltr'><em>μασσάμεναι</em></span> <span class='ocrx_word' id='word_1_175' title='bbox 1599 2861 1626 2902; x_wconf 82' lang='grc' dir='ltr'><strong>ιι</strong></span> 
     </span>
     <span class='ocr_line' id='line_1_22' title="bbox 508 2936 1584 3028; baseline 0.006 -24"><span class='ocrx_word' id='word_1_176' title='bbox 508 2941 567 3005; x_wconf 89' lang='grc' dir='ltr'><strong>τὸν</strong></span> <span class='ocrx_word' id='word_1_177' title='bbox 589 2936 652 3025; x_wconf 72' lang='grc' dir='ltr'><strong>μὲν</strong></span> <span class='ocrx_word' id='word_1_178' title='bbox 674 2938 711 3004; x_wconf 78' lang='grc' dir='ltr'><strong>ἐκ</strong></span> <span class='ocrx_word' id='word_1_179' title='bbox 735 2940 858 3006; x_wconf 89' lang='grc' dir='ltr'><em>τούτου</em></span> <span class='ocrx_word' id='word_1_180' title='bbox 882 2942 990 3025; x_wconf 83' lang='grc' dir='ltr'><em>χυμὸν</em></span> <span class='ocrx_word' id='word_1_181' title='bbox 1013 2944 1234 3007; x_wconf 83' lang='grc' dir='ltr'><em>καταπίνουσι</em></span> <span class='ocrx_word' id='word_1_182' title='bbox 1257 2942 1312 3009; x_wconf 78' lang='grc' dir='ltr'><strong>καὶ</strong></span> <span class='ocrx_word' id='word_1_183' title='bbox 1335 2944 1372 3008; x_wconf 93' lang='grc' dir='ltr'><strong>τὸ</strong></span> <span class='ocrx_word' id='word_1_184' title='bbox 1392 2945 1584 3028; x_wconf 80' lang='grc' dir='ltr'><em>εὔχρηστον,</em></span> 
     </span>
     <span class='ocr_line' id='line_1_23' title="bbox 508 3042 1583 3134; baseline 0.004 -23"><span class='ocrx_word' id='word_1_185' title='bbox 508 3048 546 3111; x_wconf 87' lang='grc' dir='ltr'><strong>τὸ</strong></span> <span class='ocrx_word' id='word_1_186' title='bbox 574 3042 612 3111; x_wconf 69' lang='grc' dir='ltr'><strong>δὲ</strong></span> <span class='ocrx_word' id='word_1_187' title='bbox 639 3048 806 3132; x_wconf 84' lang='grc' dir='ltr'><em>ἀχρηστον</em></span> <span class='ocrx_word' id='word_1_188' title='bbox 829 3045 884 3111; x_wconf 83' lang='grc' dir='ltr'><strong>καὶ</strong></span> <span class='ocrx_word' id='word_1_189' title='bbox 906 3049 1093 3130; x_wconf 80' lang='grc' dir='ltr'><em>πιτυρῶὸες</em></span> <span class='ocrx_word' id='word_1_190' title='bbox 1115 3051 1367 3134; x_wconf 77' lang='grc' dir='ltr'><em>παραβάλλουσι</em></span> <span class='ocrx_word' id='word_1_191' title='bbox 1391 3051 1431 3115; x_wconf 86' lang='grc' dir='ltr'><strong>τά</strong></span> <span class='ocrx_word' id='word_1_192' title='bbox 1453 3052 1583 3116; x_wconf 78' lang='grc' dir='ltr'><em>παιδία·</em></span> 
     </span>
     <span class='ocr_line' id='line_1_24' title="bbox 506 3150 1584 3240; baseline 0.003 -22"><span class='ocrx_word' id='word_1_193' title='bbox 506 3151 561 3218; x_wconf 81' lang='grc' dir='ltr'><strong>καὶ</strong></span> <span class='ocrx_word' id='word_1_194' title='bbox 584 3154 620 3218; x_wconf 72' lang='lat' dir='ltr'><strong>oi</strong></span> <span class='ocrx_word' id='word_1_195' title='bbox 640 3153 778 3237; x_wconf 75' lang='grc' dir='ltr'><em>ῥήτορες</em></span> <span class='ocrx_word' id='word_1_196' title='bbox 801 3154 842 3217; x_wconf 85' lang='grc' dir='ltr'><strong>τά</strong></span> <span class='ocrx_word' id='word_1_197' title='bbox 865 3150 928 3238; x_wconf 70' lang='grc' dir='ltr'><strong>μὲν</strong></span> <span class='ocrx_word' id='word_1_198' title='bbox 946 3158 1188 3220; x_wconf 83' lang='grc' dir='ltr'><em>λυσιτελοῦντα</em></span> <span class='ocrx_word' id='word_1_199' title='bbox 1206 3157 1267 3239; x_wconf 81' lang='grc' dir='ltr'><strong>τὴν</strong></span> <span class='ocrx_word' id='word_1_200' title='bbox 1284 3158 1385 3221; x_wconf 92' lang='grc' dir='ltr'><em>πόλιν</em></span> <span class='ocrx_word' id='word_1_201' title='bbox 1402 3156 1584 3240; x_wconf 80' lang='grc' dir='ltr'><em>παρακατέ-</em></span> 
     </span>
     <span class='ocr_line' id='line_1_25' title="bbox 507 3258 1583 3346; baseline 0.002 -21"><span class='ocrx_word' id='word_1_202' title='bbox 507 3277 605 3345; x_wconf 86' lang='grc' dir='ltr'><em>χουσι</em></span> <span class='ocrx_word' id='word_1_203' title='bbox 629 3258 685 3325; x_wconf 80' lang='grc' dir='ltr'><strong>καὶ</strong></span> <span class='ocrx_word' id='word_1_204' title='bbox 709 3259 750 3325; x_wconf 85' lang='grc' dir='ltr'><strong>οὐ</strong></span> <span class='ocrx_word' id='word_1_205' title='bbox 774 3259 925 3343; x_wconf 79' lang='grc' dir='ltr'><em>λέγουσι,</em></span> <span class='ocrx_word' id='word_1_206' title='bbox 949 3261 989 3324; x_wconf 82' lang='grc' dir='ltr'><strong>τά</strong></span> <span class='ocrx_word' id='word_1_207' title='bbox 1015 3259 1054 3325; x_wconf 77' lang='grc' dir='ltr'><strong>δέ</strong></span> <span class='ocrx_word' id='word_1_208' title='bbox 1074 3282 1112 3341; x_wconf 78' lang='grc' dir='ltr'><strong>γε</strong></span> <span class='ocrx_word' id='word_1_209' title='bbox 1135 3260 1396 3327; x_wconf 85' lang='grc' dir='ltr'><em>ἀλυσιτελοῦντα</em></span> <span class='ocrx_word' id='word_1_210' title='bbox 1419 3262 1583 3346; x_wconf 81' lang='grc' dir='ltr'><em>λέγουσιν.</em></span> 
     </span>
    </p>

    <p class='ocr_par' dir='ltr' id='par_1_7' title="bbox 345 3365 1582 3453">
     <span class='ocr_line' id='line_1_26' title="bbox 345 3365 1582 3453; baseline 0 -20"><span class='ocrx_word' id='word_1_211' title='bbox 345 3366 462 3433; x_wconf 90' lang='lat' dir='ltr'><strong>Nonne</strong></span> <span class='ocrx_word' id='word_1_212' title='bbox 495 3366 580 3433; x_wconf 89' lang='lat' dir='ltr'><strong>idem</strong></span> <span class='ocrx_word' id='word_1_213' title='bbox 607 3368 643 3431; x_wconf 92' lang='lat' dir='ltr'><strong>in</strong></span> <span class='ocrx_word' id='word_1_214' title='bbox 670 3366 722 3431; x_wconf 88' lang='lat' dir='ltr'><strong>bis</strong></span> <span class='ocrx_word' id='word_1_215' title='bbox 750 3366 936 3451; x_wconf 77' lang='lat' dir='ltr'><strong>interpretis</strong></span> <span class='ocrx_word' id='word_1_216' title='bbox 964 3365 1132 3451; x_wconf 85' lang='lat' dir='ltr'><strong>ingenium</strong></span> <span class='ocrx_word' id='word_1_217' title='bbox 1162 3369 1349 3453; x_wconf 81' lang='lat' dir='ltr'><strong>agnoscitur</strong></span> <span class='ocrx_word' id='word_1_218' title='bbox 1373 3369 1460 3453; x_wconf 91' lang='lat' dir='ltr'><strong>quod</strong></span> <span class='ocrx_word' id='word_1_219' title='bbox 1486 3369 1582 3433; x_wconf 89' lang='lat' dir='ltr'><strong>modo</strong></span> 
     </span>
    </p>

    <p class='ocr_par' dir='ltr' id='par_1_8' title="bbox 344 3471 1584 3559">
     <span class='ocr_line' id='line_1_27' title="bbox 344 3471 1584 3559; baseline 0.002 -21"><span class='ocrx_word' id='word_1_220' title='bbox 344 3473 582 3559; x_wconf 82' lang='lat' dir='ltr'><strong>spectavimus?</strong></span> <span class='ocrx_word' id='word_1_221' title='bbox 614 3472 659 3537; x_wconf 79' lang='lat' dir='ltr'><strong>Et</strong></span> <span class='ocrx_word' id='word_1_222' title='bbox 683 3473 786 3539; x_wconf 89' lang='lat' dir='ltr'><strong>simile</strong></span> <span class='ocrx_word' id='word_1_223' title='bbox 805 3472 845 3538; x_wconf 89' lang='lat' dir='ltr'><strong>ab</strong></span> <span class='ocrx_word' id='word_1_224' title='bbox 865 3471 1042 3539; x_wconf 85' lang='lat' dir='ltr'><strong>Aristotele</strong></span> <span class='ocrx_word' id='word_1_225' title='bbox 1061 3478 1171 3557; x_wconf 90' lang='lat' dir='ltr'><strong>aperte</strong></span> <span class='ocrx_word' id='word_1_226' title='bbox 1189 3473 1408 3559; x_wconf 86' lang='lat' dir='ltr'><strong>significatum</strong></span> <span class='ocrx_word' id='word_1_227' title='bbox 1426 3476 1584 3541; x_wconf 89' lang='lat' dir='ltr'><strong>inutiliter</strong></span> 
     </span>
    </p>

    <p class='ocr_par' dir='ltr' id='par_1_9' title="bbox 343 3580 1624 4312">
     <span class='ocr_line' id='line_1_28' title="bbox 345 3580 1584 3667; baseline 0.002 -22"><span class='ocrx_word' id='word_1_228' title='bbox 345 3580 556 3665; x_wconf 86' lang='lat' dir='ltr'><strong>amplificavit</strong></span> <span class='ocrx_word' id='word_1_229' title='bbox 583 3580 690 3646; x_wconf 85' lang='lat' dir='ltr'><strong>verbis</strong></span> <span class='ocrx_word' id='word_1_230' title='bbox 719 3602 784 3664; x_wconf 93' lang='lat' dir='ltr'><strong>quo</strong></span> <span class='ocrx_word' id='word_1_231' title='bbox 813 3581 918 3666; x_wconf 87' lang='lat' dir='ltr'><strong>magis</strong></span> <span class='ocrx_word' id='word_1_232' title='bbox 946 3580 1117 3646; x_wconf 86' lang='lat' dir='ltr'><strong>convenire</strong></span> <span class='ocrx_word' id='word_1_233' title='bbox 1142 3580 1325 3647; x_wconf 85' lang='lat' dir='ltr'><strong>rhetoribus</strong></span> <span class='ocrx_word' id='word_1_234' title='bbox 1349 3582 1524 3667; x_wconf 85' lang='lat' dir='ltr'><strong>videretur,</strong></span> <span class='ocrx_word' id='word_1_235' title='bbox 1552 3588 1584 3648; x_wconf 88' lang='lat' dir='ltr'><strong>et</strong></span> 
     </span>
     <span class='ocr_line' id='line_1_29' title="bbox 343 3687 1585 3773; baseline 0.001 -21"><span class='ocrx_word' id='word_1_236' title='bbox 343 3688 379 3753; x_wconf 94' lang='lat' dir='ltr'><strong>hi</strong></span> <span class='ocrx_word' id='word_1_237' title='bbox 410 3687 489 3772; x_wconf 91' lang='lat' dir='ltr'><strong>quid</strong></span> <span class='ocrx_word' id='word_1_238' title='bbox 516 3687 698 3752; x_wconf 87' lang='lat' dir='ltr'><strong>nutricibus</strong></span> <span class='ocrx_word' id='word_1_239' title='bbox 727 3687 849 3752; x_wconf 91' lang='lat' dir='ltr'><strong>similes</strong></span> <span class='ocrx_word' id='word_1_240' title='bbox 877 3691 984 3752; x_wconf 87' lang='lat' dir='ltr'><strong>essent</strong></span> <span class='ocrx_word' id='word_1_241' title='bbox 1012 3707 1069 3752; x_wconf 88' lang='lat' dir='ltr'><strong>suo</strong></span> <span class='ocrx_word' id='word_1_242' title='bbox 1097 3687 1195 3753; x_wconf 91' lang='lat' dir='ltr'><strong>modo</strong></span> <span class='ocrx_word' id='word_1_243' title='bbox 1223 3689 1387 3773; x_wconf 84' lang='lat' dir='ltr'><strong>explicuit</strong></span> <span class='ocrx_word' id='word_1_244' title='bbox 1426 3689 1585 3773; x_wconf 90' lang='lat' dir='ltr'><strong>Pependit</strong></span> 
     </span>
     <span class='ocr_line' id='line_1_30' title="bbox 344 3793 1584 3878; baseline -0.001 -18"><span class='ocrx_word' id='word_1_245' title='bbox 344 3800 455 3861; x_wconf 89' lang='lat' dir='ltr'><strong>autem</strong></span> <span class='ocrx_word' id='word_1_246' title='bbox 478 3818 498 3859; x_wconf 89' lang='lat' dir='ltr'><strong>a</strong></span> <span class='ocrx_word' id='word_1_247' title='bbox 521 3795 619 3860; x_wconf 90' lang='lat' dir='ltr'><strong>meris</strong></span> <span class='ocrx_word' id='word_1_248' title='bbox 643 3794 750 3860; x_wconf 85' lang='lat' dir='ltr'><strong>verbis</strong></span> <span class='ocrx_word' id='word_1_249' title='bbox 772 3794 961 3877; x_wconf 84' lang='lat' dir='ltr'><strong>rhetoricae,</strong></span> <span class='ocrx_word' id='word_1_250' title='bbox 984 3793 1102 3878; x_wconf 89' lang='lat' dir='ltr'><strong>quibus</strong></span> <span class='ocrx_word' id='word_1_251' title='bbox 1125 3794 1205 3860; x_wconf 89' lang='lat' dir='ltr'><strong>haec</strong></span> <span class='ocrx_word' id='word_1_252' title='bbox 1228 3795 1381 3861; x_wconf 87' lang='lat' dir='ltr'><strong>adnotata</strong></span> <span class='ocrx_word' id='word_1_253' title='bbox 1398 3796 1489 3862; x_wconf 90' lang='lat' dir='ltr'><strong>nullo</strong></span> <span class='ocrx_word' id='word_1_254' title='bbox 1507 3798 1584 3860; x_wconf 90' lang='lat' dir='ltr'><strong>lem·</strong></span> 
     </span>
     <span class='ocr_line' id='line_1_31' title="bbox 344 3900 1624 3987; baseline 0 -20"><span class='ocrx_word' id='word_1_255' title='bbox 344 3906 429 3967; x_wconf 87' lang='lat' dir='ltr'><strong>mate</strong></span> <span class='ocrx_word' id='word_1_256' title='bbox 457 3902 504 3967; x_wconf 88' lang='lat' dir='ltr'><strong>ita</strong></span> <span class='ocrx_word' id='word_1_257' title='bbox 532 3901 721 3985; x_wconf 84' lang='lat' dir='ltr'><strong>adhaerent,</strong></span> <span class='ocrx_word' id='word_1_258' title='bbox 749 3905 787 3966; x_wconf 90' lang='lat' dir='ltr'><strong>ut</strong></span> <span class='ocrx_word' id='word_1_259' title='bbox 814 3901 849 3965; x_wconf 92' lang='lat' dir='ltr'><strong>in</strong></span> <span class='ocrx_word' id='word_1_260' title='bbox 872 3901 1017 3987; x_wconf 85' lang='lat' dir='ltr'><strong>margine</strong></span> <span class='ocrx_word' id='word_1_261' title='bbox 1041 3900 1081 3967; x_wconf 90' lang='lat' dir='ltr'><strong>iis</strong></span> <span class='ocrx_word' id='word_1_262' title='bbox 1103 3923 1162 3986; x_wconf 89' lang='lat' dir='ltr'><strong>per</strong></span> <span class='ocrx_word' id='word_1_263' title='bbox 1184 3901 1307 3979; x_wconf 80' lang='grc' dir='ltr'><em>αἵτινες</em></span> <span class='ocrx_word' id='word_1_264' title='bbox 1330 3902 1462 3986; x_wconf 89' lang='lat' dir='ltr'><strong>appicta</strong></span> <span class='ocrx_word' id='word_1_265' title='bbox 1484 3901 1584 3968; x_wconf 84' lang='lat' dir='ltr'><strong>fuisse</strong></span> <span class='ocrx_word' id='word_1_266' title='bbox 1597 3927 1624 3967; x_wconf 83' lang='lat' dir='ltr'><strong>aa</strong></span> 
     </span>
     <span class='ocr_line' id='line_1_32' title="bbox 344 4009 520 4074; baseline -0.006 0"><span class='ocrx_word' id='word_1_267' title='bbox 344 4009 520 4074; x_wconf 86' lang='lat' dir='ltr'><strong>videantur.</strong></span> 
     </span>
     <span class='ocr_line' id='line_1_33' title="bbox 506 4112 1583 4200; baseline 0.001 -20"><span class='ocrx_word' id='word_1_268' title='bbox 506 4115 564 4180; x_wconf 87' lang='lat' dir='ltr'><strong>a9</strong></span> <span class='ocrx_word' id='word_1_269' title='bbox 592 4116 648 4181; x_wconf 77' lang='lat' dir='ltr'><strong>aad</strong></span> <span class='ocrx_word' id='word_1_270' title='bbox 676 4116 721 4191; x_wconf 79' lang='grc' dir='ltr'><em>ὡς</em></span> <span class='ocrx_word' id='word_1_271' title='bbox 744 4112 963 4197; x_wconf 75' lang='grc' dir='ltr'><em>Ἀντισθένης</em></span> <span class='ocrx_word' id='word_1_272' title='bbox 990 4116 1229 4200; x_wconf 83' lang='grc' dir='ltr'><em>Κηφισόδοτον</em></span> <span class='ocrx_word' id='word_1_273' title='bbox 1256 4115 1316 4181; x_wconf 90' lang='grc' dir='ltr'><strong>τὸν</strong></span> <span class='ocrx_word' id='word_1_274' title='bbox 1343 4116 1463 4182; x_wconf 85' lang='grc' dir='ltr'><em>λεπτὸν</em></span> <span class='ocrx_word' id='word_1_275' title='bbox 1491 4119 1583 4198; x_wconf 81' lang='grc' dir='ltr'><em>λιβα-</em></span> 
     </span>
     <span class='ocr_line' id='line_1_34' title="bbox 505 4221 1296 4312; baseline -0.001 -24"><span class='ocrx_word' id='word_1_276' title='bbox 505 4232 600 4312; x_wconf 80' lang='grc' dir='ltr'><em>νωτῷ</em></span> <span class='ocrx_word' id='word_1_277' title='bbox 620 4222 761 4305; x_wconf 79' lang='grc' dir='ltr'><em>εἴκασεν,</em></span> <span class='ocrx_word' id='word_1_278' title='bbox 784 4221 836 4287; x_wconf 82' lang='grc' dir='ltr'><strong>ὅτι</strong></span> <span class='ocrx_word' id='word_1_279' title='bbox 859 4221 1090 4304; x_wconf 79' lang='grc' dir='ltr'><em>ἀπολλύμενος</em></span> <span class='ocrx_word' id='word_1_280' title='bbox 1112 4223 1296 4307; x_wconf 85' lang='grc' dir='ltr'><em>εὐφραίνει.</em></span> 
     </span>
    </p>

    <p class='ocr_par' dir='ltr' id='par_1_10' title="bbox 346 4328 1586 4949">
     <span class='ocr_line' id='line_1_35' title="bbox 346 4328 1586 4417; baseline -0.004 -19"><span class='ocrx_word' id='word_1_281' title='bbox 346 4330 453 4398; x_wconf 84' lang='lat' dir='ltr'><strong>Schol.</strong></span> <span class='ocrx_word' id='word_1_282' title='bbox 475 4330 552 4415; x_wconf 85' lang='grc'><strong>179,</strong></span> <span class='ocrx_word' id='word_1_283' title='bbox 574 4330 613 4394; x_wconf 91' lang='grc'><strong>17</strong></span> <span class='ocrx_word' id='word_1_284' title='bbox 640 4328 692 4416; x_wconf 83' lang='lat' dir='ltr'><strong>(ut</strong></span> <span class='ocrx_word' id='word_1_285' title='bbox 719 4329 886 4395; x_wconf 90' lang='lat' dir='ltr'><strong>mittamus</strong></span> <span class='ocrx_word' id='word_1_286' title='bbox 915 4349 998 4412; x_wconf 85' lang='lat' dir='ltr'><strong>quae</strong></span> <span class='ocrx_word' id='word_1_287' title='bbox 1024 4329 1063 4393; x_wconf 90' lang='lat' dir='ltr'><strong>de</strong></span> <span class='ocrx_word' id='word_1_288' title='bbox 1087 4329 1209 4413; x_wconf 91' lang='lat' dir='ltr'><strong>duplici</strong></span> <span class='ocrx_word' id='word_1_289' title='bbox 1233 4330 1392 4414; x_wconf 81' lang='lat' dir='ltr'><strong>scriptura</strong></span> <span class='ocrx_word' id='word_1_290' title='bbox 1414 4336 1459 4417; x_wconf 78' lang='grc' dir='ltr'><strong>τῷ</strong></span> <span class='ocrx_word' id='word_1_291' title='bbox 1479 4334 1586 4417; x_wconf 80' lang='grc' dir='ltr'><em>λεπτῷ</em></span> 
     </span>
     <span class='ocr_line' id='line_1_36' title="bbox 505 4433 1583 4522; baseline -0.003 -19"><span class='ocrx_word' id='word_1_292' title='bbox 505 4442 540 4503; x_wconf 88' lang='lat' dir='ltr'><strong>et</strong></span> <span class='ocrx_word' id='word_1_293' title='bbox 566 4439 625 4503; x_wconf 86' lang='grc' dir='ltr'><strong>τὸν</strong></span> <span class='ocrx_word' id='word_1_294' title='bbox 653 4439 774 4502; x_wconf 85' lang='grc' dir='ltr'><em>λεπτόν</em></span> <span class='ocrx_word' id='word_1_295' title='bbox 798 4433 991 4522; x_wconf 86' lang='lat' dir='ltr'><strong>afferuntur)</strong></span> <span class='ocrx_word' id='word_1_296' title='bbox 1022 4436 1082 4500; x_wconf 85' lang='grc' dir='ltr'><strong>ὅτι</strong></span> <span class='ocrx_word' id='word_1_297' title='bbox 1106 4436 1124 4502; x_wconf 86' lang='grc' dir='ltr'>ὁ</span> <span class='ocrx_word' id='word_1_298' title='bbox 1149 4437 1332 4519; x_wconf 84' lang='grc' dir='ltr'><em>λιβανωτὸς</em></span> <span class='ocrx_word' id='word_1_299' title='bbox 1355 4436 1583 4521; x_wconf 82' lang='grc' dir='ltr'><em>ἀπολλύμενος</em></span> 
     </span>
     <span class='ocr_line' id='line_1_37' title="bbox 505 4540 1582 4629; baseline -0.003 -19"><span class='ocrx_word' id='word_1_300' title='bbox 505 4547 578 4629; x_wconf 75' lang='grc' dir='ltr'><em>ἤτοι</em></span> <span class='ocrx_word' id='word_1_301' title='bbox 596 4547 773 4628; x_wconf 79' lang='grc' dir='ltr'><em>καιόμενος</em></span> <span class='ocrx_word' id='word_1_302' title='bbox 791 4540 847 4608; x_wconf 78' lang='grc' dir='ltr'><strong>καὶ</strong></span> <span class='ocrx_word' id='word_1_303' title='bbox 866 4541 1109 4625; x_wconf 81' lang='grc' dir='ltr'><em>ἀφανιζόμενος</em></span> <span class='ocrx_word' id='word_1_304' title='bbox 1122 4542 1188 4608; x_wconf 87' lang='grc' dir='ltr'><strong>ὑπὸ</strong></span> <span class='ocrx_word' id='word_1_305' title='bbox 1203 4552 1263 4608; x_wconf 88' lang='grc' dir='ltr'><strong>τοῦ</strong></span> <span class='ocrx_word' id='word_1_306' title='bbox 1278 4544 1383 4627; x_wconf 89' lang='grc' dir='ltr'><em>πυρὸς</em></span> <span class='ocrx_word' id='word_1_307' title='bbox 1396 4542 1582 4625; x_wconf 85' lang='grc' dir='ltr'><em>εὐφραίνει·</em></span> 
     </span>
     <span class='ocr_line' id='line_1_38' title="bbox 505 4647 1582 4736; baseline -0.003 -19"><span class='ocrx_word' id='word_1_308' title='bbox 505 4651 624 4736; x_wconf 84' lang='grc' dir='ltr'><em>ἀφίησι</em></span> <span class='ocrx_word' id='word_1_309' title='bbox 652 4653 716 4736; x_wconf 84' lang='grc' dir='ltr'><strong>γάρ</strong></span> <span class='ocrx_word' id='word_1_310' title='bbox 745 4649 904 4715; x_wconf 79' lang='grc' dir='ltr'><em>εὐωδίαν·</em></span> <span class='ocrx_word' id='word_1_311' title='bbox 932 4649 987 4714; x_wconf 75' lang='grc' dir='ltr'><strong>καὶ</strong></span> <span class='ocrx_word' id='word_1_312' title='bbox 1015 4647 1033 4714; x_wconf 90' lang='grc' dir='ltr'>ὁ</span> <span class='ocrx_word' id='word_1_313' title='bbox 1060 4650 1294 4735; x_wconf 78' lang='grc' dir='ltr'><em>Κηφισόδοτος</em></span> <span class='ocrx_word' id='word_1_314' title='bbox 1322 4651 1351 4715; x_wconf 82' lang='grc' dir='ltr'><strong>εἰ</strong></span> <span class='ocrx_word' id='word_1_315' title='bbox 1379 4655 1534 4735; x_wconf 77' lang='grc' dir='ltr'><em>φονευθῇ</em></span> <span class='ocrx_word' id='word_1_316' title='bbox 1562 4649 1582 4733; x_wconf 72' lang='grc' dir='ltr'>ἢ</span> 
     </span>
     <span class='ocr_line' id='line_1_39' title="bbox 506 4740 1581 4844; baseline -0.004 -20"><span class='ocrx_word' id='word_1_317' title='bbox 506 4764 692 4844; x_wconf 67' lang='grc' dir='ltr'><em>λεπτυνθῇ,</em></span> <span class='ocrx_word' id='word_1_318' title='bbox 720 4758 757 4822; x_wconf 82' lang='grc' dir='ltr'><strong>ἐν</strong></span> <span class='ocrx_word' id='word_1_319' title='bbox 785 4763 829 4843; x_wconf 81' lang='grc' dir='ltr'><strong>τῷ</strong></span> <span class='ocrx_word' id='word_1_320' title='bbox 855 4759 971 4840; x_wconf 78' lang='grc' dir='ltr'><em>λαβεῖν</em></span> <span class='ocrx_word' id='word_1_321' title='bbox 997 4765 1108 4822; x_wconf 85' lang='grc' dir='ltr'><em>πᾶσαν</em></span> <span class='ocrx_word' id='word_1_322' title='bbox 1136 4758 1197 4840; x_wconf 80' lang='grc' dir='ltr'><strong>τὴν</strong></span> <span class='ocrx_word' id='word_1_323' title='bbox 1224 4756 1343 4821; x_wconf 85' lang='grc' dir='ltr'><em>οὐσίαν</em></span> <span class='ocrx_word' id='word_1_324' title='bbox 1368 4740 1479 4821; x_wconf 75' lang='grc' dir='ltr'><em>αὐτοῦ</em></span> <span class='ocrx_word' id='word_1_325' title='bbox 1496 4754 1581 4839; x_wconf 81' lang='grc' dir='ltr'><em>ὠφε-</em></span> 
     </span>
     <span class='ocr_line' id='line_1_40' title="bbox 506 4858 1165 4949; baseline -0.002 -19"><span class='ocrx_word' id='word_1_326' title='bbox 506 4867 625 4949; x_wconf 78' lang='grc' dir='ltr'><em>ληθείη</em></span> <span class='ocrx_word' id='word_1_327' title='bbox 648 4866 668 4948; x_wconf 86' lang='grc' dir='ltr'><em>ἡ</em></span> <span class='ocrx_word' id='word_1_328' title='bbox 691 4867 801 4940; x_wconf 86' lang='grc' dir='ltr'><em>πόλις·</em></span> <span class='ocrx_word' id='word_1_329' title='bbox 825 4864 1005 4947; x_wconf 85' lang='grc' dir='ltr'><em>βλαπτικὸς</em></span> <span class='ocrx_word' id='word_1_330' title='bbox 1028 4864 1091 4949; x_wconf 82' lang='grc' dir='ltr'><strong>γάρ</strong></span> <span class='ocrx_word' id='word_1_331' title='bbox 1115 4858 1165 4947; x_wconf 75' lang='grc' dir='ltr'><strong>ἦν.</strong></span> 
     </span>
    </p>
   </div>
   <div class='ocr_carea' id='block_1_3' title="bbox 0 0 1997 5725">
    <p class='ocr_par' dir='ltr' id='par_1_11' title="bbox 0 0 1997 5725">
     <span class='ocr_line' id='line_1_41' title="bbox 0 0 1997 5725; baseline 0 0"><span class='ocrx_word' id='word_1_332' title='bbox 0 0 1997 5725; x_wconf 95' lang='lat' dir='ltr'><strong> </strong></span> 
     </span>
    </p>
   </div>
  </div>
 </body>
</html>
