3967 5725
397 608 462 677 176
624 609 1064 661 xL1.1ND1thEcT10NUM
1081 609 1314 663 Acsmviinuu
1334 611 1411 666 reas.
1522 644 1524 650 .
1623 591 1625 596 '

392 795 454 838 nos
487 793 551 855 quo
584 770 741 834 curiosius
773 769 929 833 rimamur
960 770 1118 835 rationem
1150 771 1235 834 inter
1264 770 1322 835 has
1350 771 1428 834 duas
1456 769 1628 839 verborum

391 878 514 943 formas
536 877 723 962 ἀφείδησαν
746 880 779 960 et
796 876 965 959 ἀκήδησαν
983 876 1243 961 intercedentem,
1267 899 1304 941 eo
1324 877 1443 947 certius
1462 876 1629 960 habemus,

392 1007 459 1050 non
482 1005 553 1049 esse
575 984 614 1048 de
638 1005 726 1048 mero
750 982 910 1048 scribendi
933 1005 1039 1048 errore
1063 984 1280 1070 cogitandum,
1303 985 1359 1048 sed
1377 983 1441 1048 alia
1459 983 1512 1048 via
1529 983 1627 1048 huius

391 1092 551 1179 originem
570 1091 803 1175 discrepantiae
822 1090 1061 1174 expediendam.
1099 1089 1152 1155 Sic
1170 1091 1255 1155 enim
1274 1092 1455 1174 statuimus,
1473 1089 1514 1154 ad
1532 1089 1627 1174 ἀφεί-

392 1201 512 1282 δησαν,
541 1198 626 1283 quod
650 1196 845 1282 Apollonius
868 1200 1034 1282 posuerat,
1062 1197 1295 1282 interpretandi
1318 1219 1427 1281 causa,
1451 1196 1539 1281 quod
1561 1206 1680 1263 non18

393 1306 538 1390 ineptum
566 1310 648 1388 erat,
674 1304 845 1388 ἀκήδησαν
867 1304 1065 1388 adscriptum
1088 1305 1156 1369 eius
1178 1303 1287 1370 locum
1312 1303 1490 1378 obtinuisse
1513 1306 1544 1368 et
1567 1303 1628 1368 hac

391 1413 497 1478 forma
523 1434 652 1478 versum
679 1414 715 1476 in
739 1410 955 1476 Choerobosci
983 1411 1167 1497 congeriem
1194 1412 1358 1497 migrasse.
1396 1409 1521 1478 Similia
1543 1414 1628 1475 certe

392 1542 459 1583 non
477 1519 593 1584 desunt
606 1522 642 1585 in
654 1517 823 1604 Apollonii
837 1517 939 1601 libris,
959 1518 1068 1602 qualia
1080 1518 1133 1582 vel
1146 1517 1225 1582 haec
1240 1521 1315 1582 sunt
1329 1539 1410 1602 quae
1425 1538 1464 1583 ex
1478 1516 1627 1582 Merkelii

391 1626 598 1691 adnotatione
620 1626 759 1711 petimus
778 1643 804 1688 11
825 1624 888 1688 779
910 1621 967 1710 ἐμέ
985 1623 1016 1689 δ’
1039 1619 1116 1709 εὗρε
1134 1624 1214 1690 νέον
1233 1623 1397 1708 χνοάοντα
1416 1622 1625 1711 (χνοάοντας)

351 1759 379 1809 ιο
393 1735 536 1809 ἰούλους.
559 1732 667 1816 Etym.
681 1731 725 1798 M.
740 1732 815 1817 813,
831 1732 869 1795 11
895 1731 1061 1816 χνοάοντα
1084 1733 1231 1815 παρειάς.
1254 1749 1291 1794 lv
1307 1731 1393 1796 1198
1418 1729 1627 1815 ἑλισσόμεναι

391 1840 467 1923 περ
494 1813 627 1905 atrior.
667 1836 1075 1922 cassadriensem.
1099 1837 1141 1904 M.
1166 1838 1223 1920 ec,
1245 1838 1288 1903 eo
1320 1837 1520 1922 νειμάμενοι
1552 1838 1627 1921 ιαμ

391 1947 524 2011 κύκλον.
548 1964 585 2009 1v
601 1945 687 2012 1679
704 1947 847 2034 πετραίῳ
862 1949 998 2030 στόνυχι
1013 1946 1133 2030 χρίμψε
1149 1947 1290 2029 σφυρόν.
1313 1945 1421 2029 Etym.
1436 1944 1479 2009 M.
1496 1945 1568 2028 728,
1583 1945 1626 2009 32

392 2051 526 2140 Πτερέφ
542 2055 678 2138 στόνυχι
692 2056 788 2136 τρίύε
803 2055 944 2137 σφυρόν.
967 2051 1093 2128 Quibus
1108 2051 1238 2131 accedit,
1252 2056 1289 2117 ut
1300 2051 1485 2136 ἀφείδησαν
1494 2053 1627 2117 verbum

391 2160 499 2245 ipsum
517 2159 662 2243 potuisse
680 2159 912 2243 interpretandi
931 2159 1134 2224 sedulitatem
1151 2159 1289 2224 excitare
1305 2164 1467 2245 appareat,
1485 2159 1627 2224 1111013

552 2269 681 2351 προπρὸ
706 2265 736 2331 δ’
764 2266 1018 2351 ἀφειδήσασα
1040 2267 1193 2342 θυώδεος
1215 2262 1304 2344 ἔξελε
1326 2269 1443 2350 μίτρης

553 2374 744 2459 φάρμακον,

392 2481 452 2546 ubi
471 2481 645 2545 scholiasta
663 2480 757 2545 affert
775 2481 936 2565 γράφεται
956 2481 1109 2564 προπρὸ
1130 2477 1167 2544 δὲ
1185 2481 1412 2564 μειδήσασα.
1446 2478 1517 2556 Quo
1532 2501 1626 2546 nemo

391 2592 510 2670 utetur,
524 2586 794 2671 quemadmodum
807 2607 848 2650 ne
863 2586 1084 2671 superioribus
1099 2586 1229 2670 quidem
1242 2585 1324 2652 locis
1340 2586 1510 2670 quisquam
1524 2593 1626 2672 gram·

391 2694 500 2760 matici
523 2694 719 2758 testimoniis
741 2693 898 2757 librorum
921 2694 1113 2777 scripturam
1130 2692 1387 2778 posthabendam
1407 2714 1475 2758 esse
1495 2693 1627 2758 censuit.

350 2827 379 2869 au
393 2800 516 2879 Quodsi
549 2801 687 2886 contigit
718 2799 971 2886 argumentando
999 2799 1151 2884 probare,
1184 2799 1370 2886 ἀφείδησαν
1398 2802 1433 2865 in
1459 2798 1628 2885 Apollonii

392 2932 488 2973 versu
509 2907 713 2973 retinendum
736 2907 804 2971 sive
827 2908 1071 2991 restituendum,
1095 2907 1265 2992 ἀκήδησαν
1289 2907 1513 2974 Choerobosco
1532 2908 1627 2973 relin-

393 3016 554 3099 quendum
583 3036 666 3098 esse,
693 3013 810 3099 incipit
833 3015 885 3079 vel
906 3014 970 3079 hoc
992 3016 1123 3080 nomine
1145 3015 1286 3081 Bonitaii
1310 3015 1508 3100 coniectura,
1536 3016 1627 3081 cuius

392 3122 514 3207 species
540 3143 607 3186 non
635 3121 749 3186 leviter
773 3122 832 3186 illa
855 3122 1070 3206 discrepantia
1093 3121 1320 3206 adimebatur,
1346 3121 1409 3187 hoc
1432 3121 1626 3189 adminiculo

389 3229 519 3314 privata
540 3227 735 3294 labefactari

482 3334 545 3401 Sed
571 3336 737 3422 pergimus
760 3334 929 3420 Apollonii
955 3335 1102 3420 exempla
1129 3336 1221 3400 verbi
1250 3335 1428 3421 ἀφειδήσαι
1455 3356 1625 3403 recensere.

391 3461 431 3507 ΠΙ
450 3442 517 3509 630
538 3442 669 3507 Medeae
693 3442 854 3507 somnium
876 3448 1033 3527 narratur,
1058 3465 1121 3527 quo
1145 3444 1216 3527 ipsa
1239 3444 1302 3508 sibi
1325 3443 1494 3509 videbatur
1517 3437 1627 3509 ἆθλον

392 3550 542 3633 subiisse,

999 3638 1087 3703 ὀίετο
1112 3637 1140 3703 δ’
1170 3637 1254 3724 ἀμφὶ
1277 3641 1413 3722 βόεσσιν

553 3746 635 3829 αὐτή
659 3744 869 3811 ἀεθλεύουσα
892 3744 965 3829 μάλ’
995 3745 1162 3830 εὐμαρέως
1184 3745 1379 3811 πονέεσθαι·

350 3897 379 3939 ,0
442 3852 507 3917 625
553 3851 759 3937 σφωιτέρους
783 3850 819 3917 δὲ
842 3863 962 3936 τοκῆας
984 3852 1185 3937 ὑποσχεσίης
1208 3852 1392 3938 ἀθερίζειν,

552 3959 690 4025 οὕνεκεν
713 3960 753 4024 οὐ
777 3960 881 4046 κούρη
906 3957 1013 4039 ζεῦξαι
1037 3962 1126 4043 βόας,
1149 3959 1233 4024 ἀλλά
1257 3962 1289 4025 ot
1313 3960 1403 4049 αὐτῷ

551 4066 761 4153 προύθεσαν·
785 4065 822 4131 έκ
845 4064 875 4131 δ’
903 4068 966 4151 ἀρα
989 4075 1050 4131 τοῦ
1073 4076 1182 4143 νεῖκος
1205 4066 1304 4132 πέλεν
1327 4066 1537 4153 ἀμφήριστον

551 4175 653 4260 πατρί
673 4198 708 4239 τε
730 4172 785 4238 καὶ
809 4172 942 4251 ξείνοις·
966 4174 1049 4259 αὐτή
1074 4172 1110 4237 δ’
1133 4172 1325 4261 ἐπιέτρεπον
1349 4175 1447 4259 ἀμφω

552 4281 616 4356 τὼς
638 4277 727 4365 ἔμεν,
751 4281 795 4358 ὥς
817 4304 875 4346 κεν
899 4279 970 4366 έήσι
994 4282 1074 4364 μετὰ
1098 4280 1221 4365 φρεσὶν
1244 4281 1404 4345 ἰθύσειεν.

442 4385 507 4450 630
552 4386 572 4470 ἢ
597 4385 627 4450 δ’
654 4388 750 4471 ἀφνω
774 4390 834 4453 τὸν
857 4386 977 4468 ξείνου,
1001 4386 1249 4471 ἀφειδήσασα
1273 4389 1437 4472 τοκήων,
1531 4454 1533 4457 ,

552 4493 671 4559 εἵλετο
695 4496 773 4572 τοὺς
796 4492 826 4559 δ’
853 4493 1040 4579 ἀμέγαρτον
1063 4495 1142 4579 ἀχος
1165 4494 1275 4577 λάβεν,
1300 4492 1335 4558 ἐκ
1359 4491 1388 4558 δ’
1417 4494 1559 4578 ἐβόησαν

554 4603 729 4683 χωόμενοι·
753 4602 814 4684 τήν
837 4600 874 4666 δ’
896 4601 1002 4677 ὕπνος
1026 4602 1092 4684 άμα
1114 4605 1240 4687 κλαγγή
1264 4600 1435 4685 μεθέηκεν.

392 4792 457 4829 oum
471 4775 549 4829 varia
563 4776 602 4831 sit
614 4776 755 4846 scriptura
769 4777 903 4831 librorum
917 4777 1022 4846 partim
1036 4774 1222 4845 ἀμελήσαντες
1235 4776 1341 4846 partim
1355 4775 1628 4844 &pecuniosissima

393 4864 587 4921 exhibentium
605 4866 709 4920 samari
728 4867 815 4921 etiam
834 4865 974 4919 editorum
992 4864 1107 4919 iudicia.
