3967 5725
400 647 467 712 534
630 650 701 702 uxr.
721 649 836 700 INDEX
855 649 1070 700 nacrrouuu
1087 639 1320 703 Ansrrvnauu
1340 653 1417 703 reos.

444 811 488 874 43
534 812 629 876 Naar
650 814 722 890 saio,
745 811 824 892 qaia
844 813 886 876 sit
907 811 1025 889 Aaron
1049 813 1140 878 daris
1162 815 1198 878 ia
1221 811 1336 878 cotibus
1358 811 1449 876 illam

443 905 507 983 44Ι
533 919 601 982 Aoi
624 920 758 984 Tmaros
780 924 837 983 aat
858 918 1007 1000 Rhodope
1029 925 1085 984 aot
1106 921 1236 984 mbemi
1260 918 1473 985 Garamantes

444 1024 488 1090 45
533 1026 600 1090 Neo
620 1027 743 1108 perceris
764 1027 863 1090 nostri
879 1046 1016 1106 pueram
1039 1046 1094 1090 aee
1114 1028 1281 1109 saapaiais
1304 1026 1406 1090 edaat.

444 1133 488 1196 46
623 1132 733 1214 Iaoipe
755 1132 939 1197 Maenalios
960 1153 1087 1212 mecam,
1111 1133 1290 1211 meotidis,
1313 1153 1426 1198 aereas.

445 1239 488 1303 52
534 1240 630 1304 Naac
652 1245 681 1304 et
701 1241 767 1304 ocis
788 1239 869 1304 altro
890 1239 997 1322 sapiat
1018 1239 1118 1320 lopas,
1142 1261 1239 1304 aarea
1262 1240 1362 1304 darae

535 1346 632 1411 Mala
652 1347 760 1427 serant
781 1365 916 1427 qaaere,
939 1348 1080 1412 narasse
1103 1347 1212 1427 floreat
1235 1347 1335 1424 51555,

408 1510 415 1523 ,
535 1453 679 1536 Piapaia
701 1454 863 1518 corticibus
884 1453 996 1518 eadent
1017 1453 1127 1524 electra
1150 1455 1294 1536 myricae,

445 1559 488 1623 55
537 1559 660 1625 Carent
680 1565 709 1624 et
731 1562 834 1643 ayonis
855 1560 969 1638 atalae,
991 1561 1035 1625 sit
1057 1561 1187 1642 Tityros
1214 1559 1360 1642 Orpbeus,

445 1666 488 1732 56
539 1666 677 1748 Orphea
699 1669 736 1730 ia
757 1667 855 1751 silvis,
878 1670 960 1731 later
978 1667 1145 1748 delphinas
1166 1667 1279 1732 Arioa.

446 1772 487 1837 57
624 1774 734 1855 Iotape
757 1773 939 1839 Maenalios
961 1793 1088 1852 mecam,
1112 1795 1182 1838 mea
1204 1774 1291 1852 tibia,
1314 1793 1427 1839 casas.

445 1881 487 1943 47
534 1881 653 1946 Saevos
675 1881 777 1946 Amor
799 1881 903 1946 docuit
924 1887 1070 1946 aatomm
1093 1883 1247 1963 saapaiae
1270 1886 1400 1946 matrem

536 1987 772 2053 Commaaalare
794 2008 916 2066 marrae,
939 1987 1074 2052 audetis
1095 1993 1129 2052 ta
1153 2008 1277 2070 qaoque,
1300 1988 1417 2052 mater!
1441 2025 1483 2032 —

445 2095 489 2158 49
537 2094 681 2160 aaran
703 2101 803 2160 mater
825 2097 929 2178 mapa
950 2116 995 2160 aa
1012 2116 1094 2176 paer
1116 2095 1275 2176 improbas
1298 2094 1372 2159 ille?

447 2202 487 2267 51
624 2202 735 2284 Iaape
757 2203 939 2268 Maenalios
961 2223 1088 2280 meram,
1112 2223 1181 2266 area
1204 2203 1290 2279 tibia,
1313 2221 1426 2266 aereas.

447 2308 490 2374 50
535 2308 701 2391 Improbas
723 2309 777 2374 ille
792 2331 882 2391 puer,
906 2309 1040 2374 madetis
1061 2314 1096 2373 ta
1118 2329 1241 2390 qaoqae,
1266 2313 1364 2372 mater
1388 2345 1430 2353 —

446 2416 489 2480 58
540 2415 657 2482 Omaia
679 2416 725 2480 oel
747 2417 885 2480 mediam
907 2417 988 2498 fiant
1011 2437 1106 2480 more.
1143 2417 1236 2479 oioo'te
1258 2414 1355 2479 siloae
1377 2436 1433 2497 eqs

402 2523 474 2606 quis
498 2523 553 2606 qui
577 2525 629 2586 vel
652 2523 758 2586 obiter
780 2524 968 2606 perceperit,
991 2545 1058 2586 non
1081 2522 1242 2606 intelliget
1265 2521 1433 2606 stropham
1456 2543 1475 2584 a
1498 2542 1556 2584 suo
1580 2543 1635 2584 na-

401 2631 499 2693 turali
518 2634 628 2693 tenore
647 2634 766 2693 temere
785 2628 915 2712 secerni,
937 2651 1050 2693 versus
1068 2631 1120 2693 vel
1138 2629 1251 2693 intime
1271 2629 1459 2692 coniunctos
1478 2627 1636 2692 violenter

402 2737 543 2820 separari
566 2740 599 2800 55
623 2737 737 2800 omnia
754 2736 787 2798 in
810 2737 986 2799 sententias
1010 2736 1083 2821 cogi
1106 2736 1203 2799 huius
1223 2735 1372 2800 carminis
1393 2734 1523 2819 ingenio
1542 2734 1636 2799 vehe

363 2867 388 2907 aa
402 2846 526 2907 menter
549 2842 787 2928 repugnantes?
825 2839 913 2917 Quae
936 2843 992 2926 qui
1016 2842 1215 2927 reputaverit
1239 2839 1357 2929 (neque
1380 2842 1465 2905 enim
1485 2864 1566 2925 opus
1585 2845 1635 2905 est

401 2951 480 3014 haec
508 2949 697 3035 singillatim
720 2948 946 3036 comprobari),
974 2971 1082 3014 nonne
1110 2949 1264 3013 fatebitur
1287 2948 1375 3013 hunc
1398 2948 1636 3013 emendatorem

401 3056 491 3120 nullo
520 3078 614 3121 versu
642 3056 772 3138 dempto
796 3060 925 3139 poetam
948 3058 1040 3141 peius
1064 3056 1253 3140 depravasse
1278 3077 1374 3139 quam
1398 3054 1500 3119 ullum
1524 3076 1634 3119 eorum

402 3162 587 3227 criticorum
612 3184 748 3247 quorum
772 3164 973 3247 opinationes
998 3162 1231 3228 refutavimus?

492 3268 652 3345 Quattuor
679 3291 790 3334 versus
821 3271 959 3335 servavit
983 3275 1015 3335 55
1040 3291 1097 3334 555
1121 3270 1192 3333 1555
1216 3271 1340 3353 positos
1363 3269 1497 3333 retinuit
1519 3267 1572 3332 W.
1593 3266 1634 3332 H.
1650 3274 1691 3329 lc

403 3374 586 3460 Kolsterus,
615 3376 671 3460 qui
699 3376 829 3460 Lipsiae
859 3400 886 3441 a.
918 3376 1004 3442 1882
1027 3374 1164 3461 Vergilii
1193 3377 1319 3461 eclogas
1348 3376 1526 3440 instaurata
1554 3379 1636 3439 stro-

402 3482 540 3568 pharum
564 3482 780 3553 concinnitate
804 3506 878 3549 555
901 3484 1132 3548 commentario
1156 3482 1269 3567 edidit3
1293 3482 1410 3566 sedis,
1434 3482 1461 3547 si
1484 3483 1636 3548 5555515-

403 3588 579 3674 telligimus
606 3589 669 3654 hoc
696 3590 865 3655 confusum
887 3590 1042 3674 loquendi
1065 3612 1176 3676 genus,
1202 3611 1262 3655 neo
1285 3590 1470 3655 criticorum
1492 3590 1635 3653 rationes

403 3696 503 3780 probe
526 3696 692 3780 perspexit
714 3700 770 3760 aut
789 3697 905 3781 quibus
926 3696 1063 3765 debebat
1081 3698 1279 3783 argumentis
1297 3696 1491 3780 reprobavit,
1515 3699 1547 3760 et
1567 3697 1636 3779 ipse

403 3804 643 3887 interpretando
671 3803 776 3868 effecit
803 3803 890 3887 quod
917 3804 1056 3868 immane
1084 3808 1240 3887 quantum
1269 3805 1308 3869 ab
1337 3803 1453 3867 horum
1482 3825 1636 3867 versuum

363 3933 499 3975 assensu
518 3910 678 3974 abhorret.
716 3910 880 3976 Summam
904 3911 990 3976 enim
1010 3912 1187 3975 sententiae
1206 3911 1311 3976 inesse
1329 3910 1434 3975 voluit
1452 3910 1487 3976 in
1506 3908 1636 3975 Amoris

269 4033 272 4039 ·
403 4022 436 4082 55
462 4017 594 4082 Medeae
626 4017 814 4081 crudelitate
846 4017 1068 4082 contendenda
1097 4015 1140 4103 (p.
1164 4015 1252 4104 169),
1285 4038 1419 4101 eamque
1446 4016 1637 4099 Damonem,

404 4146 499 4207 quem
528 4125 619 4206 dicit,
646 4124 707 4187 hoc
735 4124 801 4188 fere
829 4124 939 4208 moda,
968 4125 996 4189 si
1023 4124 1153 4190 reddere
1183 4146 1370 4209 possumus,
1398 4124 1571 4207 explicare,
1599 4128 1637 4188 55

403 4231 545 4314 primum
573 4231 710 4295 materni
737 4230 890 4294 facinoris
917 4231 1005 4314 quod
1035 4232 1230 4317 significavit
1252 4231 1385 4297 horrore
1407 4252 1579 4314 percursus
1603 4230 1638 4293 in

404 4359 473 4401 earn
498 4337 675 4402 orationem
699 4341 887 4421 erumperet,
911 4339 951 4401 ad
975 4360 1072 4421 quam
1096 4342 1270 4403 extremam
1294 4360 1446 4403 evasurus
1467 4340 1545 4421 erat,
1569 4357 1639 4402 aa·

402 4445 483 4510 dolis
505 4451 539 4510 ta
561 4465 678 4527 qaoque
700 4450 815 4522 mater;
840 4444 953 4510 deinde
971 4444 1117 4509 Medeam
1141 4445 1271 4529 quidem
1289 4446 1419 4509 innatae
1438 4444 1637 4509 crudelitatis

401 4556 561 4638 argueret,
585 4574 667 4635 quae
689 4550 878 4635 pudicitiam
901 4552 1056 4616 honorem
1080 4557 1203 4635 patrem
1227 4553 1423 4635 fratremque
1447 4556 1480 4616 et
1499 4551 1638 4635 patriam

402 4657 524 4722 amoris
544 4680 640 4723 causa
658 4657 862 4741 prodidisset,
882 4658 1014 4722 maioris
1033 4680 1109 4723 vero
1129 4658 1326 4723 crudelitatis
1344 4656 1497 4723 Amorem
1518 4657 1638 4741 quippe

405 4764 573 4828 docentem
598 4768 713 4829 cuncta
736 4787 816 4849 quae
839 4764 897 4829 illa
919 4769 1143 4849 perpetrasset,
1167 4771 1204 4831 ut
1226 4770 1335 4831 tamen
1355 4764 1426 4849 ipsa
1445 4786 1486 4829 ne
1504 4765 1550 4829 sic
1569 4764 1638 4847 qui-

405 4868 477 4933 dem
497 4870 694 4934 crudelitatis
716 4892 827 4955 expers
841 4871 954 4935 haberi
968 4875 1078 4954 posset
1092 4870 1137 4956 (p.
1155 4872 1242 4958 170).
1274 4870 1368 4948 Quod
1382 4892 1457 4935 vero
1472 4875 1638 4956 postremo
