3967 5725
718 647 768 697 Da
786 647 1050 698 ARISTOPHANIS
1068 649 1272 711 EQUITIBUS.
1545 649 1611 713 287

422 807 464 872 85
510 811 588 872 ΔΗ.
610 809 655 889 μά
678 805 736 873 Δί’
763 806 833 872 ἀλλ’
861 808 1007 894 ἀκρατον
1030 801 1125 875 οἶνον
1149 809 1282 893 ἀγαθοῦ
1306 811 1473 895 δαίμονος.

324 921 363 976 16
610 921 689 991 ἴσως
711 916 774 999 γὰρ
798 913 842 981 ἂν
864 918 1008 1000 χρηστόν
1030 939 1061 980 τι
1084 918 1365 1000 βουλευσαίμεθα.

521 1027 582 1087 ΝΙ.
608 1023 684 1086 ἰδού
707 1021 745 1106 γ’
767 1023 925 1105 ἀκρατον·
949 1024 1025 1106 περὶ
1049 1032 1153 1088 ποτοῦ
1178 1034 1274 1106 γοῦν
1298 1023 1371 1089 ἐστί
1391 1041 1453 1090 σοι.

609 1140 678 1205 τῶς
701 1127 731 1194 d'
759 1127 802 1194 ἀν
824 1129 962 1213 μεθύων
986 1133 1130 1214 χρηστόν
1152 1155 1184 1195 τι
1207 1131 1415 1214 βουλεύσαιτ’
1444 1133 1539 1216 ἀνήρ.

377 1235 520 1313 Quorum
539 1258 649 1302 versus
670 1240 824 1320 quattuor
842 1237 986 1321 extremi,
1006 1237 1052 1301 sic
1071 1237 1184 1321 scripti
1204 1239 1237 1301 in
1256 1238 1348 1302 libris
1368 1237 1456 1324 (nam
1471 1240 1512 1303 ad
1526 1249 1613 1322 γοῦν

375 1344 567 1428 particulam
595 1347 745 1428 putamus
773 1343 878 1409 redire
906 1366 987 1428 qnae
1015 1346 1049 1409 in
1078 1366 1114 1409 ea
1141 1367 1220 1410 voce
1248 1347 1334 1410 varie
1358 1351 1487 1412 exarata
1510 1345 1611 1432 sunt),

375 1451 458 1515 nihil
477 1451 668 1536 suspicionis
687 1455 857 1515 moverunt
876 1456 949 1516 ante
967 1451 1174 1535 Meinekium,
1194 1453 1299 1537 quiin
1311 1451 1471 1519 Vindiciis
1485 1453 1611 1520 Aristo-

376 1558 510 1642 phaueis
538 1582 569 1643 p.
588 1557 629 1622 51
660 1558 799 1642 primum
827 1568 913 1643 γοῦν
940 1559 1132 1642 particulam
1161 1559 1375 1646 addubitavit,
1402 1562 1477 1643 περὶ
1506 1565 1610 1627 πότον

375 1675 456 1742 νοῦς
484 1664 549 1752 (rel
573 1663 653 1750 νῦν)
681 1667 838 1750 scriptum
865 1666 964 1730 fnisse
993 1668 1188 1752 suspicatus3
1215 1667 1289 1732 dein
1316 1668 1388 1733 hos
1404 1689 1516 1734 versus
1544 1690 1610 1734 non

375 1794 434 1838 sno
457 1773 569 1837 ordine
591 1773 657 1857 legi
681 1774 832 1856 opinatus
856 1773 902 1837 sic
925 1773 1011 1837 inter
1033 1773 1112 1837 duas
1135 1795 1289 1857 personas
1314 1775 1480 1840 distribuit
1624 1805 1652 1844 ιο

420 1879 463 1946 85
507 1883 583 1956 ΛΗ.
607 1881 652 1961 μά
675 1878 730 1944 Δί’
758 1878 829 1945 ἀλλ’
857 1882 1003 1961 ἀκρατον
1026 1873 1122 1946 οἶνον
1145 1880 1278 1963 ἀγαθοῦ
1302 1883 1469 1964 δαίμονος.

420 1988 461 2052 87
520 1991 583 2052 ΝΙ.
608 1987 684 2052 ἰδού
707 1985 739 2071 γ’
766 1988 925 2071 ἀαρατον·
948 1985 1024 2071 περὶ
1047 1990 1174 2053 πότου
1196 1997 1292 2066 νοῦς
1316 1989 1388 2053 ἐστί
1408 2007 1476 2066 σοις

420 2093 463 2158 86
507 2098 583 2159 ΔΗ.
608 2101 687 2171 ἴσως
709 2096 772 2178 γὰρ
797 2092 839 2158 ἀν
862 2097 1007 2180 χρηστόν
1030 2118 1061 2160 τι
1084 2093 1396 2178 βουλευσαίμεθ’
1424 2096 1479 2161 ἀν.

420 2201 462 2266 88
520 2202 582 2265 ΝΙ.
605 2212 675 2278 πῶς
698 2199 729 2265 d'
755 2200 798 2267 ἀν
820 2202 959 2285 μεθύων
982 2204 1127 2285 χρηστόν
1149 2226 1180 2266 τι
1204 2201 1420 2285 βουλεύσαιτ’
1443 2203 1537 2288 ἀνήρ.

374 2331 509 2393 eamque
536 2309 766 2392 coniecturam,
794 2330 858 2392 qua
884 2330 926 2372 ne
953 2309 1022 2393 ipse
1049 2308 1178 2393 quidem
1201 2331 1278 2374 usus
1302 2314 1352 2374 est
1374 2309 1460 2374 edito
1483 2310 1610 2376 Aristo·

374 2417 489 2501 phane,
508 2438 579 2480 cum
599 2415 726 2481 Kockio
740 2414 899 2480 Valsenus
918 2420 950 2480 et
965 2415 1124 2480 Zacherus
1143 2418 1351 2500 arripuerunt
1369 2418 1498 2501 suisque
1516 2417 1609 2482 h'bris

374 2527 539 2607 tamquam
571 2546 638 2586 rem
672 2524 790 2588 certam
818 2528 1047 2608 propagarunt.
1087 2522 1157 2599 Quo
1186 2524 1289 2610 magis
1316 2524 1396 2588 utile
1425 2526 1499 2608 erit,
1530 2524 1609 2590 haec

375 2652 456 2714 quae
487 2653 547 2695 nos
579 2651 645 2695 non
676 2652 848 2715 possumus
877 2651 945 2695 non
971 2632 1142 2695 temeraria
1168 2631 1264 2716 plana
1292 2636 1324 2696 et
1351 2633 1432 2696 falsa
1458 2631 1608 2716 iudicare,

167 2782 173 2796 .
260 2728 263 2733 ’
375 2737 626 2823 argmnentando
669 2739 865 2802 convincere.
912 2736 1113 2822 Quamquam
1155 2737 1286 2803 difficile
1325 2744 1375 2803 est
1412 2741 1609 2823 convincere,

374 2868 510 2929 qnorum
538 2866 651 2910 causas
673 2844 779 2910 nullas
802 2845 924 2910 adlatas
946 2845 1069 2931 rideas,
1095 2849 1132 2910 ut
1154 2845 1202 2911 nil
1224 2847 1288 2911 nisi
1311 2846 1479 2912 arbitrium
1504 2846 1608 2912 critici
1622 2874 1650 2914 ιο

374 2957 595 3039 cognoscatur.
640 2951 703 3017 Sed
735 2953 932 3021 Meinekium
965 2953 1095 3037 quidem
1129 2954 1192 3019 sibi
1225 2958 1372 3019 constare
1405 2953 1608 3040 intelligitur,

373 3060 460 3145 qnod
482 3061 517 3124 in
541 3082 578 3126 eo
603 3060 715 3125 ordine
739 3060 895 3125 sermonis
919 3083 1016 3144 quem
1039 3062 1165 3125 restitui
1186 3060 1289 3144 iussit,
1312 3072 1397 3144 γοῦν
1415 3060 1608 3146 particulam

373 3155 439 3232 non
462 3168 613 3233 toleravit
637 3168 691 3233 sed
715 3170 784 3232 eius
807 3168 878 3233 loco
902 3168 953 3232 vel
970 3177 1053 3245 νοῦς
1071 3168 1123 3232 vel
1141 3178 1206 3233 νῦν
1226 3168 1429 3233 scribendum
1449 3189 1518 3233 esse
1537 3189 1608 3233 cen-

374 3277 446 3340 suit.
484 3274 588 3340 Ceteri
616 3276 673 3359 qni
701 3274 905 3340 aMeinekio
928 3276 1098 3360 probatam
1121 3276 1236 3339 seriem
1260 3296 1410 3339 versuum
1435 3276 1608 3358 accipiunt,

373 3404 446 3447 cnm
469 3392 553 3466 γοῦν
576 3385 746 3466 retineant,
768 3404 827 3445 neo
849 3382 912 3447 hoc
935 3382 1096 3466 explicare
1114 3387 1276 3467 poterunt,
1299 3405 1403 3467 neque
1422 3383 1607 3467 quidquam,

373 3494 533 3575 putamus,
552 3490 706 3573 efficiunt,
726 3489 812 3573 quod
831 3488 862 3573 γ’
885 3486 948 3555 οὖν
966 3493 1133 3553 exarantes
1152 3492 1182 3554 ei
1200 3492 1308 3554 nescio
1329 3512 1431 3573 quam⁸
1443 3490 1607 3575 propriam

373 3598 641 3683 significationem
665 3597 855 3661 attribuunt.
892 3595 1006 3680 Itaque
1029 3595 1092 3660 hoc
1114 3596 1267 3660 indicium
1292 3618 1359 3661 non
1377 3597 1607 3683 negligendum

373 3709 430 3788 est,
453 3726 525 3769 cum
550 3704 715 3789 'quaeritur
739 3704 1022 3769 sermocinantium
1044 3704 1130 3768 vices
1155 3724 1236 3787 quae
1260 3706 1335 3767 sunt
1353 3705 1387 3767 in
1405 3704 1498 3768 libris
1517 3709 1607 3769 tuen-

373 3813 472 3877 daene
496 3814 561 3876 sint
580 3835 621 3876 an
639 3811 844 3876 abiiciendae.
884 3809 947 3875 Sed
965 3810 1129 3875 videamus
1150 3831 1278 3875 cursum
1298 3811 1462 3875 sermonis.
1498 3809 1551 3874 Ad
1570 3831 1607 3874 ea

374 3942 454 4004 quae
482 3919 592 3984 Nicias
623 3920 777 4004 proponit
806 3916 878 4007 (83)
906 3918 1081 4002 βέλτιστον
1108 3918 1188 4002 ἡμῖν
1216 3907 1295 3999 αἷμα
1323 3918 1479 4019 ταύρειον
1505 3927 1605 4000 πιεῖν,
1620 3944 1648 3984 ιο

373 4027 440 4091 scil.
465 4027 553 4103 ὅπως
576 4026 619 4091 ἀν
642 4027 866 4108 ἀποθάνωμεν
889 4025 1119 4111 ἀνδρικώτατα
1140 4022 1213 4112 (81)
1233 4024 1466 4091 Demosthenes
1490 4024 1536 4087 ita
1559 4046 1606 4087 re-

373 4134 510 4217 spondet
533 4132 620 4220 (85),
648 4138 685 4198 ut
713 4134 748 4197 in
776 4134 908 4198 eandem
936 4132 1092 4198 orationis
1115 4134 1252 4197 formam
1276 4131 1467 4196 sententiam
1491 4131 1606 4195 fundat

373 4242 579 4326 contrariam,
606 4243 651 4325 μὰ
682 4240 744 4305 Δί’
772 4240 843 4305 ἀλλ’
875 4242 1020 4325 ἀκρατον
1048 4233 1158 4321 οἶνον,
1185 4240 1248 4304 hoc
1272 4244 1333 4324 est,
1361 4261 1427 4303 non
1449 4239 1606 4323 ταύρειον

373 4339 452 4429 αἷμα
475 4348 530 4411 sed
553 4350 698 4433 ἄκρατον
722 4341 817 4414 οἶνον
839 4348 919 4431 ἡμῖν
941 4346 1115 4429 βέλτιστον
1138 4358 1242 4412 πιεῖνε
1270 4347 1357 4431 quod
1380 4368 1443 4430 quo
1468 4344 1605 4412 consilio

372 4454 495 4538 iubeat,
522 4456 674 4539 quoniam
701 4478 767 4519 non
795 4457 907 4519 mortis
936 4453 1102 4518 obeundae
1130 4475 1238 4537 causa,
1267 4455 1352 4538 quod
1375 4453 1430 4518 ille
1452 4452 1607 4539 agitabat,

373 4562 595 4626 subindicatnr
619 4562 748 4645 quidem
772 4562 836 4626 iam
859 4562 965 4626 verbis
990 4560 1106 4624 additis
1130 4560 1261 4643 ἀγαθοῦ
1286 4560 1451 4643 δαίμονος,
1475 4561 1505 4626 h.
1526 4584 1551 4625 e.
1571 4561 1606 4624 in

371 4669 528 4733 honorem
555 4670 654 4733 fausti
681 4669 836 4752 numinis,
865 4668 920 4732 sed
948 4667 1031 4731 nihil
1059 4667 1164 4751 aptius
1189 4672 1258 4732 erat
1280 4669 1314 4732 in
1337 4668 1398 4733 hac
1421 4668 1605 4733 diversitate

372 4776 508 4856 consilii,
531 4798 627 4860 quam
647 4778 756 4841 statim
775 4776 849 4840 addi
868 4780 900 4839 et
919 4778 1029 4858 aperte
1047 4773 1119 4857 dici,
1143 4775 1211 4859 ipse
1231 4775 1309 4859 quid
1327 4780 1490 4860 exspectet
1508 4797 1527 4838 a
1546 4797 1604 4839 suo

372 4883 517 4966 consilio,
541 4905 605 4967 quo
633 4906 756 4948 merum
780 4883 900 4966 vinum,
923 4904 990 4946 non
1013 4881 1098 4946 tauri
1122 4885 1310 4967 sanguinem
1331 4883 1510 4967 potandum
1532 4903 1605 4967 pro-
