<?xml version="1.0" encoding="UTF-8"?>
<!DOCTYPE html PUBLIC "-//W3C//DTD XHTML 1.0 Transitional//EN"
    "http://www.w3.org/TR/xhtml1/DTD/xhtml1-transitional.dtd">
<html xmlns="http://www.w3.org/1999/xhtml" xml:lang="en" lang="en">
 <head>
  <title>
</title>
<meta http-equiv="Content-Type" content="text/html;charset=utf-8" />
  <meta name='ocr-system' content='tesseract 3.04.00' />
  <meta name='ocr-capabilities' content='ocr_page ocr_carea ocr_par ocr_line ocrx_word'/>
</head>
<body>
  <div class='ocr_page' id='page_1' title='image "./iohannisvahleni00vahlgoog/iohannisvahleni00vahlgoog_0164.png"; bbox 0 0 3967 5725; ppageno 0'>
   <div class='ocr_carea' id='block_1_1' title="bbox 756 615 2824 689">
    <p class='ocr_par' dir='ltr' id='par_1_1' title="bbox 756 615 2824 689">
     <span class='ocr_line' id='line_1_1' title="bbox 756 615 2824 689; baseline -0.002 -15"><span class='ocrx_word' id='word_1_1' title='bbox 756 621 882 685; x_wconf 81' lang='grc'><strong>156</strong></span> <span class='ocrx_word' id='word_1_2' title='bbox 1142 622 1258 673; x_wconf 87' lang='lat' dir='ltr'><strong>XL.</strong></span> <span class='ocrx_word' id='word_1_3' title='bbox 1298 622 1530 671; x_wconf 87' lang='lat' dir='ltr'>INDEX</span> <span class='ocrx_word' id='word_1_4' title='bbox 1566 620 1999 671; x_wconf 85' lang='lat' dir='ltr'>LECTIONUM</span> <span class='ocrx_word' id='word_1_5' title='bbox 2034 619 2519 670; x_wconf 80' lang='lat' dir='ltr'><strong>HIBERNARUM</strong></span> <span class='ocrx_word' id='word_1_6' title='bbox 2559 615 2824 689; x_wconf 80' lang='lat' dir='ltr'><strong>1894s95.</strong></span> 
     </span>
    </p>
   </div>
   <div class='ocr_carea' id='block_1_2' title="bbox 626 779 3236 3330">
    <p class='ocr_par' dir='ltr' id='par_1_2' title="bbox 626 779 3236 3330">
     <span class='ocr_line' id='line_1_2' title="bbox 1075 779 2680 863; baseline -0.002 -16"><span class='ocrx_word' id='word_1_7' title='bbox 1075 783 1213 848; x_wconf 82' lang='lat' dir='ltr'><strong>Hos</strong></span> <span class='ocrx_word' id='word_1_8' title='bbox 1258 784 1472 861; x_wconf 81' lang='lat' dir='ltr'><strong>etiam,</strong></span> <span class='ocrx_word' id='word_1_9' title='bbox 1517 782 1805 863; x_wconf 75' lang='lat' dir='ltr'><strong>quamvis</strong></span> <span class='ocrx_word' id='word_1_10' title='bbox 1850 782 2168 863; x_wconf 70' lang='lat' dir='ltr'><strong>eorrumpi</strong></span> <span class='ocrx_word' id='word_1_11' title='bbox 2212 802 2466 846; x_wconf 79' lang='lat' dir='ltr'><strong>manere</strong></span> <span class='ocrx_word' id='word_1_12' title='bbox 2510 779 2680 845; x_wconf 79' lang='lat' dir='ltr'><strong>nullo</strong></span> 
     </span>
     <span class='ocr_line' id='line_1_3' title="bbox 1077 888 2737 970; baseline -0.002 -16"><span class='ocrx_word' id='word_1_13' title='bbox 1077 889 1271 955; x_wconf 83' lang='lat' dir='ltr'><em>Posse</em></span> <span class='ocrx_word' id='word_1_14' title='bbox 1313 909 1526 970; x_wconf 47' lang='lat' dir='ltr'><strong>quea&amp;</strong></span> <span class='ocrx_word' id='word_1_15' title='bbox 1574 890 1813 954; x_wconf 71' lang='lat' dir='ltr'><strong>mirare</strong></span> <span class='ocrx_word' id='word_1_16' title='bbox 1856 888 2054 954; x_wconf 79' lang='lat' dir='ltr'><strong>libens</strong></span> <span class='ocrx_word' id='word_1_17' title='bbox 2100 908 2176 953; x_wconf 79' lang='lat' dir='ltr'><strong>ac</strong></span> <span class='ocrx_word' id='word_1_18' title='bbox 2218 889 2459 969; x_wconf 77' lang='lat' dir='ltr'><strong><em>suscipe</em></strong></span> <span class='ocrx_word' id='word_1_19' title='bbox 2503 889 2737 952; x_wconf 70' lang='lat' dir='ltr'><strong>einans</strong></span> 
     </span>
     <span class='ocr_line' id='line_1_4' title="bbox 751 993 3231 1082; baseline -0.002 -20"><span class='ocrx_word' id='word_1_20' title='bbox 751 1020 896 1063; x_wconf 85' lang='lat' dir='ltr'><strong>eum</strong></span> <span class='ocrx_word' id='word_1_21' title='bbox 944 1000 1128 1082; x_wconf 89' lang='lat' dir='ltr'><strong>parte</strong></span> <span class='ocrx_word' id='word_1_22' title='bbox 1175 996 1469 1061; x_wconf 77' lang='lat' dir='ltr'><strong>codicum</strong></span> <span class='ocrx_word' id='word_1_23' title='bbox 1515 996 1662 1060; x_wconf 78' lang='lat' dir='ltr'><strong>aliis</strong></span> <span class='ocrx_word' id='word_1_24' title='bbox 1703 996 1792 1060; x_wconf 84' lang='lat' dir='ltr'><strong>Te</strong></span> <span class='ocrx_word' id='word_1_25' title='bbox 1835 1001 2067 1060; x_wconf 54' lang='lat' dir='ltr'><strong>emtum</strong></span> <span class='ocrx_word' id='word_1_26' title='bbox 2114 1000 2203 1059; x_wconf 78' lang='lat' dir='ltr'><strong>est</strong></span> <span class='ocrx_word' id='word_1_27' title='bbox 2246 993 2730 1079; x_wconf 80' lang='lat' dir='ltr'><strong>exhibentibus3</strong></span> <span class='ocrx_word' id='word_1_28' title='bbox 2776 994 2890 1077; x_wconf 90' lang='lat' dir='ltr'><strong>qui</strong></span> <span class='ocrx_word' id='word_1_29' title='bbox 2937 993 3017 1057; x_wconf 86' lang='lat' dir='ltr'><strong>ad</strong></span> <span class='ocrx_word' id='word_1_30' title='bbox 3060 993 3231 1057; x_wconf 81' lang='lat' dir='ltr'><strong>hane</strong></span> 
     </span>
     <span class='ocr_line' id='line_1_5' title="bbox 753 1099 3230 1186; baseline -0.002 -17"><span class='ocrx_word' id='word_1_31' title='bbox 753 1104 1005 1171; x_wconf 76' lang='lat' dir='ltr'><strong>dicendi</strong></span> <span class='ocrx_word' id='word_1_32' title='bbox 1059 1104 1376 1168; x_wconf 86' lang='lat' dir='ltr'><strong>rationem</strong></span> <span class='ocrx_word' id='word_1_33' title='bbox 1425 1102 1877 1167; x_wconf 78' lang='lat' dir='ltr'><strong>stabiliendam</strong></span> <span class='ocrx_word' id='word_1_34' title='bbox 1922 1105 2179 1186; x_wconf 89' lang='lat' dir='ltr'><strong>praeter</strong></span> <span class='ocrx_word' id='word_1_35' title='bbox 2224 1099 2464 1167; x_wconf 83' lang='lat' dir='ltr'><strong>Catulli</strong></span> <span class='ocrx_word' id='word_1_36' title='bbox 2506 1123 2794 1184; x_wconf 82' lang='lat' dir='ltr'><strong>versum,</strong></span> <span class='ocrx_word' id='word_1_37' title='bbox 2850 1122 3041 1185; x_wconf 88' lang='lat' dir='ltr'><strong>quem</strong></span> <span class='ocrx_word' id='word_1_38' title='bbox 3086 1104 3230 1164; x_wconf 90' lang='lat' dir='ltr'><strong>tum</strong></span> 
     </span>
     <span class='ocr_line' id='line_1_6' title="bbox 753 1206 3232 1295; baseline -0.002 -20"><span class='ocrx_word' id='word_1_39' title='bbox 753 1210 1180 1295; x_wconf 79' lang='lat' dir='ltr'><strong>defendimuS,</strong></span> <span class='ocrx_word' id='word_1_40' title='bbox 1247 1231 1392 1274; x_wconf 84' lang='lat' dir='ltr'><strong>eum</strong></span> <span class='ocrx_word' id='word_1_41' title='bbox 1462 1210 1656 1295; x_wconf 86' lang='lat' dir='ltr'><strong>vulgo</strong></span> <span class='ocrx_word' id='word_1_42' title='bbox 1724 1210 2054 1274; x_wconf 71' lang='lat' dir='ltr'>crederent</span> <span class='ocrx_word' id='word_1_43' title='bbox 2120 1231 2248 1274; x_wconf 93' lang='lat' dir='ltr'><strong>non</strong></span> <span class='ocrx_word' id='word_1_44' title='bbox 2312 1209 2462 1274; x_wconf 80' lang='lat' dir='ltr'><strong>velle</strong></span> <span class='ocrx_word' id='word_1_45' title='bbox 2515 1208 2627 1273; x_wconf 89' lang='lat' dir='ltr'><strong>sed</strong></span> <span class='ocrx_word' id='word_1_46' title='bbox 2686 1208 2834 1273; x_wconf 83' lang='lat' dir='ltr'><strong>belle</strong></span> <span class='ocrx_word' id='word_1_47' title='bbox 2892 1206 3232 1291; x_wconf 79' lang='lat' dir='ltr'>scripsisse</span> 
     </span>
     <span class='ocr_line' id='line_1_7' title="bbox 751 1315 3230 1402; baseline -0.002 -19"><span class='ocrx_word' id='word_1_48' title='bbox 751 1321 1029 1402; x_wconf 83' lang='lat' dir='ltr'><strong>poetam,</strong></span> <span class='ocrx_word' id='word_1_49' title='bbox 1079 1337 1398 1401; x_wconf 80' lang='lat' dir='ltr'><strong>perpauca</strong></span> <span class='ocrx_word' id='word_1_50' title='bbox 1443 1338 1523 1380; x_wconf 84' lang='lat' dir='ltr'><strong>ex</strong></span> <span class='ocrx_word' id='word_1_51' title='bbox 1568 1316 1800 1381; x_wconf 79' lang='lat' dir='ltr'><strong>ultima</strong></span> <span class='ocrx_word' id='word_1_52' title='bbox 1844 1316 2199 1381; x_wconf 75' lang='lat' dir='ltr'><strong>Latinitate</strong></span> <span class='ocrx_word' id='word_1_53' title='bbox 2244 1320 2548 1400; x_wconf 84' lang='lat' dir='ltr'><strong>prompta</strong></span> <span class='ocrx_word' id='word_1_54' title='bbox 2593 1315 2840 1400; x_wconf 82' lang='lat' dir='ltr'><strong>attulit,</strong></span> <span class='ocrx_word' id='word_1_55' title='bbox 2885 1318 3110 1379; x_wconf 77' lang='lat' dir='ltr'><strong>nostra</strong></span> <span class='ocrx_word' id='word_1_56' title='bbox 3152 1318 3230 1379; x_wconf 89' lang='lat' dir='ltr'><strong>ut</strong></span> 
     </span>
     <span class='ocr_line' id='line_1_8' title="bbox 752 1421 3229 1509; baseline -0.001 -20"><span class='ocrx_word' id='word_1_57' title='bbox 752 1424 918 1490; x_wconf 90' lang='lat' dir='ltr'><strong>solet</strong></span> <span class='ocrx_word' id='word_1_58' title='bbox 955 1428 1352 1509; x_wconf 82' lang='lat' dir='ltr'><strong>aspernatus,</strong></span> <span class='ocrx_word' id='word_1_59' title='bbox 1436 1422 1561 1499; x_wconf 84' lang='lat' dir='ltr'><strong>Qui</strong></span> <span class='ocrx_word' id='word_1_60' title='bbox 1600 1421 1866 1508; x_wconf 83' lang='lat' dir='ltr'><strong>Corippi</strong></span> <span class='ocrx_word' id='word_1_61' title='bbox 1905 1424 2165 1507; x_wconf 89' lang='lat' dir='ltr'><strong>quidem</strong></span> <span class='ocrx_word' id='word_1_62' title='bbox 2206 1445 2451 1488; x_wconf 87' lang='lat' dir='ltr'><strong>memor</strong></span> <span class='ocrx_word' id='word_1_63' title='bbox 2485 1444 2623 1488; x_wconf 89' lang='lat' dir='ltr'><strong>esse</strong></span> <span class='ocrx_word' id='word_1_64' title='bbox 2660 1422 2893 1506; x_wconf 82' lang='lat' dir='ltr'><strong>potuit,</strong></span> <span class='ocrx_word' id='word_1_65' title='bbox 2938 1423 3006 1486; x_wconf 89' lang='lat' dir='ltr'><strong>in</strong></span> <span class='ocrx_word' id='word_1_66' title='bbox 3045 1422 3229 1486; x_wconf 85' lang='lat' dir='ltr'><strong>euius</strong></span> 
     </span>
     <span class='ocr_line' id='line_1_9' title="bbox 754 1530 2101 1616; baseline -0.002 -20"><span class='ocrx_word' id='word_1_67' title='bbox 754 1530 1111 1596; x_wconf 84' lang='lat' dir='ltr'><strong>Iohannide</strong></span> <span class='ocrx_word' id='word_1_68' title='bbox 1156 1530 1266 1595; x_wconf 88' lang='lat' dir='ltr'><strong>lib.</strong></span> <span class='ocrx_word' id='word_1_69' title='bbox 1307 1548 1380 1593; x_wconf 91' lang='lat' dir='ltr'><strong>v1</strong></span> <span class='ocrx_word' id='word_1_70' title='bbox 1412 1530 1538 1595; x_wconf 81' lang='lat'><strong>287</strong></span> <span class='ocrx_word' id='word_1_71' title='bbox 1588 1530 1748 1596; x_wconf 83' lang='lat' dir='ltr'><strong>haee</strong></span> <span class='ocrx_word' id='word_1_72' title='bbox 1781 1530 2101 1616; x_wconf 31' lang='lat' dir='ltr'><strong>‘leguntur</strong></span> 
     </span>
     <span class='ocr_line' id='line_1_10' title="bbox 1931 1637 2697 1721; baseline -0.001 -18"><span class='ocrx_word' id='word_1_73' title='bbox 1931 1659 2061 1703; x_wconf 84' lang='lat' dir='ltr'><strong>non</strong></span> <span class='ocrx_word' id='word_1_74' title='bbox 2106 1638 2239 1703; x_wconf 74' lang='lat' dir='ltr'><em>illis</em></span> <span class='ocrx_word' id='word_1_75' title='bbox 2281 1637 2518 1721; x_wconf 63' lang='lat' dir='ltr'><strong>fitnzhus</strong></span> <span class='ocrx_word' id='word_1_76' title='bbox 2560 1637 2697 1702; x_wconf 78' lang='lat' dir='ltr'><strong>ulla</strong></span> 
     </span>
     <span class='ocr_line' id='line_1_11' title="bbox 674 1744 2672 1827; baseline -0.002 -13"><span class='ocrx_word' id='word_1_77' title='bbox 674 1775 727 1814; x_wconf 86' lang='lat'><strong>10</strong></span> <span class='ocrx_word' id='word_1_78' title='bbox 1077 1745 1253 1809; x_wconf 82' lang='lat' dir='ltr'><strong>Aera</strong></span> <span class='ocrx_word' id='word_1_79' title='bbox 1286 1766 1407 1827; x_wconf 78' lang='lat' dir='ltr'><strong>per</strong></span> <span class='ocrx_word' id='word_1_80' title='bbox 1452 1744 1729 1809; x_wconf 78' lang='lat' dir='ltr'><strong>calidum</strong></span> <span class='ocrx_word' id='word_1_81' title='bbox 1773 1750 1992 1809; x_wconf 78' lang='lat' dir='ltr'><strong>tranat</strong></span> <span class='ocrx_word' id='word_1_82' title='bbox 2033 1764 2333 1826; x_wconf 76' lang='lat' dir='ltr'><strong>suspensa</strong></span> <span class='ocrx_word' id='word_1_83' title='bbox 2377 1744 2672 1824; x_wconf 79' lang='lat' dir='ltr'><strong>volueris,</strong></span> 
     </span>
     <span class='ocr_line' id='line_1_12' title="bbox 1077 1852 2781 1935; baseline 0 -18"><span class='ocrx_word' id='word_1_84' title='bbox 1077 1852 1375 1935; x_wconf 73' lang='lat' dir='ltr'><strong>Armiyer</strong></span> <span class='ocrx_word' id='word_1_85' title='bbox 1419 1853 1551 1935; x_wconf 77' lang='lat' dir='ltr'><strong>ipse</strong></span> <span class='ocrx_word' id='word_1_86' title='bbox 1595 1852 1792 1930; x_wconf 84' lang='lat' dir='ltr'><strong><em>Iovis,</em></strong></span> <span class='ocrx_word' id='word_1_87' title='bbox 1828 1857 2048 1933; x_wconf 78' lang='lat' dir='ltr'><strong>portat</strong></span> <span class='ocrx_word' id='word_1_88' title='bbox 2090 1853 2200 1933; x_wconf 76' lang='lat' dir='ltr'><strong>qui</strong></span> <span class='ocrx_word' id='word_1_89' title='bbox 2239 1852 2537 1933; x_wconf 74' lang='lat' dir='ltr'><strong>fulminis</strong></span> <span class='ocrx_word' id='word_1_90' title='bbox 2581 1853 2781 1933; x_wconf 72' lang='lat' dir='ltr'><strong>iyneS,</strong></span> 
     </span>
     <span class='ocr_line' id='line_1_13' title="bbox 1089 1960 2615 2041; baseline 0 -17"><span class='ocrx_word' id='word_1_91' title='bbox 1089 1960 1213 2024; x_wconf 79' lang='lat' dir='ltr'><strong>Vix</strong></span> <span class='ocrx_word' id='word_1_92' title='bbox 1257 1961 1512 2041; x_wconf 78' lang='lat' dir='ltr'><strong>impune</strong></span> <span class='ocrx_word' id='word_1_93' title='bbox 1543 1964 1745 2041; x_wconf 77' lang='lat' dir='ltr'><strong>potest</strong></span> <span class='ocrx_word' id='word_1_94' title='bbox 1783 1960 2082 2040; x_wconf 79' lang='lat' dir='ltr'><strong>ferventis</strong></span> <span class='ocrx_word' id='word_1_95' title='bbox 2126 1960 2413 2041; x_wconf 72' lang='lat' dir='ltr'><strong>maa-qine</strong></span> <span class='ocrx_word' id='word_1_96' title='bbox 2457 1960 2615 2025; x_wconf 79' lang='lat' dir='ltr'><strong>caeli</strong></span> 
     </span>
     <span class='ocr_line' id='line_1_14' title="bbox 1078 2066 2736 2148; baseline 0 -17"><span class='ocrx_word' id='word_1_97' title='bbox 1078 2066 1396 2131; x_wconf 84' lang='lat' dir='ltr'><strong>Flamina</strong></span> <span class='ocrx_word' id='word_1_98' title='bbox 1431 2087 1614 2148; x_wconf 78' lang='lat' dir='ltr'><strong>posse</strong></span> <span class='ocrx_word' id='word_1_99' title='bbox 1646 2068 1816 2147; x_wconf 79' lang='lat' dir='ltr'><strong>pati,</strong></span> <span class='ocrx_word' id='word_1_100' title='bbox 1864 2087 2024 2148; x_wconf 80' lang='lat' dir='ltr'><strong>quae</strong></span> <span class='ocrx_word' id='word_1_101' title='bbox 2066 2071 2265 2131; x_wconf 80' lang='lat' dir='ltr'><strong>terror</strong></span> <span class='ocrx_word' id='word_1_102' title='bbox 2313 2068 2497 2132; x_wconf 77' lang='lat' dir='ltr'><strong>iussit</strong></span> <span class='ocrx_word' id='word_1_103' title='bbox 2540 2068 2736 2133; x_wconf 79' lang='lat' dir='ltr'><strong>adire.</strong></span> 
     </span>
     <span class='ocr_line' id='line_1_15' title="bbox 754 2170 3234 2265; baseline 0.002 -29"><span class='ocrx_word' id='word_1_104' title='bbox 754 2170 926 2237; x_wconf 83' lang='lat' dir='ltr'><strong>Nam</strong></span> <span class='ocrx_word' id='word_1_105' title='bbox 974 2174 1160 2265; x_wconf 33' lang='lat' dir='ltr'><strong>quod·</strong></span> <span class='ocrx_word' id='word_1_106' title='bbox 1192 2172 1570 2238; x_wconf 83' lang='lat' dir='ltr'><strong>Partsehius</strong></span> <span class='ocrx_word' id='word_1_107' title='bbox 1617 2173 1695 2237; x_wconf 89' lang='lat' dir='ltr'><strong>de</strong></span> <span class='ocrx_word' id='word_1_108' title='bbox 1741 2171 2017 2258; x_wconf 86' lang='lat' dir='ltr'><strong>Hauptii</strong></span> <span class='ocrx_word' id='word_1_109' title='bbox 2065 2174 2433 2238; x_wconf 82' lang='lat' dir='ltr'><strong>coniectura</strong></span> <span class='ocrx_word' id='word_1_110' title='bbox 2479 2174 2680 2237; x_wconf 78' lang='lat' dir='ltr'><strong>edidit</strong></span> <span class='ocrx_word' id='word_1_111' title='bbox 2717 2174 3035 2239; x_wconf 78' lang='lat' dir='ltr'><strong>Flamina</strong></span> <span class='ocrx_word' id='word_1_112' title='bbox 3070 2180 3234 2240; x_wconf 77' lang='lat' dir='ltr'><strong>tosta</strong></span> 
     </span>
     <span class='ocr_line' id='line_1_16' title="bbox 742 2278 3231 2367; baseline 0 -23"><span class='ocrx_word' id='word_1_113' title='bbox 742 2281 893 2361; x_wconf 77' lang='lat' dir='ltr'><strong>pati</strong></span> <span class='ocrx_word' id='word_1_114' title='bbox 936 2279 1305 2344; x_wconf 79' lang='lat' dir='ltr'><strong>dubitamus</strong></span> <span class='ocrx_word' id='word_1_115' title='bbox 1344 2302 1536 2364; x_wconf 89' lang='lat' dir='ltr'><strong>quam</strong></span> <span class='ocrx_word' id='word_1_116' title='bbox 1572 2302 1722 2345; x_wconf 81' lang='lat' dir='ltr'><strong>vere</strong></span> <span class='ocrx_word' id='word_1_117' title='bbox 1756 2281 2066 2365; x_wconf 81' lang='lat' dir='ltr'><strong>posuerit.</strong></span> <span class='ocrx_word' id='word_1_118' title='bbox 2139 2278 2372 2364; x_wconf 82' lang='lat' dir='ltr'><strong>Neque</strong></span> <span class='ocrx_word' id='word_1_119' title='bbox 2408 2280 2568 2345; x_wconf 85' lang='lat' dir='ltr'><strong>haee</strong></span> <span class='ocrx_word' id='word_1_120' title='bbox 2604 2282 2930 2346; x_wconf 81' lang='lat' dir='ltr'><strong>veteribus</strong></span> <span class='ocrx_word' id='word_1_121' title='bbox 2967 2282 3231 2367; x_wconf 90' lang='lat' dir='ltr'><strong>propria</strong></span> 
     </span>
     <span class='ocr_line' id='line_1_17' title="bbox 754 2385 3235 2472; baseline 0.001 -20"><span class='ocrx_word' id='word_1_122' title='bbox 754 2390 933 2471; x_wconf 84' lang='lat' dir='ltr'><strong>sunt3</strong></span> <span class='ocrx_word' id='word_1_123' title='bbox 969 2385 1378 2472; x_wconf 83' lang='lat' dir='ltr'><strong>Francogalh&#39;</strong></span> <span class='ocrx_word' id='word_1_124' title='bbox 1417 2387 1676 2472; x_wconf 90' lang='lat' dir='ltr'><strong>quidem</strong></span> <span class='ocrx_word' id='word_1_125' title='bbox 1715 2388 1807 2452; x_wconf 88' lang='lat' dir='ltr'><strong>ita</strong></span> <span class='ocrx_word' id='word_1_126' title='bbox 1844 2386 2147 2451; x_wconf 86' lang='lat' dir='ltr'><strong>dixerunt</strong></span> <span class='ocrx_word' id='word_1_127' title='bbox 2184 2394 2379 2453; x_wconf 78' lang='lat' dir='ltr'><strong>avant</strong></span> <span class='ocrx_word' id='word_1_128' title='bbox 2404 2409 2534 2470; x_wconf 79' lang='lat' dir='ltr'><strong>que,</strong></span> <span class='ocrx_word' id='word_1_129' title='bbox 2572 2389 2740 2454; x_wconf 83' lang='lat' dir='ltr'><strong>selon</strong></span> <span class='ocrx_word' id='word_1_130' title='bbox 2765 2410 2856 2453; x_wconf 76' lang='lat' dir='ltr'><strong>un</strong></span> <span class='ocrx_word' id='word_1_131' title='bbox 2870 2388 3235 2471; x_wconf 78' lang='lat' dir='ltr'><strong>ple&#39;onasme</strong></span> 
     </span>
     <span class='ocr_line' id='line_1_18' title="bbox 754 2494 3228 2576; baseline 0.002 -19"><span class='ocrx_word' id='word_1_132' title='bbox 754 2494 895 2558; x_wconf 80' lang='lat' dir='ltr'><strong>bien</strong></span> <span class='ocrx_word' id='word_1_133' title='bbox 947 2495 1260 2575; x_wconf 76' lang='lat' dir='ltr'><strong>expressis</strong></span> <span class='ocrx_word' id='word_1_134' title='bbox 1258 2543 1274 2571; x_wconf 93' lang='lat'><strong><em>,</em></strong></span> <span class='ocrx_word' id='word_1_135' title='bbox 1329 2494 1380 2558; x_wconf 84' lang='lat' dir='ltr'><strong>il</strong></span> <span class='ocrx_word' id='word_1_136' title='bbox 1433 2514 1497 2559; x_wconf 84' lang='lat' dir='ltr'><strong>se</strong></span> <span class='ocrx_word' id='word_1_137' title='bbox 1545 2496 1650 2576; x_wconf 63' lang='lat' dir='ltr'><strong>fat</strong></span> <span class='ocrx_word' id='word_1_138' title='bbox 1702 2495 1921 2559; x_wconf 64' lang='lat' dir='ltr'><strong>decide</strong></span> <span class='ocrx_word' id='word_1_139' title='bbox 1966 2496 2009 2560; x_wconf 80' lang='grc' dir='ltr'><em>ἀ</em></span> <span class='ocrx_word' id='word_1_140' title='bbox 2063 2516 2127 2561; x_wconf 83' lang='lat' dir='ltr'><strong>se</strong></span> <span class='ocrx_word' id='word_1_141' title='bbox 2174 2496 2443 2574; x_wconf 80' lang='lat' dir='ltr'><strong>de&#39;cider,</strong></span> <span class='ocrx_word' id='word_1_142' title='bbox 2501 2499 2566 2560; x_wconf 91' lang='lat' dir='ltr'><strong>et</strong></span> <span class='ocrx_word' id='word_1_143' title='bbox 2613 2494 2926 2561; x_wconf 83' lang='lat' dir='ltr'><strong>Goethius</strong></span> <span class='ocrx_word' id='word_1_144' title='bbox 2972 2499 3228 2561; x_wconf 85' lang='lat' dir='ltr'><strong>nostras</strong></span> 
     </span>
     <span class='ocr_line' id='line_1_19' title="bbox 752 2597 3234 2686; baseline 0.002 -23"><span class='ocrx_word' id='word_1_145' title='bbox 752 2597 1095 2664; x_wconf 84' lang='lat' dir='ltr'><strong>Famulum</strong></span> <span class='ocrx_word' id='word_1_146' title='bbox 1161 2599 1228 2663; x_wconf 91' lang='lat' dir='ltr'><strong>in</strong></span> <span class='ocrx_word' id='word_1_147' title='bbox 1283 2598 1524 2665; x_wconf 87' lang='lat' dir='ltr'><strong>Fausto</strong></span> <span class='ocrx_word' id='word_1_148' title='bbox 1581 2602 1676 2667; x_wconf 80' lang='lat' dir='ltr'><strong>sic</strong></span> <span class='ocrx_word' id='word_1_149' title='bbox 1729 2600 1887 2666; x_wconf 81' lang='lat' dir='ltr'><strong>facit</strong></span> <span class='ocrx_word' id='word_1_150' title='bbox 1940 2603 2313 2686; x_wconf 89' lang='lat' dir='ltr'><strong>loquentem</strong></span> <span class='ocrx_word' id='word_1_151' title='bbox 2367 2602 2559 2667; x_wconf 75' lang='lat' dir='ltr'><strong>kaam</strong></span> <span class='ocrx_word' id='word_1_152' title='bbox 2612 2605 2775 2685; x_wconf 63' lang='lat' dir='ltr'><strong>‘way&#39;</strong></span> <span class='ocrx_word' id='word_1_153' title='bbox 2827 2603 3001 2683; x_wconf 79' lang='lat' dir='ltr'><strong>ich’s,</strong></span> <span class='ocrx_word' id='word_1_154' title='bbox 3066 2604 3234 2668; x_wconf 76' lang='lat' dir='ltr'><strong>mich</strong></span> 
     </span>
     <span class='ocr_line' id='line_1_20' title="bbox 626 2706 3235 2799; baseline 0.002 -29"><span class='ocrx_word' id='word_1_155' title='bbox 626 2730 723 2799; x_wconf 47' lang='grc' dir='ltr'><strong>χ’</strong></span> <span class='ocrx_word' id='word_1_156' title='bbox 753 2706 1288 2788; x_wconf 71' lang='lat' dir='ltr'><strong>hereinzuwayen‚</strong></span> <span class='ocrx_word' id='word_1_157' title='bbox 1353 2708 1543 2790; x_wconf 86' lang='lat' dir='ltr'><strong>plane</strong></span> <span class='ocrx_word' id='word_1_158' title='bbox 1607 2710 1681 2772; x_wconf 89' lang='lat' dir='ltr'><strong>ut</strong></span> <span class='ocrx_word' id='word_1_159' title='bbox 1735 2706 2008 2773; x_wconf 89' lang='lat' dir='ltr'><strong>Plautus</strong></span> <span class='ocrx_word' id='word_1_160' title='bbox 2018 2761 2036 2794; x_wconf 82' lang='lat'><em>‚</em></span> <span class='ocrx_word' id='word_1_161' title='bbox 2101 2731 2291 2793; x_wconf 91' lang='lat' dir='ltr'><strong>quem</strong></span> <span class='ocrx_word' id='word_1_162' title='bbox 2346 2709 2385 2774; x_wconf 95' lang='grc'><strong>1.</strong></span> <span class='ocrx_word' id='word_1_163' title='bbox 2426 2732 2472 2774; x_wconf 87' lang='lat' dir='ltr'><strong>s.</strong></span> <span class='ocrx_word' id='word_1_164' title='bbox 2512 2731 2557 2774; x_wconf 89' lang='lat' dir='ltr'><strong>s.</strong></span> <span class='ocrx_word' id='word_1_165' title='bbox 2616 2710 2980 2794; x_wconf 84' lang='lat' dir='ltr'><strong>attulimus,</strong></span> <span class='ocrx_word' id='word_1_166' title='bbox 3038 2732 3235 2793; x_wconf 76' lang='lat' dir='ltr'><strong>neque</strong></span> 
     </span>
     <span class='ocr_line' id='line_1_21' title="bbox 675 2814 3230 2901; baseline 0.002 -23"><span class='ocrx_word' id='word_1_167' title='bbox 675 2844 729 2886; x_wconf 64' lang='grc' dir='ltr'><strong>ς.)</strong></span> <span class='ocrx_word' id='word_1_168' title='bbox 755 2814 974 2879; x_wconf 69' lang='lat' dir='ltr'><strong>conam·</strong></span> <span class='ocrx_word' id='word_1_169' title='bbox 1022 2814 1092 2879; x_wconf 78' lang='lat' dir='ltr'><strong>id</strong></span> <span class='ocrx_word' id='word_1_170' title='bbox 1129 2814 1335 2895; x_wconf 77' lang='lat' dir='ltr'><strong>facere</strong></span> <span class='ocrx_word' id='word_1_171' title='bbox 1379 2816 1700 2881; x_wconf 74' lang='lat' dir='ltr'><strong>audebatis</strong></span> <span class='ocrx_word' id='word_1_172' title='bbox 1733 2817 1942 2900; x_wconf 77' lang='lat' dir='ltr'><strong>prius,</strong></span> <span class='ocrx_word' id='word_1_173' title='bbox 1986 2816 2091 2881; x_wconf 83' lang='lat' dir='ltr'><strong>vel</strong></span> <span class='ocrx_word' id='word_1_174' title='bbox 2129 2814 2385 2901; x_wconf 84' lang='lat' dir='ltr'><strong>Seneca,</strong></span> <span class='ocrx_word' id='word_1_175' title='bbox 2432 2816 2509 2882; x_wconf 89' lang='lat' dir='ltr'><strong>de</strong></span> <span class='ocrx_word' id='word_1_176' title='bbox 2557 2838 2684 2901; x_wconf 91' lang='lat' dir='ltr'><strong>quo</strong></span> <span class='ocrx_word' id='word_1_177' title='bbox 2733 2817 2979 2883; x_wconf 86' lang='lat' dir='ltr'><strong>dictum</strong></span> <span class='ocrx_word' id='word_1_178' title='bbox 3026 2820 3123 2884; x_wconf 90' lang='lat' dir='ltr'><strong>est</strong></span> <span class='ocrx_word' id='word_1_179' title='bbox 3138 2852 3144 2855; x_wconf 90' lang='lat'>·</span> <span class='ocrx_word' id='word_1_180' title='bbox 3160 2818 3230 2883; x_wconf 87' lang='lat' dir='ltr'><strong>in</strong></span> 
     </span>
     <span class='ocr_line' id='line_1_22' title="bbox 753 2919 3236 3008; baseline 0.003 -25"><span class='ocrx_word' id='word_1_181' title='bbox 753 2920 1154 3006; x_wconf 84' lang='lat' dir='ltr'><strong>praefatione</strong></span> <span class='ocrx_word' id='word_1_182' title='bbox 1202 2919 1478 2987; x_wconf 84' lang='lat' dir='ltr'><strong>Senecae</strong></span> <span class='ocrx_word' id='word_1_183' title='bbox 1521 2920 1845 2988; x_wconf 84' lang='lat' dir='ltr'><strong>Koehiani</strong></span> <span class='ocrx_word' id='word_1_184' title='bbox 1889 2947 1952 3008; x_wconf 88' lang='lat' dir='ltr'><strong>p.</strong></span> <span class='ocrx_word' id='word_1_185' title='bbox 1991 2942 2091 3003; x_wconf 82' lang='lat' dir='ltr'><strong>lx,</strong></span> <span class='ocrx_word' id='word_1_186' title='bbox 2145 2926 2564 3007; x_wconf 63' lang='lat' dir='ltr'><strong>respicientem</strong></span> <span class='ocrx_word' id='word_1_187' title='bbox 2620 2927 2710 2991; x_wconf 82' lang='lat' dir='ltr'><strong>ad</strong></span> <span class='ocrx_word' id='word_1_188' title='bbox 2760 2932 3028 2991; x_wconf 76' lang='lat' dir='ltr'><strong>naturae</strong></span> <span class='ocrx_word' id='word_1_189' title='bbox 3080 2946 3236 2991; x_wconf 79' lang='lat' dir='ltr'><strong>suae</strong></span> 
     </span>
     <span class='ocr_line' id='line_1_23' title="bbox 757 3028 1718 3112; baseline 0.002 -20"><span class='ocrx_word' id='word_1_190' title='bbox 757 3029 922 3092; x_wconf 58' lang='lat' dir='ltr'><strong>vtres</strong></span> <span class='ocrx_word' id='word_1_191' title='bbox 965 3029 1183 3093; x_wconf 69' lang='lat' dir='ltr'><strong>coum</strong></span> <span class='ocrx_word' id='word_1_192' title='bbox 1227 3028 1361 3094; x_wconf 86' lang='lat' dir='ltr'><strong>alta</strong></span> <span class='ocrx_word' id='word_1_193' title='bbox 1406 3036 1718 3112; x_wconf 67' lang='lat' dir='ltr'><strong>temptare.</strong></span> 
     </span>
     <span class='ocr_line' id='line_1_24' title="bbox 939 3134 3233 3224; baseline 0.002 -24"><span class='ocrx_word' id='word_1_194' title='bbox 939 3134 1064 3200; x_wconf 85' lang='lat' dir='ltr'><strong>Sed</strong></span> <span class='ocrx_word' id='word_1_195' title='bbox 1104 3136 1543 3201; x_wconf 81' lang='lat' dir='ltr'><strong>subsistimus:</strong></span> <span class='ocrx_word' id='word_1_196' title='bbox 1591 3138 1750 3202; x_wconf 90' lang='lat' dir='ltr'><strong>satis</strong></span> <span class='ocrx_word' id='word_1_197' title='bbox 1788 3137 1956 3211; x_wconf 89' lang='lat' dir='ltr'><strong>enim</strong></span> <span class='ocrx_word' id='word_1_198' title='bbox 1998 3159 2073 3202; x_wconf 82' lang='lat' dir='ltr'><strong>ae</strong></span> <span class='ocrx_word' id='word_1_199' title='bbox 2107 3139 2382 3204; x_wconf 85' lang='lat' dir='ltr'><strong>fortasse</strong></span> <span class='ocrx_word' id='word_1_200' title='bbox 2416 3139 2567 3224; x_wconf 89' lang='lat' dir='ltr'><strong>plus</strong></span> <span class='ocrx_word' id='word_1_201' title='bbox 2606 3139 2799 3205; x_wconf 90' lang='lat' dir='ltr'><strong>etiam</strong></span> <span class='ocrx_word' id='word_1_202' title='bbox 2839 3161 3034 3224; x_wconf 91' lang='lat' dir='ltr'><strong>quam</strong></span> <span class='ocrx_word' id='word_1_203' title='bbox 3072 3141 3233 3205; x_wconf 82' lang='lat' dir='ltr'><strong>satis</strong></span> 
     </span>
     <span class='ocr_line' id='line_1_25' title="bbox 758 3242 2725 3330; baseline 0.003 -24"><span class='ocrx_word' id='word_1_204' title='bbox 758 3242 1177 3308; x_wconf 85' lang='lat' dir='ltr'><strong>minutiarum</strong></span> <span class='ocrx_word' id='word_1_205' title='bbox 1224 3242 1618 3330; x_wconf 80' lang='lat' dir='ltr'><strong>collegimus.</strong></span> <span class='ocrx_word' id='word_1_206' title='bbox 1702 3243 1834 3311; x_wconf 84' lang='lat' dir='ltr'><strong>Ser.</strong></span> <span class='ocrx_word' id='word_1_207' title='bbox 1874 3267 1956 3310; x_wconf 90' lang='lat' dir='ltr'><strong>m.</strong></span> <span class='ocrx_word' id='word_1_208' title='bbox 1996 3245 2171 3310; x_wconf 89' lang='lat' dir='ltr'><strong>Maio</strong></span> <span class='ocrx_word' id='word_1_209' title='bbox 2210 3269 2263 3310; x_wconf 91' lang='lat' dir='ltr'><strong>a.</strong></span> <span class='ocrx_word' id='word_1_210' title='bbox 2302 3262 2725 3311; x_wconf 83' lang='lat' dir='ltr'><strong>MDcccxclv.</strong></span> 
     </span>
    </p>
   </div>
  </div>
 </body>
</html>
