3967 5725
416 631 482 695 370
650 633 696 685 LI.
715 632 832 683 INDEX
849 631 1064 683 Lucflomm
1082 632 1314 686 AESTIVARUM
1333 635 1412 684 190⁰.

413 799 463 859 est
490 795 569 880 quin
596 794 679 858 idem
704 796 737 858 et
759 790 912 878 Gorgiam
934 792 1114 877 sophistam
1138 793 1302 878 appellare
1325 797 1358 857 et
1381 791 1521 877 Hippiae
1544 798 1647 858 artem

413 901 632 986 sophistarum
655 904 756 965 artem
778 901 934 984 potuerit:
957 900 1037 965 adeo
1056 899 1136 964 haec
1153 900 1217 965 tria
1235 900 1320 964 inter
1338 921 1373 964 se
1392 901 1588 985 conspirant,
1610 905 1650 966 ut

412 1012 515 1074 semet
536 1007 675 1073 invicem
698 1008 799 1072 tutari
816 1006 994 1072 videantur.
1031 1005 1156 1084 Quibus
1176 1007 1273 1072 etiam
1293 1011 1443 1090 quartum
1462 1007 1497 1071 in
1515 1008 1648 1072 eandem

413 1115 604 1181 sententiam
633 1115 706 1179 addi
734 1114 824 1199 licet,
851 1115 880 1178 si
908 1115 1039 1199 quidem
1066 1114 1218 1179 credibile
1243 1117 1293 1178 est
1316 1112 1481 1179 Socratem
1505 1137 1587 1199 quae
1610 1115 1649 1180 de

411 1220 626 1309 Anaxagorae
644 1221 771 1288 incuria
788 1220 974 1285 divitiarum
993 1221 1072 1285 dicit
1091 1220 1136 1309 (p.
1151 1221 1181 1303 3,
1196 1219 1265 1308 24),
1283 1220 1389 1297 οὑτως
1407 1221 1509 1286 αὑτὸν
1526 1221 1648 1305 ἀνόητα

413 1331 667 1411 σοφίζεσθαι,
692 1349 759 1392 non
781 1328 1002 1393 immemorem
1027 1327 1245 1412 sophistarum
1268 1350 1346 1392 usus
1369 1327 1497 1393 dixisse.
1533 1327 1648 1411 Neque

412 1440 542 1502 nostrae
560 1436 739 1500 sententiae
756 1457 934 1520 repugnare
954 1435 1081 1518 dixeris,
1101 1434 1189 1519 quod
1207 1434 1367 1519 Socrates,
1385 1457 1466 1519 quos
1486 1435 1647 1519 sophistas

412 1564 481 1608 esse
500 1542 613 1626 voluit,
630 1562 874 1626 nonnumquam
893 1543 1021 1625 σοφούς
1039 1563 1213 1626 eorumque
1232 1546 1333 1606 artem
1353 1546 1479 1626 σοφίαν
1496 1541 1647 1626 appellat,

412 1649 502 1715 velut
515 1672 547 1733 p.
561 1650 592 1734 8,
606 1649 648 1713 21
665 1649 762 1715 δπύτε
775 1661 910 1734 πρῶτον
922 1648 1018 1731 ὑμῶν
1031 1673 1077 1738 τφ
1090 1660 1158 1714 τῶν
1173 1659 1290 1733 σοφῶν
1304 1649 1485 1734 ἐντύχοιμι,
1499 1672 1530 1733 p.
1541 1650 1593 1733 33,
1605 1649 1646 1714 19

373 1782 399 1821 ιο
412 1757 494 1842 ὑμῖν
511 1766 582 1833 τοῖς
600 1767 726 1840 σοφοῖς.
759 1754 885 1841 Quippe
904 1759 1050 1822 vetustos
1068 1757 1142 1821 illos
1156 1757 1318 1841 sapientes
1332 1759 1364 1819 et
1378 1755 1438 1821 hos
1452 1757 1646 1840 posteriores

412 1885 495 1948 quos
523 1862 684 1948 sophistas
710 1863 790 1929 dicit
811 1885 876 1929 uno
900 1884 1017 1949 genere
1041 1863 1246 1946 amplectitur
1269 1868 1522 1947 cunctorumque
1544 1867 1646 1928 artem
1661 1872 1699 1927 lt

412 1974 534 2056 σοφίας
552 1971 684 2036 nomine
702 1971 743 2035 ab
762 1971 885 2036 artibus
904 1972 1118 2056 δημιουργῶν
1132 1971 1362 2057 segregandam
1378 1969 1506 2034 indicat.
1531 1969 1647 2047 Quam-

412 2077 523 2144 obrem
555 2079 583 2142 si
616 2079 688 2163 quis
721 2078 819 2143 verba
849 2079 911 2162 τὴν
937 2089 1008 2143 τῶν
1035 2089 1206 2162 σοφιστῶν
1234 2077 1353 2161 τέχνην
1381 2080 1490 2142 tamen
1516 2078 1647 2142 exulare

411 2186 516 2270 cupit,
545 2184 665 2250 omisso
689 2184 907 2269 sophistarum
930 2184 1074 2268 nomine,
1104 2205 1168 2268 quo
1191 2183 1276 2249 nihil
1297 2183 1468 2269 probatur,
1492 2205 1530 2249 eo
1552 2206 1646 2270 argu·

411 2295 521 2358 mento
544 2295 657 2357 utatur
679 2314 743 2376 quo
767 2314 844 2357 usus
868 2296 918 2356 est
940 2292 1009 2376 ipse
1027 2291 1185 2376 Naberus,
1208 2295 1241 2356 et
1264 2312 1328 2374 quo
1352 2295 1475 2356 ceteros
1499 2292 1646 2375 quamvis

411 2399 509 2465 tacite
532 2399 605 2463 duci
626 2398 801 2463 verisimile
819 2401 877 2483 est,
900 2401 938 2462 ut
955 2397 1036 2464 haec
1054 2421 1124 2464 esse
1143 2419 1378 2484 supervacanea
1396 2398 1545 2482 affirmet,
1568 2419 1646 2482 quo-

410 2505 498 2570 niam
522 2527 603 2589 quae
622 2526 674 2569 ars
694 2503 819 2570 dicatur
837 2525 1017 2588 pronomen
1034 2507 1141 2589 ipsum
1160 2502 1236 2592 (τὴν
1254 2502 1431 2591 ὑμετέραν)
1450 2505 1528 2572 satis
1547 2506 1647 2592 signi·

410 2611 493 2676 ficet.
526 2609 614 2688 Quae
634 2610 729 2676 nobis
748 2610 864 2677 debilis
882 2633 951 2676 esse
969 2612 1142 2678 admodum
1161 2613 1398 2697 argumentatio
1417 2613 1554 2697 videtur,
1572 2612 1645 2677 tolli

411 2719 568 2804 quaedam
595 2722 633 2784 ut
660 2719 770 2802 spuria
794 2740 861 2784 non
883 2719 948 2784 alia
970 2720 1009 2785 de
1033 2740 1129 2785 causa
1153 2740 1250 2803 quam
1274 2719 1361 2803 quod
1383 2718 1424 2783 iis
1449 2721 1553 2784 oratio
1576 2741 1646 2784 seu-

372 2826 552 2892 rotentiave
580 2845 687 2892 carere
714 2826 864 2911 potuerit.
901 2824 946 2893 Et
972 2828 1035 2893 hoc
1061 2828 1134 2893 loco
1163 2848 1357 2911 quamquam
1383 2826 1556 2893 obscurum
1579 2848 1647 2892 non

412 2936 480 3000 erat
500 2955 564 3018 quo
583 2935 729 2999 tenderet
745 2955 924 3018 pronomen
944 2932 1020 3021 (τὴν
1037 2931 1224 3021 ὑμετέραν),
1242 2938 1352 2998 tamen
1371 2938 1403 2998 et
1420 2935 1484 2999 hoc
1498 2938 1646 3019 reputan-

411 3040 488 3105 dum
508 3046 566 3126 est,
589 3063 663 3106 oum
681 3040 761 3106 haec
779 3063 830 3107 ars
849 3063 922 3106 cum
940 3042 1013 3106 aliis
1032 3040 1157 3107 artibus
1176 3040 1396 3124 contendatur,
1414 3062 1479 3106 non
1499 3042 1645 3125 ineptum

410 3147 510 3214 fuisse
528 3169 600 3213 eam
618 3148 760 3233 apertius
780 3148 964 3235 significari,
984 3170 1087 3232 neque
1103 3147 1199 3212 nihili
1213 3169 1284 3213 esse
1297 3147 1561 3232 aequabilitatem
1576 3170 1647 3212 ora-

411 3254 520 3338 tionis,
544 3276 640 3337 quam
664 3254 773 3319 addite
795 3254 893 3319 verba
914 3276 981 3319 non
1003 3254 1118 3319 leviter
1141 3254 1292 3321 adiuvare
1316 3258 1461 3339 apparet:
1485 3254 1571 3319 οὑτοι
1590 3256 1647 3320 καί

411 3363 472 3447 τὴν
494 3360 658 3447 ὑμετέραν
680 3364 753 3446 τὴν
775 3373 852 3428 τῶν
871 3373 1072 3445 σοφιστῶν
1091 3359 1211 3447 τέχνην
1229 3360 1466 3427 ἐπιδεδωκέναι
1485 3362 1539 3427 καί
1558 3357 1645 3427 εἶναι

410 3480 478 3534 τῶν
497 3467 643 3554 ἀρχαίων
661 3471 754 3546 τοὺς
771 3468 861 3555 περὶ
880 3471 951 3554 τὴν
969 3471 1117 3554 σοφίαν
1135 3470 1288 3552 φαύλους
1301 3470 1384 3551 πρὸς
1396 3468 1491 3553 ὑμᾶς.
1520 3466 1645 3545 Quibus

410 3574 596 3662 praemissis
614 3578 712 3660 paulo
731 3580 806 3661 post
824 3574 897 3663 (19)
917 3578 996 3643 satis
1016 3579 1083 3641 erat
1102 3575 1165 3642 dici
1178 3576 1275 3660 ὑμῶν
1288 3574 1488 3641 ἐπιδέδωκεν
1502 3575 1522 3658 ἡ
1537 3574 1645 3659 τέχνη.

501 3680 564 3748 Sed
587 3682 774 3749 diiudicatio
799 3685 826 3748 si
850 3707 914 3767 qua
937 3688 986 3750 est
1008 3704 1122 3749 causae
1145 3704 1211 3747 non
1233 3686 1342 3768 potest
1362 3682 1503 3768 pendere
1520 3681 1584 3747 nisi
1603 3682 1645 3747 ab

410 3790 578 3875 explorato
601 3811 663 3855 usu
685 3790 866 3875 scriptoris:
890 3812 953 3874 qua
976 3790 1011 3854 in
1033 3812 1067 3853 re
1092 3789 1266 3855 cavendum
1290 3794 1401 3855 estne
1425 3811 1507 3873 quae
1526 3788 1646 3854 similia

370 3921 396 3960 ao
411 3901 487 3961 sunt
510 3896 659 3962 dissimili
682 3897 853 3963 metiamur
876 3918 1161 3981 mensuransque
1184 3897 1266 3961 illud
1284 3896 1522 3983 negligendum,
1545 3894 1645 3960 dialo-

410 4026 525 4091 gorum
554 4004 726 4087 scriptores
752 4025 820 4067 non
848 4003 953 4068 solum
981 4024 1108 4086 curare,
1135 4004 1222 4088 quod
1250 4002 1534 4069 sermocinantium
1556 4003 1646 4069 vices

409 4115 548 4196 poscunt
571 4114 627 4175 aut
650 4110 794 4191 suadent,
817 4108 873 4173 sed
896 4108 993 4175 etiam
1016 4110 1194 4195 legentium
1218 4111 1422 4176 commodum
1444 4114 1646 4194 spectarent

409 4221 496 4283 recte
523 4220 556 4283 et
580 4215 676 4281 facile
699 4215 922 4301 intelligantur
944 4238 1027 4302 quae
1049 4216 1172 4282 volunt.
1214 4214 1278 4282 Sed
1300 4216 1465 4282 videamus
1489 4215 1644 4301 exempla.

543 4322 642 4407 Hipp.
664 4323 736 4387 mai.
755 4344 786 4406 p.
806 4322 840 4407 8,
860 4323 900 4387 21
948 4322 1047 4389 ὁπότε
1075 4334 1209 4408 πρῶτον
1236 4324 1331 4408 ὑμῶν
1358 4345 1403 4411 τφ
1431 4335 1498 4389 τῶν
1526 4334 1644 4407 σοφῶν

624 4428 793 4513 ἐντύχοιμι
817 4430 923 4512 inquit
946 4428 1093 4496 Socrates
1625 4446 1628 4453 '

543 4534 624 4602 lbid.
643 4558 674 4620 p.
694 4535 747 4622 33,
768 4535 808 4601 18
855 4536 1044 4615 ἐπιδεικνὺς
1071 4534 1109 4603 δὲ
1136 4539 1198 4622 τὴν
1225 4536 1371 4621 ἐμαυτοῦ
1395 4535 1538 4622 ἀπορίαν
1560 4536 1644 4620 ὑμῖν

622 4655 692 4721 τοϊς
715 4656 835 4728 σοφοῖς
858 4648 945 4733 λόγῳ
969 4639 1013 4709 αὑ
1036 4644 1101 4709 ὑπὸ
1125 4644 1221 4729 ὑμῶν
1238 4647 1533 4731 προπηλακίζομαι,
1556 4641 1645 4709 ἐπει-

409 4752 687 4849 ——ddv
710 4749 900 4838 ἐπιδειξῶ*)

481 4888 544 4958 *38)
562 4888 595 4943 ln
617 4892 738 4960 repetita
760 4890 902 4949 sententia
923 4906 960 4947 ne
983 4890 1046 4959 quis
1069 4890 1201 4961 haereat,
1224 4888 1378 4945 contendat
1400 4890 1471 4945 haec
1493 4887 1523 4943 in
1542 4888 1644 4943 eodem
