3967 5725
534 640 584 701 DE
602 639 832 691 EMENDANDO
849 640 997 690 MINUCII
1013 639 1154 691 FELICIS
1174 640 1342 691 OCTAVIO.
1507 637 1576 702 12¹¹(

336 801 502 883 abiturum
521 799 655 865 credunt
669 798 779 866 Stoici.
816 801 906 866 Haec
923 801 1018 885 plura
1036 805 1113 865 sunt
1131 823 1227 883 quam
1247 822 1335 885 quae.
1343 802 1461 866 certius
1480 803 1573 866 resti·

336 908 386 972 tui
409 907 549 993 possint:
574 908 652 972 satis
676 910 718 973 sit
742 908 934 973 sententiam
958 909 1064 991 qualis
1086 908 1153 973 fere
1171 909 1271 974 fuerit
1289 909 1496 995 significasse.
1533 906 1573 973 In

339 1037 404 1097 qua
427 1037 461 1079 re
484 1036 543 1079 nos
564 1013 675 1080 Cicero
699 1016 838 1099 adiurat,
862 1016 952 1080 cuius
975 1015 1078 1081 libros
1101 1014 1140 1079 de
1162 1018 1279 1079 natura
1298 1015 1428 1080 deorum
1450 1021 1573 1099 quanto

337 1122 446 1187 studio
470 1121 632 1187 Minucius
656 1123 823 1206 amplexus
842 1122 950 1207 fuerit,
972 1122 1077 1187 multa
1095 1126 1170 1187 sunt
1190 1144 1271 1206 quae
1290 1122 1438 1207 doceant3
1461 1122 1574 1207 itaque

335 1250 425 1293 nunc
443 1229 483 1293 ad
502 1251 576 1293 suas
594 1230 735 1294 rationes
754 1230 881 1293 rettulit
895 1250 976 1312 quae
991 1229 1085 1312 1146,
1102 1229 1164 1293 118
1184 1229 1350 1315 leguntur:
1368 1236 1442 1294 sunt
1460 1236 1575 1309 numm,

337 1336 445 1419 inquit
469 1334 598 1401 Stoicus
621 1336 800 1421 Tullianus,
826 1337 932 1402 stellae
953 1343 1073 1401 natura
1093 1336 1274 1418 flammeae:
1302 1340 1445 1419 quocirca
1472 1343 1575 1403 terrae

337 1445 440 1508 moris
461 1464 617 1525 aqumum
639 1444 806 1525 rupmibm
829 1444 958 1509 aluntur
980 1446 1025 1509 iis
1046 1446 1101 1527 qni
1123 1465 1145 1507 a
1167 1444 1229 1508 sole
1250 1464 1287 1509 err
1310 1445 1397 1526 auris
1415 1445 1580 1526 tepefactis·

337 1556 365 1614 et
384 1571 421 1614 er
439 1553 531 1632 aquis
549 1552 739 1616 excitantur:
758 1552 869 1633 quibus
887 1551 971 1616 altae
987 1557 1211 1633 renovataeque
1227 1551 1333 1616 stellae
1353 1557 1444 1633 atam
1470 1553 1572 1616 omnis

337 1657 441 1721 aether
462 1658 635 1738 refundunt
661 1658 769 1722 eudem
792 1664 820 1722 et
846 1678 973 1723 rursum
1001 1659 1132 1723 nubunt
1155 1659 1311 1737 indidem,
1339 1657 1421 1723 nibil
1448 1663 1484 1722 ut
1507 1658 1573 1739 fere

336 1767 469 1829 intereat
500 1770 556 1829 aut
587 1765 757 1829 admodum
783 1765 933 1846 paulum,
966 1768 1049 1846 quod
1077 1772 1234 1831 astrorum
1266 1767 1350 1847 ienis
1381 1771 1409 1828 et
1440 1764 1573 1830 aetheris
1587 1792 1617 1831 m

337 1871 471 1952 flamina
493 1873 653 1936 consumit.
699 1872 754 1936 Er
776 1893 835 1953 qao
858 1878 1036 1938 eventurum
1063 1874 1163 1937 nostri
1178 1877 1317 1954 putant.
1333 1922 1339 1935 .
1353 1877 1389 1935 ut
1410 1872 1456 1935 ad
1477 1876 1573 1936 eatre-

279 1994 425 2061 lsmnm
448 1981 550 2044 omnis
573 1981 711 2045 mundus
732 1981 904 2063 iyneseeret,
930 2002 1000 2045 eum
1021 1981 1149 2045 humore
1171 1985 1348 2061 consumpto
1370 1999 1467 2060 neque
1488 1985 1573 2045 terra

338 2086 385 2150 ali
401 2092 505 2167 posset
526 2107 622 2169 neque
643 2092 793 2151 remearet
815 2108 877 2166 aer,
903 2090 992 2152 euius
1015 2093 1100 2152 ortus
1122 2108 1206 2168 aqua
1229 2088 1315 2152 omni
1337 2086 1488 2151 erhardo
1511 2105 1574 2151 esse

337 2214 401 2257 non
417 2198 533 2274 potest:
556 2196 604 2258 ita
625 2193 762 2276 relinqui
784 2194 866 2259 nibil
886 2201 1011 2276 praeter
1032 2196 1136 2276 ionem
1155 2215 1219 2278 eqs.
1258 2192 1321 2257 Sed
1339 2192 1462 2257 accedit
1480 2193 1571 2256 locus

339 2300 420 2365 alter
441 2322 481 2364 ex
504 2300 587 2366 libro
611 2302 708 2367 tertio
735 2301 784 2385 14,
804 2302 845 2367 37
870 2301 928 2365 ubi
951 2301 1030 2365 haec
1062 2301 1228 2386 leguntur:
1255 2321 1319 2365 non
1344 2301 1458 2365 iisdem
1488 2300 1573 2365 uobis

332 2408 437 2490 placet
459 2429 580 2473 amnem
603 2410 707 2491 ionem
723 2416 839 2490 pastus
860 2410 999 2491 iuduere
1020 2429 1074 2473 uec
1089 2429 1276 2489 pumanere
1297 2407 1361 2472 ullo
1380 2409 1467 2472 modo
1483 2428 1572 2490 posse

338 2516 404 2580 nisi
427 2515 555 2580 ulatur?
586 2516 633 2580 ali
656 2523 759 2581 autem
781 2516 874 2581 solem
898 2516 1008 2580 lunam
1030 2515 1153 2597 reliqua
1175 2520 1264 2579 astra
1286 2516 1385 2597 aquis,
1413 2514 1481 2579 aliu
1503 2514 1572 2578 dul-

339 2622 523 2701 setasolis
546 2622 705 2688 marinis?
752 2618 907 2699 Quorum*
920 2622 1032 2686 itidem
1057 2621 1218 2687 Minucius
1242 2642 1315 2686 cum
1339 2620 1396 2685 illa
1419 2622 1572 2686 scriberet

338 2727 523 2793 recordatus
546 2729 683 2819 videtur.
720 2729 815 2795 Unde
837 2729 1034 2815 intelligitur
1056 2731 1143 2814 apud
1161 2729 1339 2794 Minucium
1362 2750 1429 2792 non
1451 2728 1485 2792 id
1508 2729 1571 2793 dici

340 2834 427 2919 quod
450 2835 552 2901 videri
580 2840 721 2922 poterat,
749 2838 868 2903 dulcem
891 2859 1008 2921 mrum
1031 2839 1138 2903 maria
1159 2836 1297 2921 nutrire,
1325 2836 1381 2902 sed
1403 2836 1482 2900 haec
1506 2835 1618 2902 duero·

339 2944 439 3008 dubis
461 2965 545 3026 aqua
568 2949 601 3009 et
623 2947 730 3010 maria
752 2946 823 3028 pari
846 2947 923 3031 iugo
947 2967 1092 3009 connexa
1114 2944 1222 3009 nescio
1251 2943 1329 3028 quid
1356 2944 1458 3027 aliud,
1485 2949 1572 3008 astra

337 3049 496 3132 videlicet,
518 3052 642 3115 nutrire
666 3051 864 3136 dicebantur,
886 3052 1014 3136 fuitque
1036 3052 1174 3116 fortasse
1197 3051 1236 3115 de
1259 3055 1413 3136 perpetua
1436 3049 1572 3115 Minucii
1703 3112 1708 3120 s

339 3157 570 3222 consuetudine
592 3159 638 3223 ita
661 3160 830 3244 scriptum:
851 3161 987 3240 fontium
1011 3159 1113 3225 dulcis
1134 3178 1219 3240 aqua
1242 3157 1289 3242 [et
1311 3156 1409 3242 aqua]
1433 3159 1570 3221 marina.

340 3263 401 3328 Sed
425 3265 487 3328 hoc
505 3269 581 3329 utut
599 3269 657 3350 est,
680 3266 781 3330 totius
802 3265 931 3350 quidem
950 3266 1015 3331 loci
1033 3267 1190 3330 rationem
1209 3265 1355 3329 ridemur
1372 3264 1466 3329 nobis
1484 3267 1572 3328 recte

337 3371 528 3455 patefecisse
552 3377 584 3436 et
607 3377 753 3437 auctores
781 3395 906 3457 sumus,
932 3373 1012 3437 haec
1040 3377 1076 3436 ut
1104 3374 1138 3436 in
1165 3375 1329 3456 posterum
1359 3371 1405 3434 ita
1428 3371 1572 3434 edantur.
1637 3401 1641 3405 ·

477 3479 555 3560 Quis
573 3482 656 3544 enim
674 3482 865 3561 sapientium
884 3481 1012 3557 dubitat,
1036 3482 1107 3561 quis
1124 3481 1257 3562 ionorut,
1280 3480 1388 3542 amnia
1406 3499 1485 3559 quae
1503 3484 1572 3542 orta

472 3592 545 3650 sunt
572 3588 719 3665 occidere,
748 3608 827 3669 oreae
847 3587 934 3668 fudo
956 3592 1029 3650 sunt
1052 3588 1192 3664 interire,
1222 3585 1341 3649 eaelum
1363 3606 1479 3667 quoque
1501 3605 1571 3648 eum

472 3693 615 3758 omnibus
651 3715 730 3774 quae
766 3694 847 3758 eaelo
884 3695 1078 3758 eontinentur
1108 3695 1155 3757 ita
1188 3700 1223 3756 ut
1258 3694 1388 3774 memisse
1424 3692 1571 3755 desinere.

473 3801 705 3881 *trefortium
730 3801 829 3865 duleis
852 3821 936 3881 aqua
958 3803 1066 3865 maria
1087 3802 1220 3878 nutrire,
1248 3801 1284 3863 in
1305 3801 1370 3863 rim
1392 3799 1478 3881 ionis
1504 3797 1571 3861 abi

472 3913 589 3986 turum,
618 3908 731 3974 Staius
758 3914 902 3973 mnstans
928 3910 1035 3989 opinio
1058 3915 1113 3986 est,
1142 3908 1225 3989 quod
1246 3913 1422 3988 cousumpta
1445 3905 1572 3968 humore
1585 3931 1616 3970 so·

473 4014 609 4080 mundes
630 4015 682 4079 bie
703 4017 806 4080 omnis
827 4017 971 4097 massam.

428 4138 486 4183 vn.
501 4119 618 4184 Adhuc
627 4120 804 4186 Minuciam
818 4121 922 4186 libelli
937 4121 1081 4186 ordinem
1096 4123 1197 4186 secuti
1213 4143 1335 4186 sumus:
1349 4139 1436 4184 nunc
1444 4121 1571 4203 praeter

339 4226 483 4292 ordinem
507 4227 545 4290 de
569 4228 673 4312 capite
701 4229 783 4292 asini
807 4228 1014 4313 disseremus,
1044 4228 1134 4293 cuius
1165 4229 1286 4292 mentio
1309 4228 1348 4290 fit
1366 4249 1392 4292 c.
1412 4224 1441 4308 9,
1461 4226 1491 4307 3,
1513 4224 1571 4289 ubi

338 4333 417 4398 haec
439 4336 537 4420 vulgo
561 4334 721 4421 leguntur.

473 4441 539 4506 Nec
561 4443 599 4507 de
620 4443 707 4525 meir,
731 4445 796 4509 nisi
818 4444 992 4509 subsisteret
1014 4445 1138 4521 unitus,
1161 4445 1299 4507 manime
1320 4443 1448 4524 nefaria
1470 4446 1499 4504 et
1518 4440 1573 4504 bo-

472 4569 546 4614 nore
566 4551 751 4632 praefanda
773 4571 873 4632 saoce
894 4553 987 4632 fama
1010 4551 1188 4632 loqueretur.
1224 4549 1333 4614 Audio
1356 4569 1404 4614 eos
1426 4548 1572 4628 immissi·

473 4655 543 4720 mae
570 4657 701 4738 pecudis
735 4664 829 4740 eaput
861 4657 974 4741 [asini]
1009 4662 1217 4722 consecratum
1244 4657 1351 4737 inepta
1378 4657 1479 4720 neseio
1507 4675 1571 4735 qua

466 4766 672 4846 persuasione
697 4767 856 4829 uenerari:
884 4766 982 4847 diana
1006 4770 1034 4828 ot
1056 4770 1134 4851 nuta
1156 4763 1264 4846 relioio
1287 4763 1403 4828 tatibus
1425 4761 1570 4826 moribus.

339 4870 427 4948 Quae
451 4871 548 4935 verba
571 4868 660 4957 (nam
685 4872 723 4935 de
747 4894 780 4936 re
805 4871 912 4936 omnia
934 4875 1013 4935 nota
1037 4874 1112 4935 sunt
1134 4892 1238 4953 neque
1267 4870 1370 4934 oratio
1389 4872 1499 4933 nostra
1519 4867 1570 4929 de
