3967 5725
405 1568 583 1647 XXXVII.
615 1564 787 1647 INDEX
815 1572 1133 1672 LEOTIONUM
1160 1570 1514 1646 ansulleUM
1542 1572 1641 1644 1893.

463 1813 476 1819 ,,
495 1748 544 1817 De
572 1747 739 1833 Euripidis
766 1746 907 1814 Hercule
940 1770 1036 1832 quem
1068 1749 1228 1813 fruentem
1256 1748 1360 1814 dicere
1388 1748 1536 1813 solebant
1562 1742 1680 1811 non-⁸

405 1856 496 1921 nulla
519 1855 714 1939 disputaturi
737 1877 866 1921 sumus:
890 1877 987 1939 quam
1007 1851 1154 1920 'fabulam
1177 1854 1351 1920 novissime
1374 1853 1414 1919 U.
1434 1855 1473 1919 de
1488 1854 1644 1918 Wilamo

406 1961 724 2027 witz-Moellendorff
743 1964 873 2049 egregia
896 1965 964 2027 arte
987 1962 1034 2026 ita
1056 1963 1273 2047 pertractavit,
1297 1966 1334 2027 ut
1353 1966 1385 2026 et
1404 1961 1510 2026 verbis
1528 1964 1644 2045 poetae

407 2092 480 2136 cum
515 2091 591 2134 cura
623 2069 717 2135 editis
749 2073 876 2153 praeter
909 2069 1172 2136 consuetudinem
1204 2070 1417 2133 cummaxime
1445 2068 1645 2133 obtinentem

408 2178 677 2241 commentarium,
698 2176 828 2247 adderet
852 2175 1004 2241 omnibus
1026 2175 1353 2260 interpretiaofficiis
1373 2177 1534 2241 commate
1553 2176 1645 2239 satis·

408 2284 579 2355 facientem
613 2287 651 2352 et,
676 2306 729 2353 rcs.
756 2285 960 2367 rationesque
989 2305 1068 2347 cum.
1089 2284 1274 2369 tragoediae
1303 2281 1442 2347 Graecae
1470 2279 1586 2347 natura
1613 2286 1645 2346 et

408 2390 544 2455 historia
568 2395 600 2454 et
622 2391 718 2455 huius
743 2390 926 2475 tragoediae
949 2390 1026 2454 fatis
1050 2390 1237 2456 coniunctas
1260 2389 1301 2454 ab
1322 2391 1437 2454 ultima
1456 2391 1581 2474 origine
1599 2410 1644 2452 re·

407 2499 527 2583 petitas
547 2502 729 2582 exponeret.
768 2495 855 2573 Quos
875 2497 976 2562 libros
997 2497 1086 2580 duos,
1108 2498 1221 2563 doctos
1239 2495 1387 2581 Iuppiter
1405 2501 1438 2560 et
1455 2496 1646 2580 laboriosos,

369 2631 395 2671 rc
410 2626 484 2669 cum
516 2605 673 2668 invitante
705 2606 840 2669 materia
872 2608 904 2668 et
936 2605 1070 2669 editoris
1103 2604 1263 2689 elegantia
1294 2607 1424 2669 tenente
1454 2604 1557 2668 multo
1584 2626 1646 2668 usu

409 2716 598 2793 tereremus,
627 2711 744 2777 accidit
767 2711 821 2776 hic
844 2711 971 2804 illiont
994 2713 1029 2775 in
1053 2711 1188 2797 singolis
1213 2710 1404 2795 quibusdam
1428 2710 1574 2775 versibus
1599 2710 1646 2775 in·

409 2817 593 2905 telligendis
616 2817 847 2884 haesitaremus
872 2818 1083 2903 dubitareque
1106 2818 1319 2904 inciperemus
1341 2840 1420 2883 num
1444 2840 1553 2884 corum
1577 2840 1646 2883 sen-

409 2926 511 2991 tentia
539 2927 603 2989 iam
633 2928 710 2990 satis
737 2930 824 2990 recte
852 2926 886 2990 in
914 2925 1066 2991 omnibus
1094 2924 1265 3010 explanata
1293 2927 1336 2990 sit
1359 2949 1400 2990 an
1421 2925 1559 2990 fortasse
1582 2925 1646 2990 alia

408 3035 461 3098 via
485 3033 707 3117 temptandum
730 3036 844 3117 poetae
867 3033 1003 3098 consilia
1019 3033 1208 3117 patefacere.
1246 3031 1388 3109 Quarum
1407 3033 1645 3099 dubitationum

410 3140 583 3205 nonnullas
612 3141 697 3224 quod
721 3139 782 3204 hac
806 3140 966 3204 scribendi
990 3141 1232 3224 opportunitate
1255 3139 1463 3224 proferendae
1487 3140 1646 3223 duximus,

411 3249 549 3312 strenuis
569 3246 835 3329 adolescentibus,
854 3269 991 3330 quorum
1012 3247 1118 3311 studia
1136 3248 1288 3334 regimus,
1307 3246 1431 3331 aliquid
1444 3249 1645 3312 incitamenti

411 3354 527 3419 addere
545 3354 703 3436 volumus,
723 3375 786 3437 quo
807 3354 983 3438 impensius
998 3352 1061 3419 hoc
1076 3353 1165 3437 duce,
1185 3356 1240 3438 qui
1255 3355 1333 3439 quid
1347 3358 1432 3418 esset
1445 3354 1645 3440 tragoediam

412 3459 566 3526 Graecam
590 3461 796 3544 interpretari
819 3460 984 3544 praeclaro
1009 3461 1156 3545 exemplo
1180 3462 1322 3544 edocuit,
1350 3461 1390 3524 ad
1412 3461 1510 3526 buius
1533 3465 1647 3544 poetae

412 3571 513 3632 artem
537 3569 666 3652 penitus
690 3568 944 3654 cognoscendam
969 3590 1003 3632 se
1028 3567 1102 3632 dare
1125 3569 1265 3653 cupiant.
1302 3567 1346 3631 Et
1369 3572 1419 3632 est
1440 3567 1520 3634 baec
1537 3568 1648 3633 fabula

371 3702 398 3742 ao
412 3687 479 3740 τῶν
503 3675 623 3759 ἄριστα
646 3672 876 3758 πεποιημένων
900 3679 932 3738 et
955 3697 1037 3758 quae
1060 3675 1155 3741 facile
1178 3674 1333 3758 quemviS,
1356 3676 1411 3758 qui
1431 3675 1559 3760 intrare,
1582 3697 1647 3740 non

411 3806 429 3846 a
461 3782 572 3846 limine
605 3781 757 3863 salutare,
789 3781 930 3845 animum
958 3782 1104 3865 inducat,
1135 3784 1255 3848 mixtae
1282 3781 1441 3868 gravitate
1469 3782 1647 3847 dulcedinis

413 3888 566 3972 compede
595 3888 749 3952 detineat:
779 3887 857 3952 adeo
885 3893 922 3951 ut
951 3889 1002 3954 vel
1024 3890 1083 3954 has
1107 3890 1282 3973 particulas
1306 3911 1385 3973 quas
1408 3911 1468 3955 nos
1493 3889 1648 3973 discepta-

413 3996 521 4059 bimus
553 4017 681 4079 sperare
712 3996 821 4080 liceat,
852 3996 1009 4079 quidquid
1042 3996 1080 4060 de
1107 4001 1219 4060 nostra
1247 4018 1357 4060 earum
1384 3996 1649 4081 interpretatione

415 4101 648 4184 aestimabitur,
671 4103 758 4186 ipsas
781 4125 839 4186 per
863 4124 897 4166 se
916 4103 1038 4187 aliquid
1056 4104 1265 4168 iucunditatis
1283 4103 1467 4189 legentibus
1485 4105 1649 4168 allaturas.

505 4208 532 4272 1.
566 4207 787 4274 Pulcherrima
816 4209 910 4292 ῥῆσις
938 4213 987 4274 est
1014 4209 1163 4296 Megarac
1190 4232 1209 4273 a
1236 4233 1265 4275 v.
1288 4211 1368 4295 451,
1401 4233 1465 4295 qua
1487 4214 1650 4276 revertens

413 4337 486 4379 cum
514 4314 759 4398 Amphitryone*
783 4338 892 4381 socero
925 4320 957 4380 et
989 4317 1066 4380 filiis
1098 4320 1213 4380 ornatu
1245 4317 1372 4382 funebri
1403 4322 1441 4382 ut
1474 4317 1577 4382 voluit
1603 4320 1650 4382 in-

414 4423 544 4487 structis
570 4423 634 4487 iam
658 4425 765 4488 omnia
787 4428 901 4508 parata
924 4445 992 4487 esse
1016 4422 1057 4486 ad
1081 4423 1209 4488 caedem
1232 4424 1331 4507 fassa,
1358 4425 1513 4489 memoria
1535 4424 1650 4491 recolit

415 4550 497 4612 quae
525 4531 603 4594 olim
626 4554 645 4594 a
672 4531 781 4614 pueris
809 4551 962 4614 prospera
990 4531 1225 4614 exspectaverit
1253 4531 1281 4594 si
1308 4532 1375 4595 vita
1402 4536 1559 4614 maneret,
1586 4531 1650 4596 iam

414 4640 451 4700 ut
479 4640 613 4720 apparet
640 4637 681 4700 ad
709 4638 834 4701 irritum
862 4636 1004 4720 redacta,
1034 4637 1170 4721 denique
1198 4637 1423 4703 ardentissima
1450 4661 1544 4723 prece
1572 4637 1652 4703 Her-

372 4770 399 4811 sc
415 4745 518 4810 oulem
542 4743 623 4827 adit,
646 4749 683 4807 ut
706 4745 852 4808 exoriens
881 4765 920 4808 ex
948 4743 1060 4808 inferis
1089 4765 1122 4807 se
1150 4766 1289 4828 suosque
1316 4744 1437 4810 liberos
1466 4751 1498 4811 et
1523 4750 1689 4831 patrem4

412 4851 446 4916 in
474 4873 598 4916 summo
628 4850 811 4915 discrimine
840 4850 1015 4933 pendentes
1043 4855 1203 4916 servatum
1231 4858 1392 4936 properet.
1432 4850 1471 4917 In
1498 4855 1558 4916 hac
1582 4875 1652 4917 ora-
