3967 5725
396 568 441 631 24
593 573 704 623 XXXV.
724 574 840 623 runnX
858 573 1073 625 naorrornu
1090 574 1324 627 Xasmvmun
1343 579 1422 631 rasa.

485 733 611 816 Dionos
632 735 781 817 iodipoos
803 735 894 799 odore
916 740 1008 817 obque
1030 738 1166 817 experiri
1186 743 1316 802 morast
1337 739 1435 803 mibi:

487 840 575 904 Nora
597 841 627 905 ει
650 846 776 906 mutuos
798 862 862 906 noo
878 847 994 924 potero,
1018 848 1162 909 oenomai
1183 864 1308 909 sumum
1327 846 1464 927 foenore.

396 946 515 1029 Diouis
538 948 681 1031 iodiyoo's
703 947 750 1013 ita
772 947 961 1033 compositis
990 948 1136 1033 loquitur
1163 952 1354 1037 generatim,
1382 956 1419 1017 ut
1446 957 1554 1017 tamen
1580 955 1632 1019 vis

395 1052 499 1117 maior
522 1054 614 1118 eadat
636 1054 670 1118 in
694 1054 858 1140 indignos,
887 1076 968 1139 qnos
997 1077 1030 1121 ae
1053 1078 1119 1121 non
1143 1058 1245 1144 magis
1270 1079 1367 1141 quam
1391 1059 1508 1145 dignos
1532 1062 1631 1125 evita·

395 1164 504 1225 turum
539 1162 719 1246 profitetur.
771 1163 875 1229 Unum
912 1165 1020 1227 autem
1057 1185 1151 1228 nemo
1183 1165 1286 1229 nescit
1323 1165 1506 1251 signifioare
1543 1168 1632 1251 quod

396 1269 479 1332 idem
502 1267 554 1331 vel
575 1289 675 1333 onom
701 1269 856 1351 idemque
885 1270 995 1354 itaque
1017 1269 1114 1334 Plaut
1116 1259 1190 1335 us
1180 1294 1249 1355 1pse
1276 1272 1423 1356 loquitur
1450 1295 1523 1338 oum
1550 1274 1630 1338 alibi

395 1372 851 1459 mmwtmml,ffl

486 1481 569 1546 Abeo
592 1482 632 1546 ob
655 1482 729 1565 illis,
745 1489 914 1565 postquam
936 1485 1025 1549 oideo
1049 1506 1097 1549 me
1118 1486 1164 1549 sio
1186 1485 1389 1568 ludificator,

485 1587 586 1671 Peroo
609 1590 653 1653 od
674 1589 761 1667 otios,
784 1592 873 1656 oeoio
896 1592 941 1655 od
963 1591 1052 1670 otios,
1077 1592 1189 1656 deiude
1211 1595 1255 1656 od
1277 1592 1374 1658 otios:
1397 1615 1462 1658 una
1484 1614 1541 1660 res.

355 1719 382 1759 ro
396 1692 466 1769 Quo
490 1694 598 1779 posito
564 1695 707 1760 tillud
735 1719 864 1780 quoque
892 1698 1043 1785 contigit,
1071 1701 1108 1762 ut
1136 1698 1269 1764 offensio
1293 1700 1321 1763 si
1344 1722 1408 1783 qna
1431 1704 1500 1765 erat
1521 1702 1630 1766 iterati

394 1806 538 1866 certumst
560 1801 733 1867 tolleretur.
781 1801 948 1868 Sententia
972 1809 1079 1869 autem
1103 1809 1135 1869 et
1158 1806 1262 1869 oratio
1287 1807 1314 1870 si
1338 1808 1415 1871 satis
1439 1808 1524 1871 tueri
1542 1809 1631 1873 vide-

394 1908 515 1972 buntur
537 1907 600 1973 hoo
623 1910 708 1993 quod
732 1908 951 1994 proponimus,
976 1911 1014 1975 de
1039 1911 1229 1976 emendandi
1246 1912 1476 1995 probabilitate
1494 1936 1562 1979 non
1580 1919 1630 1980 est

396 2014 482 2098 quod
510 2015 607 2079 nimis
636 2016 724 2080 anxii
752 2018 861 2083 simus.
912 2016 990 2093 Quis
1019 2019 1104 2083 anim
1133 2019 1263 2105 ignorat
1290 2019 1392 2083 multa
1419 2018 1499 2084 vitia
1522 2022 1556 2085 in
1578 2019 1630 2084 his

382 2122 569 2197 ¹comoediis
589 2126 659 2187 orta
678 2146 747 2188 esse
765 2123 971 2188 librariorum
990 2126 1093 2190 oculis
1112 2126 1152 2189 ab
1172 2126 1275 2190 altero
1295 2125 1336 2190 ad
1349 2126 1485 2191 alterum
1499 2147 1630 2191 versum

395 2228 632 2313 aberrantibus3
662 2230 750 2313 quod
777 2251 878 2315 genus
907 2234 1031 2315 peooati
1054 2235 1103 2295 est
1125 2233 1161 2297 in
1183 2231 1289 2298 Milite
1313 2232 1462 2298 Glorioso
1481 2250 1507 2296 11
1526 2233 1556 2319 6,
1575 2234 1629 2299 35.

395 2335 451 2421 363
470 2353 495 2401 11
514 2338 546 2420 4,
564 2335 615 2401 50.
636 2336 693 2423 513
716 2339 751 2402 in
768 2337 969 2403 Mostellaria
992 2361 1121 2423 quoque
1140 2357 1166 2403 11
1186 2341 1215 2425 1,
1236 2340 1278 2403 10
1299 2340 1400 2405 bostis
1421 2362 1461 2404 ex
1480 2343 1629 2425 proximo

394 2464 488 2507 versu
511 2445 712 2525 translatum.
757 2443 871 2527 ltaque
893 2446 983 2509 nullo
1007 2447 1140 2532 negotio
1163 2447 1233 2511 fieri
1260 2446 1377 2531 potuit,
1401 2469 1473 2542 oum
1493 2448 1528 2512 in
1545 2450 1629 2513 inse

395 2555 495 2633 quent
496 2571 513 2613 e
531 2572 627 2614 versu
646 2572 745 2635 paene
769 2551 880 2615 eodem
904 2552 975 2617 loeo
1005 2559 1150 2618 autumat
1169 2553 1339 2638 legeretur,
1361 2558 1454 2618 uteo
1475 2554 1623 2627 deerrans
1643 2570 1666 2625 ss

394 2655 546 2721 librarius
573 2657 635 2721 hoo
664 2659 815 2722 scriberet
801 2663 901 2741 tpro
926 2680 963 2723 eo
992 2660 1078 2743 quod
1109 2659 1246 2725 debebat
1267 2668 1402 2726 unumst.
1449 2661 1552 2727 Immo
1576 2663 1628 2728 vel

353 2788 381 2827 ao
395 2763 513 2828 omissa
539 2762 601 2829 hae
622 2766 763 2846 proximi
786 2786 897 2829 versus
921 2766 1036 2829 similit
1036 2766 1147 2849 udins,
1174 2774 1302 2833 onomat
1324 2768 1352 2832 si
1374 2768 1507 2852 paulum
1531 2769 1628 2835 modo

395 2871 602 2935 obscuratum
625 2876 694 2935 erat
717 2873 916 2955 scripturas
908 2895 943 2936 m
965 2877 1119 2957 promptu
1142 2879 1210 2938 erat
1228 2896 1348 2958 ponere
1366 2883 1517 2957 memo,
1541 2877 1629 2960 quod

394 2977 440 3042 ad
458 3000 513 3043 sen
515 2978 649 3042 tentiam
672 2979 776 3043 faeere
799 2978 969 3044 videbatur
992 2984 1024 3044 et
1047 3002 1111 3064 quo
1134 2981 1218 3046 nihil
1238 2982 1439 3066 frequentius
1468 2988 1518 3049 est
1542 2985 1629 3068 apud

394 3085 564 3176 Plautum,¹
578 3086 630 3164 oni
653 3092 797 3152 oertomst
816 3088 926 3167 fouere,
950 3089 998 3150 ito
1018 3088 1122 3168 forare
1144 3094 1294 3169 monost,
1319 3090 1399 3154 mibi
1416 3097 1560 3156 certumst
1574 3092 1630 3173 fo-

383 3213 465 3273 uere,
488 3190 615 3276 similia,
638 3193 757 3257 usitata
781 3192 952 3258 admodum
973 3197 1057 3277 sunt,
1081 3216 1175 3279 saepe
1195 3198 1261 3261 tam
1280 3195 1370 3260 nullo
1389 3197 1530 3281 pondere
1549 3199 1628 3282 poni

387 3299 502 3382 solita,
530 3303 566 3362 ut
595 3322 613 3362 a
641 3300 782 3384 simplici
809 3299 883 3364 uelle
909 3299 1010 3378 verbo
1038 3322 1104 3365 non
1132 3301 1271 3366 multum
1300 3304 1419 3368 distare
1448 3304 1628 3369 videantur.

395 3405 610 3482 Quamobrem
635 3411 667 3470 et
690 3411 774 3471 reate
799 3406 954 3491 seriptum
976 3411 1139 3491 putamus,
1163 3409 1201 3473 de
1225 3431 1289 3492 quo
1314 3409 1513 3497 dubitarunt,
1541 3411 1629 3494 quod

394 3513 499 3577 estin
522 3511 672 3578 Asinaria
690 3513 819 3597 1124?

394 3619 463 3683 Iob.
482 3620 837 3703 Quidistooestooyoti?
867 3621 960 3685 Leon.
972 3620 1127 3688 Certumst
1135 3624 1262 3688 medere.
1293 3623 1363 3688 Iob.
1372 3625 1533 3689 Audacter
1541 3625 1628 3689 lieet:

395 3727 513 3792 etenim
545 3727 668 3793 Libano
701 3727 912 3812 interroganti
950 3730 1029 3809 quid
1064 3735 1107 3794 est
1142 3732 1244 3811 nepoti
1275 3730 1419 3795 Leonida
1455 3752 1628 3796 conservus

353 3857 380 3897 ιι
394 3835 566 3919 respondet
586 3841 729 3901 certumst
745 3836 872 3913 oredm,
896 3835 925 3900 h.
947 3858 972 3900 e.
991 3836 1076 3920 volo,
1099 3850 1229 3920 paratus
1249 3859 1320 3902 sum
1344 3838 1406 3901 tibi
1431 3837 1463 3915 id
1486 3838 1628 3922 eredere3

395 3944 464 4003 tum
488 3941 542 4005 ille
566 3942 649 4006 hano
672 3941 873 4006 voluntatem
897 3943 1091 4007 confirmans
1114 3945 1263 4009 oodooter
1285 3944 1370 4022 licet·
1399 3948 1431 4008 et
1458 3946 1492 4009 in
1516 3945 1627 4010 eadem

395 4045 558 4110 fabulam
573 4047 602 4130 3,
617 4048 660 4112 23
680 4069 698 4110 a
716 4047 878 4113 Friderioo
893 4048 1000 4114 Leone
1019 4051 1125 4134 primo
1140 4054 1226 4115 reete
1240 4051 1326 4117 edita
1344 4073 1422 4137 esse,
1441 4074 1523 4135 quae
1542 4056 1629 4133 sunt,

440 4153 528 4218 Nom
551 4155 629 4235 quid
650 4176 699 4219 one
718 4157 877 4237 foetorum
894 4162 1001 4238 potos,
1024 4159 1054 4222 at
1076 4160 1156 4222 stuc
1178 4159 1261 4240 qood
1283 4159 1363 4224 diois
1382 4158 1494 4240 foris?

441 4259 530 4324 Mihi
552 4267 667 4326 oenum
690 4267 734 4326 est
754 4263 857 4342 fouere
879 4265 915 4327 iu
938 4285 986 4330 roe
1009 4267 1118 4328 omorio
1135 4266 1242 4330 eodem
1261 4286 1340 4347 quoe
1361 4272 1396 4330 tu
1417 4268 1454 4331 io
1476 4267 1623 4347 tefanis.

394 4365 479 4431 Nam
502 4367 621 4450 efficere
644 4369 728 4452 quod
753 4374 801 4434 est
825 4371 858 4433 in
881 4369 973 4436 libris
998 4392 1110 4453 parum
1134 4370 1174 4435 ab
1197 4394 1258 4437 usu
1282 4376 1314 4436 et
1338 4373 1482 4437 oratione
1509 4372 1627 4457 proba-

394 4477 456 4557 tur,
480 4477 512 4537 et
536 4474 593 4557 qui
616 4474 679 4541 hoo
701 4480 738 4540 ut
762 4475 960 4541 stabiliretur
983 4481 1040 4540 aut
1063 4478 1143 4543 mibi
1161 4479 1348 4543 deleverunt
1366 4482 1421 4543 ant
1440 4485 1490 4558 eat,
1514 4503 1534 4544 a
1551 4502 1629 4544 vera

393 4579 519 4646 ratione
543 4581 692 4646 videntur
715 4583 888 4648 aberrasse.

483 4687 512 4752 2.
559 4687 652 4754 Alter
679 4688 783 4774 loeus,
811 4690 902 4755 onius
930 4691 1184 4757 emendationem
1212 4695 1400 4778 temptaturi
1428 4716 1554 4778 sumus,
1586 4716 1628 4756 ex

393 4793 498 4859 Milite
517 4793 668 4862 Glorioso
686 4797 807 4881 petitus
827 4801 889 4861 est:
912 4798 946 4861 in
966 4820 1030 4881 qua
1052 4799 1164 4864 fabula
1183 4805 1255 4864 aotu
1280 4804 1393 4884 quarto
1418 4820 1514 4866 soona
1536 4803 1628 4866 sexta
