3967 5725
602 626 652 676 DE
670 627 800 677 TRIBUS
818 627 924 678 LOCIS
942 627 1125 680 HERCULIS
1142 629 1372 682 EURIPIDEAE.
1537 630 1600 696 261

370 785 526 850 delicatus
549 784 612 850 hoc
633 786 778 851 fastidiat
797 791 829 851 et
848 788 960 871 oderit,
985 790 1071 873 quod
1090 812 1162 874 spes
1182 813 1271 876 spem
1290 793 1451 877 expulisse
1471 795 1604 879 dicatur,

370 893 451 956 sciat
469 893 504 955 in
522 893 587 956 alio
606 915 722 978 genere
735 892 933 978 Aeschylum
951 918 1018 960 non
1037 896 1240 961 exhorruisse
1255 900 1392 965 scribere
1408 899 1508 988 (Pers.
1525 900 1604 988 163)

531 1000 574 1083 μὴ
598 998 700 1082 μέγας
722 1006 866 1078 πλοῦτος
888 1004 1024 1078 κονίσας
1047 997 1150 1080 οὖδας
1172 1003 1318 1091 ἄντρέηη
1341 1005 1421 1072 τοδί

532 1108 649 1189 ὄλβον,
673 1107 713 1172 ὃν
736 1114 881 1189 Δαρεῖος
903 1103 984 1191 ἦρεν
1007 1109 1069 1174 οὐκ
1092 1110 1172 1175 ἄνευ
1195 1117 1287 1177 θεῶν
1310 1137 1408 1190 τινος.

371 1213 435 1278 Sed
461 1235 522 1278 nos
552 1213 590 1277 de
618 1235 675 1298 spe
698 1214 824 1299 egimus
847 1219 880 1278 et
902 1215 965 1280 hoc
988 1237 1058 1281 esse
1083 1239 1121 1281 ex
1146 1239 1183 1281 eo
1207 1240 1324 1304 genere
1346 1220 1494 1286 volumus
1519 1222 1606 1307 quod

370 1344 389 1385 a
420 1321 515 1386 nobis
547 1321 658 1404 paucis
691 1321 868 1386 delibatum
900 1324 1056 1407 ampliore
1089 1324 1312 1390 observatione
1343 1349 1408 1391 non
1437 1328 1605 1415 indignum
1676 1365 1679 1370 ·

369 1427 534 1492 habeatur.
571 1427 727 1494 Putamus
746 1429 833 1492 enim
850 1451 917 1494 non
932 1430 1001 1494 sine
1015 1430 1123 1495 fructu
1138 1432 1387 1518 elaboraturum,
1406 1434 1433 1500 si
1449 1437 1504 1518 qui
1519 1436 1605 1500 hunc

370 1556 464 1599 usum
496 1533 630 1611 ἐλπίδος
661 1534 848 1621 diligentius
880 1559 939 1621 per
970 1542 1082 1621 poetas
1113 1539 1348 1623 scriptoresque
1379 1543 1529 1626 persequi
1558 1542 1604 1606 in·

371 1640 521 1705 stituerit.

334 1765 353 1819 s
461 1749 494 1826 2,
514 1747 552 1812 ln
579 1748 689 1812 eadem
717 1749 810 1835 ῥήσει
832 1748 964 1836 Megara
990 1753 1037 1816 ita
1065 1752 1181 1816 desinit
1207 1758 1246 1818 ut
1267 1753 1440 1820 Herculem
1464 1757 1499 1821 in
1522 1754 1604 1822 Oreo
1621 1783 1646 1824 ιο

370 1858 558 1939 morantem,
584 1876 678 1939 quem
702 1878 771 1921 esse
794 1860 958 1922 mortuum
982 1857 1085 1923 credit
1108 1863 1140 1924 et
1161 1882 1228 1925 non
1252 1862 1361 1946 credit,
1383 1862 1435 1927 his
1459 1863 1605 1928 versibus

370 1962 511 2046 appellet

531 2065 556 2134 ὦ
581 2069 727 2154 φίλτατ’,
750 2076 785 2134 εί
802 2094 853 2147 τις
876 2074 1031 2155 φθόγγος
1054 2073 1260 2138 εἰσακούεται

530 2183 668 2259 θνητῶν
690 2175 768 2261 παρ’
787 2174 899 2263 Ἅιδη,
923 2180 976 2244 σοί
1000 2176 1086 2262 ταδ’,
1106 2176 1297 2265 Ἡράκλεις,
1320 2179 1415 2265 λέγω.

530 2281 672 2370 θνῄσκει
694 2286 801 2368 πατὴρ
824 2286 883 2360 σὸς
906 2286 961 2350 καί
983 2283 1084 2368 τέκν’,
1108 2287 1250 2369 ὄλλυμαι
1273 2286 1304 2352 δ’
1331 2287 1410 2373 ἐγώ,

531 2390 655 2474 desole
677 2393 822 2473 μακαρία
846 2392 902 2456 διὰ
925 2393 963 2458 σὲ
986 2391 1169 2478 ἐκλῃζόμην
1191 2397 1331 2479 βροτοῖς.

532 2496 670 2582 ἄρηξον,
694 2496 788 2579 ἐλθέ,
811 2497 866 2564 καὶ
890 2501 967 2564 σκιδι
990 2502 1125 2584 φάνηθί
1144 2520 1216 2582 μοι·

418 2604 506 2669 495
531 2606 604 2682 ἅλις
627 2607 690 2688 γὰρ
715 2605 826 2672 ἐλθὼν
850 2605 913 2671 κᾶν
935 2608 1020 2691 ὄναρ
1044 2605 1154 2689 γε’νοιο
1179 2608 1230 2672 σύ.

464 2800 467 2807 Ι
531 2711 641 2796 [κακοὶ
664 2713 727 2797 γὰρ
752 2716 799 2789 είς
822 2712 861 2778 σέ
883 2711 914 2796 γ’
941 2717 975 2778 οἳ
996 2713 1095 2778 τέκνα
1117 2717 1285 2780 κτείνουσι
1310 2716 1374 2802 σοί]

371 2818 425 2886 Sic
452 2820 512 2884 hos
541 2841 651 2886 versus
670 2819 938 2886 Wilamowitzius
966 2820 1055 2886 dedit
1081 2822 1185 2906 primo
1210 2819 1350 2887 Hercule
1376 2823 1462 2888 edita
1486 2827 1518 2889 et
1540 2823 1604 2889 iam
1619 2851 1645 2891 εο

371 2931 445 2993 ante
472 2929 506 2992 in
534 2926 698 2993 Analectis
726 2928 911 3013 Euripideis
939 2951 966 2991 a.
990 2944 1207 2993 Mocccuxxv
1235 2930 1330 2993 editis
1359 2929 1405 3017 (p.
1429 2928 1519 3018 234).
1556 2930 1605 2995 De

370 3034 474 3100 tribus
498 3036 649 3099 extremis
671 3058 731 3100 nos
750 3057 787 3099 eo
807 3058 901 3120 quem
922 3035 1061 3100 diximus
1079 3036 1151 3101 loco
1171 3036 1217 3101 ita
1236 3036 1453 3121 disseruimus,
1476 3042 1513 3101 ut
1530 3036 1605 3101 ulti·

370 3164 458 3207 mum
483 3143 659 3227 integrum,
687 3164 753 3206 non
775 3143 952 3207 insiticium
976 3164 1060 3223 esse,
1088 3143 1144 3227 qui
1167 3145 1360 3208 antecedunt
1384 3144 1446 3208 duo
1471 3146 1605 3229 propius

371 3272 389 3313 a
411 3248 585 3313 memoriae
607 3249 671 3315 fide
694 3248 741 3316 sie
763 3250 1007 3315 constituendos
1029 3249 1203 3335 probatum
1226 3252 1345 3316 iremus

531 3356 655 3440 ἄρηξον
678 3355 772 3439 ἐλθέ,
795 3356 849 3421 καί
873 3359 950 3422 σκιὰ
973 3357 1107 3442 φάνηθί
1127 3377 1196 3440 μοι·

398 3490 401 3494 ·
532 3465 606 3541 ἅλις
628 3464 705 3547 γάρ·
729 3462 841 3529 ἐλθὼν
866 3464 979 3540 ἱκανὸς
1003 3462 1045 3527 δν
1068 3462 1180 3547 γένοιο
1205 3465 1264 3529 σύ·

531 3572 626 3636 κακοὶ
649 3572 711 3654 γὰρ
736 3576 803 3635 κτλ.

372 3678 441 3755 Qua
467 3701 502 3743 re
530 3679 594 3742 hoc
621 3678 760 3743 assecuti
787 3699 898 3743 sumus
926 3673 969 3763 (si
999 3677 1095 3741 modo
1119 3698 1156 3741 ea
1179 3681 1291 3741 nostra
1314 3682 1364 3741 est
1386 3679 1494 3762 aliqua
1517 3677 1606 3766 pars)

370 3791 407 3850 ut
430 3785 535 3850 editor
558 3784 755 3850 clarissimus
779 3785 896 3849 iterata
918 3784 1102 3867 tragoediae
1124 3784 1344 3869 recognitione
1367 3785 1519 3848 ultimum
1538 3806 1606 3848 ver·

371 3916 442 3959 sum
470 3892 608 3957 vinculis
636 3890 778 3955 solutum
806 3890 956 3975 Euripidi
984 3894 1020 3954 ut
1046 3912 1140 3955 suum
1162 3894 1194 3953 et
1217 3889 1359 3954 libertati
1382 3890 1544 3973 redderet,
1571 3891 1605 3955 in
1619 3918 1646 3958 ιο

321 4040 324 4044 -
370 4001 503 4085 reliquis
532 4000 656 4063 duobus
685 3998 845 4063 obtineret
872 4020 942 4061 eam
970 4020 1066 4081 quam
1089 3997 1180 4081 prius
1204 4000 1404 4080 expresserat
1427 3998 1605 4062 conforma-

371 4110 500 4173 tionem.
536 4105 651 4189 Itaque
673 4107 708 4171 in
731 4105 781 4170 his
806 4106 943 4170 secessio
966 4103 1053 4169 facta
1077 4109 1125 4170 est
1148 4106 1347 4189 opinionum,
1371 4107 1407 4168 ut
1431 4106 1550 4169 assolet
1569 4106 1604 4168 in

371 4215 433 4280 hoc
455 4214 640 4299 philologae
664 4212 892 4297 disputationis
915 4234 1042 4298 genere,
1065 4212 1111 4275 sic
1133 4215 1170 4275 ut
1194 4211 1391 4275 discedentes
1413 4211 1605 4276 alteralteri

370 4322 556 4407 Euripideis
584 4321 690 4385 verbis
719 4321 823 4384 dicere
850 4320 978 4404 possint
1003 4320 1056 4384 aot
1083 4318 1145 4402 μὲν
1173 4318 1309 4383 δοκείτω
1337 4316 1444 4401 ταῦτ’,
1472 4317 1544 4402 ἐμοὶ
1568 4318 1606 4383 δὲ

371 4430 494 4495 τάντία.
530 4428 617 4493 Nam
645 4450 704 4492 nos
731 4449 872 4512 quoque,
899 4431 936 4491 ut
958 4448 1070 4490 verum
1092 4426 1264 4510 fateamur,
1292 4424 1396 4490 adhuc
1419 4426 1465 4491 ita
1488 4426 1606 4490 iudica

371 4559 452 4621 mus,
470 4538 505 4601 in
522 4558 620 4601 versu
637 4535 703 4599 495
723 4535 882 4598 inutiliter
901 4537 1065 4608 oneratam
1084 4534 1275 4596 sententiam
1289 4554 1356 4597 non
1370 4554 1465 4616 posse
1479 4532 1605 4617 placere

370 4643 468 4729 idque
500 4642 739 4709 incommodum
771 4642 895 4706 variata
927 4642 1085 4721 oratione,
1117 4643 1154 4703 ut
1187 4661 1268 4723 quae
1298 4641 1394 4705 modo
1425 4642 1497 4705 σκιὰ
1528 4644 1605 4721 erat,

371 4751 444 4815 dein
464 4753 547 4836 ὄναρ
567 4750 699 4834 dicatur,
717 4772 784 4814 non
801 4749 904 4814 minui
923 4747 978 4812 sed
997 4768 1097 4832 paene
1117 4748 1235 4831 augeri.
1267 4745 1381 4831 Neque
1400 4747 1604 4812 rediissemus

371 4858 412 4923 ad
434 4859 518 4923 hanc
541 4858 771 4943 quaestionem,
794 4857 857 4921 nisi
879 4856 914 4919 in
937 4859 1090 4939 promptu
1114 4858 1198 4918 esset
1221 4876 1240 4917 a
1263 4854 1356 4918 nobis
1377 4858 1448 4918 tum
1466 4859 1605 4939 praeter-
