3967 5725
405 613 472 678 380
579 617 638 666 LII.
658 616 774 668 INDEX
792 614 1008 667 LEOTIONUM
1026 613 1268 672 HIBERNARUM
1287 616 1456 684 1900s1901.

404 781 515 847 tenent
537 780 685 861 χρήματα
708 778 815 841 πολλὰ
839 776 1051 859 εἰργάσατο
1075 775 1139 840 καὶ
1162 771 1303 858 ἔλαβεν
1327 773 1363 840 ἐκ
1385 776 1485 859 τῆσδε
1506 785 1564 860 τῆς
1582 779 1641 841 πό-

406 890 487 960 λεως
509 885 642 949 verbum
665 883 802 949 alterum
826 885 938 948 nostro
962 881 1093 948 fastidio
1117 882 1332 966 repudiemus.

495 989 556 1056 Sed
580 995 618 1054 ut
640 991 783 1075 penitus,
806 990 834 1054 si
856 989 927 1053 fieri
950 989 1068 1073 possit,
1090 988 1177 1054 hunc
1200 989 1373 1064 evellamus
1397 1012 1550 1074 errorem,
1574 1012 1641 1074 quo

405 1097 509 1167 critici
536 1119 631 1182 saepe
659 1097 732 1161 duci
760 1097 923 1180 videntur,
950 1100 988 1163 ut
1016 1097 1315 1182 cognominatomm
1338 1097 1430 1181 paria
1452 1101 1641 1180 respuentes

402 1205 539 1273 alterum
558 1227 599 1270 ex
616 1205 667 1288 iis,
686 1205 752 1268 sive
771 1226 889 1268 nomen
903 1208 952 1268 est
966 1205 1033 1268 sive
1047 1203 1191 1287 verbum,
1209 1207 1374 1287 tamquam
1389 1204 1499 1288 spuria
1514 1204 1642 1290 origine

403 1316 514 1378 natum
544 1311 682 1380 rescindi
708 1311 853 1395 iubeant,
880 1333 947 1375 non
971 1311 1049 1376 satis
1073 1314 1122 1376 est
1145 1311 1178 1374 in
1201 1332 1266 1374 uno
1290 1310 1362 1376 loco
1386 1310 1561 1376 subsistere
1584 1311 1642 1376 sed

405 1419 692 1503 circumspicienda
714 1418 808 1502 plura
827 1422 912 1504 sunt,
936 1419 1053 1502 quibus
1071 1417 1208 1482 forsitan
1226 1417 1360 1502 patefiat
1380 1417 1458 1502 quid
1477 1418 1641 1501 scriptori-

404 1526 465 1590 bus
484 1527 651 1610 placuerit‚
676 1525 804 1590 criticos
823 1529 932 1591 autem
950 1529 1103 1610 appareat
1121 1524 1256 1590 libidine
1275 1527 1495 1612 magisquam
1514 1525 1641 1590 ratione

405 1654 443 1695 ac
470 1631 591 1698 iudicio
619 1654 727 1718 agere,
756 1632 875 1716 quippe
904 1633 960 1716 qui
988 1632 1144 1716 quaedam
1168 1631 1351 1698 coniectura
1374 1636 1547 1717 temptent,
1578 1633 1641 1697 alia

365 1768 392 1808 ιο
405 1737 472 1803 illis
495 1739 591 1823 plane
615 1737 732 1804 similia
756 1740 949 1822 intemptata
971 1739 1164 1823 relinquant.

461 1892 463 1896 ι
494 1844 540 1910 Ut
558 1845 698 1928 primum
716 1845 778 1911 hoc
797 1846 836 1912 de
854 1847 972 1910 vicinia
990 1867 1175 1930 promamus
1190 1847 1381 1930 exemplum,
1401 1869 1481 1931 quos
1495 1851 1641 1914 vetustae

405 1952 519 2018 aetatis
543 1952 703 2036 sapientes
722 1952 860 2038 Hippias
884 1955 950 2018 sive
970 1951 1118 2024 Socrates
1141 1953 1229 2018 varie
1250 1954 1346 2019 modo
1366 1953 1525 2039 ἀρχαίους
1543 1954 1641 2019 modo

405 2061 568 2136 παλαιούς
591 2060 687 2125 modo
713 2060 896 2145 προτέρους
918 2060 1103 2145 appellavit,
1126 2062 1215 2126 velut
1237 2083 1267 2145 p.
1287 2061 1307 2124 3
1313 2113 1322 2146 ,
1343 2063 1384 2125 19
1408 2073 1476 2126 τῶν
1499 2070 1565 2126 νῦν
1588 2063 1641 2127 ἀν-

405 2167 553 2250 θρώπων
579 2169 663 2252 πρὸς
689 2171 768 2244 τοὺς
796 2167 987 2252 ἀρχαίους
1011 2217 1018 2232 .
1039 2219 1045 2232 .
1069 2179 1137 2232 τῶν
1165 2169 1228 2250 γάρ
1250 2167 1472 2253 προτέρων,
1501 2168 1577 2235 ibid.
1598 2167 1641 2234 25

405 2272 481 2357 περὶ
500 2275 611 2344 ἄλλων
629 2285 696 2340 τῶν
714 2279 908 2358 παλαιῶν,
931 2275 973 2338 27
994 2285 1072 2340 τῶν
1090 2284 1164 2340 νῦν
1181 2275 1276 2360 πρὸς
1294 2277 1387 2352 τοὺς
1406 2274 1640 2360 προτέρους,

405 2404 437 2465 p.
452 2381 518 2464 2,2
541 2383 632 2467 παρὰ
654 2384 734 2458 τοὺς
756 2391 821 2447 νῦν
846 2384 1073 2467 δημιουργοὺς
1096 2383 1132 2446 ol
1156 2387 1333 2463 παλαιοί,
1358 2381 1470 2447 ibid.4
1487 2393 1556 2449 τῶν
1575 2383 1640 2468 άρ-

406 2489 543 2572 χαίων,
562 2488 639 2553 ibid.
655 2488 696 2561 31
717 2501 784 2560 τῶν
799 2485 836 2560 δὲ
849 2494 1027 2555 παλαιῶν
1046 2487 1195 2572 ἐκείνων,
1213 2493 1246 2557 et
1263 2490 1291 2575 1,
1307 2489 1347 2552 ll
1364 2491 1395 2554 oi
1409 2488 1545 2556 παλαιοὶ
1558 2488 1640 2562 ἐκεῖ·

310 2612 313 2616 ’
406 2612 471 2678 μοι,
495 2595 622 2660 eosdem
645 2595 745 2660 semel
766 2597 911 2680 pleniore
934 2597 1081 2666 oratioue
1103 2618 1133 2680 p.
1149 2597 1179 2679 2,
1196 2597 1236 2661 13
1261 2597 1308 2661 ita
1331 2597 1512 2683 designavit
1536 2603 1642 2663 εἴωθα

405 2701 519 2786 μέντοι
538 2699 642 2785 ἔγωγε
660 2705 752 2780 τοὺς
769 2705 962 2780 παλαιούς
980 2727 1019 2770 τε
1038 2702 1101 2769 καὶ
1120 2703 1339 2788 προτέρους
1357 2703 1464 2788 ἡμῶν
1478 2707 1642 2790 πρότερόν

366 2844 393 2885 20
406 2832 442 2876 τε
455 2810 510 2875 καὶ
524 2815 652 2894 μᾶλλον
666 2809 878 2896 ἐγκωμιάζειν
891 2811 912 2897 ἢ
926 2813 1005 2889 τοὺς
1020 2820 1085 2877 νῦν
1099 2811 1342 2896 εὐλαβούμενος
1354 2807 1416 2897 μὲν
1427 2815 1563 2897 φθόνον
1574 2823 1642 2879 τῶν

408 2917 777 3001 ζώντων,’φοβούμενος
791 2920 829 2985 δὲ
842 2928 946 3004 μῆνιν
959 2931 1028 2985 τῶν
1040 2922 1327 3003 τετελευτηκότων,
1342 2920 1501 3004 copulatis
1520 2920 1643 2985 scilicet

406 3045 464 3107 per
477 3023 591 3109 τέ-καί,
610 3047 691 3109 quae
710 3027 838 3112 singula
856 3028 934 3100 satis
953 3031 1045 3096 erant
1063 3031 1095 3091 et
1114 3025 1191 3092 alibi
1206 3026 1335 3113 singula
1349 3030 1425 3091 sunt
1439 3028 1553 3111 posita.
1579 3025 1642 3091 Sed

406 3132 483 3197 licet
509 3130 590 3207 haec
617 3134 702 3204 idem
729 3156 832 3221 genus
859 3155 936 3220 prae
967 3156 1003 3203 se.
1028 3133 1147 3218 ferant,
1176 3134 1263 3218 quod
1287 3133 1386 3199 verba
1409 3137 1600 3218 attemptata
1622 3156 1642 3199 a

406 3237 502 3304 nobis
525 3244 633 3305 autem
656 3241 861 3324 defensitare,
886 3244 1034 3325 χρήματα
1057 3242 1163 3308 πολλὰ
1187 3241 1361 3325 εἰργάσατο
1385 3242 1440 3307 καὶ
1464 3237 1583 3325 ἔλαβεν
1606 3241 1641 3309 ἐκ

407 3328 507 3429 vacce
525 3355 583 3429 τῆς
600 3349 737 3432 πόλεως,
756 3352 864 3418 tamen
878 3349 934 3432 qui
948 3349 984 3412 in
998 3348 1076 3413 haec
1091 3348 1209 3413 invecti
1225 3352 1300 3413 sunt
1314 3348 1419 3411 critici
1433 3348 1489 3413 illa
1502 3351 1642 3433 praeter·

408 3453 572 3536 miserunt,
594 3454 758 3519 incuriane
781 3455 940 3522 incertum
960 3478 1002 3519 an
1022 3456 1097 3539 quia
1114 3454 1198 3521 nihil
1216 3454 1431 3539 vituperabile
1450 3454 1640 3521 sentiebant.

409 3556 559 3635 Quaene
582 3560 702 3627 frustra
723 3563 870 3629 attulisse
892 3562 1020 3646 plenius
1044 3562 1221 3646 videamur,
1249 3560 1312 3633 hoc
1336 3561 1482 3627 addimus
1505 3563 1556 3626 usi
1579 3563 1680 3631 hacc

407 3663 556 3731 libertate
575 3668 760 3748 disserendi,
780 3667 945 3735 Socratem
964 3691 1038 3735 cum
1057 3670 1098 3733 ad
1116 3668 1173 3735 illa
1186 3667 1326 3753 Hippiae
1339 3668 1438 3733 verba
1451 3670 1643 3753 respondeat

409 3776 529 3852 Καλῶς
551 3800 589 3860 νε
613 3778 670 3858 σύ,
699 3772 724 3841 ὦ
745 3773 870 3859 Ἱππία,
898 3776 1069 3859 ὀνομάζων
1091 3800 1126 3841 τε
1148 3774 1204 3843 καὶ
1229 3776 1477 3861 διανοούμενος,
1501 3778 1545 3853 ὡς
1568 3775 1641 3861 ἐμοὶ

368 3914 395 3955 ao
408 3885 518 3960 δοκεῖς
540 3884 682 3951 fucatam
705 3882 869 3967 sophistae
893 3884 1070 3948 orationem
1093 3882 1225 3949 irridere
1248 3887 1286 3948 ut
1307 3886 1480 3967 utrumque
1499 3883 1643 3949 dilaudat

409 3996 441 4055 et
463 3991 595 4055 nomina
618 3994 651 4055 et
674 3990 875 4073 sententiam,
897 3991 929 4056 h.
948 4012 974 4054 e.
998 3989 1144 4072 ὀνόματά
1167 4013 1202 4055 τε
1225 3988 1279 4057 καὶ
1299 3991 1462 4073 διάνοιαν,
1487 4010 1568 4073 quae
1585 4010 1643 4055 no-

408 4097 495 4166 mina
514 4119 578 4181 quo
596 4098 692 4162 modo
712 4097 839 4181 saepius
858 4097 1052 4181 copulantur
1070 4102 1103 4161 et
1117 4102 1334 4182 opponuntur,
1354 4096 1501 4162 eomodo
1517 4096 1643 4161 eodem-

409 4227 471 4288 que
490 4228 585 4269 sensu
604 4227 691 4271 nunc
710 4206 879 4270 verborum
898 4205 1069 4289 participia
1087 4204 1258 4287 ὀνομάζων
1276 4228 1311 4268 τε
1329 4203 1384 4271 καὶ
1404 4203 1644 4287 διανοούμενος

409 4312 519 4380 iuncta
546 4316 635 4378 sunt:
663 4334 703 4376 ne
731 4313 804 4395 quis
831 4333 890 4395 pro
918 4310 1089 4394 ὀνομάζων
1118 4312 1236 4377 codicis
1265 4309 1401 4377 alicuius
1424 4310 1544 4376 indicio
1568 4332 1641 4375 cum

409 4418 567 4485 Schanaio
591 4423 735 4502 νομίζων
756 4418 989 4483 restituendum
1011 4421 1117 4502 putet,
1146 4418 1233 4501 quod
1256 4418 1418 4502 quomodo
1441 4417 1644 4505 intelligatur

408 4550 522 4613 parum
544 4528 750 4611 perspicuum
774 4529 831 4593 est.

500 4632 563 4715 Sed
586 4635 753 4699 redeamus
776 4634 809 4699 iu
825 4633 923 4698 viam.
957 4629 1042 4708 Quid
1060 4636 1167 4715 potest
1187 4632 1325 4697 similius
1344 4654 1412 4700 esse
1432 4654 1527 4717 quam
1546 4632 1645 4697 verba

409 4741 648 4810 cordavestra
671 4746 703 4805 et
726 4740 862 4824 ἐρωτᾶν,
885 4761 967 4824 quae
990 4740 1180 4824 plerumque
1203 4741 1348 4807 seiuncta
1368 4745 1541 4824 ponuntur,
1564 4761 1643 4811 non·

410 4869 586 4931 numquam
613 4848 660 4911 ita
686 4852 724 4911 ut
749 4848 813 4911 nisi
841 4847 988 4914 varietati
1016 4846 1173 4910 orationis
1199 4847 1353 4913 inservire
1376 4870 1442 4912 non
1465 4847 1644 4931 videantur,
