3967 5725
371 641 439 708 508
609 643 682 695 ux
699 643 818 694 mm
833 641 1051 694 quenum
1066 641 1300 693 mnsam
1317 645 1397 694 1⁹04.

369 802 996 890 nonplusintellexitqnamnoctenn
1033 801 1605 888 Sophoclesmteminilloversn,

371 909 1605 998 nivoluitoriginemvooueogiumnfioneususesuqmeiffim

370 1016 1261 1104 tentiscspertereiragetrrr‚nednmeamadiuvet
1295 1014 1605 1100 Itaqnesr'rppdvrp

371 1124 510 1192 dicimus
532 1147 603 1192 esse
624 1129 756 1191 noctem
777 1121 1605 1210 etqnaerirnnsqnmnvirnbabeatnominigene

370 1233 459 1298 titus
480 1233 635 1299 adiectus
670 1230 766 1309 Quod
787 1231 818 1295 si
833 1230 1057 1296 ntiocinando
1074 1229 1203 1294 efficere
1219 1229 1367 1312 velimus,
1387 1230 1436 1294 ita
1452 1229 1606 1312 dicamus,

370 1361 438 1406 non
463 1341 589 1425 inepte,
613 1340 801 1424 opimat,
822 1341 857 1404 et
877 1339 959 1402 satis
980 1337 1186 1422 mpliciter,
1206 1341 1336 1402 noctem
1359 1337 1423 1401 dici
1445 1341 1606 1402 astrorum

370 1451 516 1531 noctem,
546 1447 624 1531 quia
650 1445 751 1510 habet
778 1449 880 1527 astra,
910 1466 994 1528 quae
1019 1444 1084 1508 nisi
1110 1447 1206 1510 noete
1232 1443 1335 1528 aspici
1360 1465 1428 1509 non
1453 1447 1605 1528 possunt:

371 1552 523 1637 idemque
552 1551 640 1617 cadit
663 1552 701 1616 in
726 1574 797 1617 eam
821 1573 919 1637 quarn
940 1555 1039 1635 poeta
1060 1550 1153 1634 dicit,
1178 1571 1247 1616 nou
1267 1553 1402 1634 ἄστρων
1423 1550 1605 1634 tripodum

371 1659 429 1724 sed
449 1657 612 1745 μέλαιιιν
633 1660 768 1744 ἄστρων
789 1659 972 1743 εὐφρόνην,
993 1659 1024 1722 si
1045 1657 1177 1742 quidem
1199 1662 1303 1722 atram
1324 1662 1454 1723 noctem
1477 1679 1517 1721 eo
1539 1679 1605 1721 cer·

331 1789 359 1833 a
370 1767 439 1832 tius
455 1769 617 1832 aemorum
634 1769 765 1832 noctem
781 1764 946 1850 appellare
962 1765 1049 1850 licet
1072 1786 1138 1849 quo
1155 1764 1376 1849 splendidiora
1392 1763 1492 1828 habet
1508 1768 1604 1828 esua

372 1870 437 1939 Sed
463 1873 498 1938 in
525 1873 588 1938 hac
613 1874 740 1937 ratione
768 1871 1606 1957 etsinihilcstquodnoncnmgenetirinatura

370 1978 547 2064 multiplici
568 1979 742 2046 admodum
765 1979 931 2046 conciliari
953 1980 1069 2064 possit,
1097 1984 1207 2043 tamen
1227 1982 1342 2042 notum
1366 1982 1415 2042 est
1437 1979 1511 2062 plns
1531 1999 1606 2062 pro

371 2085 426 2152 fici
443 2087 666 2171 exemplorum
683 2086 748 2152 fide
766 2108 865 2170 quarn
881 2085 1098 2152 ratiocinandi
1114 2084 1354 2171 probabilitate.
1385 2082 1426 2149 In
1438 2083 1605 2170 Euripidis

372 2191 488 2259 Oreste
510 2193 642 2261 Electra
665 2193 745 2259 dicit
766 2193 807 2258 de
829 2192 944 2259 Oreste
965 2191 1063 2281 (225)

521 2368 530 2384 ⁴
586 2295 614 2366 dr
636 2301 869 2385 βοστρύχων
890 2302 1036 2377 πινῶδες
1057 2301 1183 2366 ἄθλιον
1204 2299 1317 2385 κάρα,

586 2406 632 2484 ὡς
654 2406 817 2490 ἠγρίωσαι
839 2408 896 2472 διὰ
918 2417 1047 2493 μακρᾶς
1068 2406 1227 2484 ἀλουσίας

371 2513 412 2577 ad
430 2534 514 2597 quae
531 2511 708 2579 scholiasta
724 2512 905 2579 adnotavit:
926 2516 1010 2579 κατὰ
1032 2513 1250 2600 ἀναστροφὴν
1267 2507 1373 2578 εἷσεν·
1391 2513 1433 2579 ού
1451 2511 1516 2596 γάρ
1535 2510 1605 2576 ἐστι

371 2629 439 2685 των
465 2620 661 2704 βοστρύχων
687 2621 725 2686 τὸ
752 2620 849 2706 κάρα,
876 2619 961 2686 ἀλλὰ
986 2630 1049 2686 τοῦ
1070 2621 1213 2707 κᾶρατος
1235 2622 1269 2686 ολ
1290 2622 1482 2704 βόστρυχοι,
1509 2619 1605 2702 plane

370 2731 409 2791 ut
427 2723 599 2811 Sophoclis
618 2725 795 2791 scholiasta
811 2726 852 2790 ad
870 2725 965 2790 illurn
982 2747 1111 2791 versum
1130 2726 1244 2792 scribit
1262 2721 1363 2811 ἐχρῆν
1378 2725 1486 2801 οὕτως
1498 2726 1606 2790 εἰπεῖν

331 2857 358 2900 ιο
372 2831 540 2917 ’μελαίνης
562 2832 684 2910 νυκτὸς
706 2832 746 2898 τύ
769 2833 876 2918 ἄστρα
898 2830 1115 2899 ἐκλέλοιπενέ
1141 2854 1183 2899 ne
1205 2833 1351 2919 ambigas
1373 2832 1454 2899 haec
1475 2832 1607 2918 gemina

372 2959 441 3005 esse
472 2938 623 3025 exempla
653 2932 687 3005 et
714 2938 835 3006 Graeco
866 2944 933 3005 tam
968 2944 1056 3005 recte
1087 2941 1260 3027 εὐφρόνην
1292 2942 1424 3027 ἄστρων
1451 2939 1606 3024 appellari

373 3066 470 3132 quam
488 3048 684 3132 βοστρύχων
701 3048 787 3131 κάρα
804 3047 958 3133 potuisse.
994 3045 1034 3112 In
1053 3045 1199 3132 Odyssea
1215 3066 1253 3112 vr
1273 3048 1336 3113 128
1355 3046 1469 3113 Ulixes
1487 3047 1606 3111 dicitur

532 3152 569 3221 ἐκ
591 3163 734 3238 ιινιιινῆς
757 3152 788 3220 d'
814 3154 897 3238 ύλης
918 3157 1099 3238 πτόρθον
1121 3154 1223 3221 κλάσε
1245 3154 1331 3241 χειρὶ
1352 3156 1471 3241 παχείῃ
1540 3194 1542 3199 ,
1619 3162 1660 3218 lo

532 3263 711 3347 φύλλων,
734 3262 780 3339 ὡς
802 3262 941 3348 ῥύσαιτο
963 3260 1041 3347 περὶ
1064 3265 1142 3348 χροῒ
1160 3263 1266 3347 μήδεα
1288 3264 1399 3345 φωτός

369 3390 431 3435 nec
451 3370 564 3457 negari
585 3372 704 3454 potest,
726 3371 880 3453 πτόρθον
903 3370 1044 3453 φύλλων
1067 3369 1200 3435 eandem
1220 3370 1378 3434 rationem
1396 3368 1488 3452 sequi
1507 3390 1603 3452 quam

370 3476 566 3560 βοστρύχων
592 3475 678 3561 κάρα
706 3478 738 3540 et
765 3475 940 3560 utrobique
966 3498 1079 3562 parem
1107 3497 1175 3541 esse
1198 3474 1341 3563 genetivi
1362 3475 1429 3539 vim
1452 3479 1485 3539 et
1507 3474 1606 3561 signi-

371 3582 564 3648 ficationem.

461 3686 523 3754 His
546 3688 693 3755 addimus
716 3687 808 3755 Iliad
827 3707 876 3753 xv
894 3689 959 3754 668

531 3807 619 3862 τοῖσι
643 3794 673 3861 d'
701 3794 756 3861 ἄπ’
784 3795 973 3881 ὀφθαλμῶν
997 3795 1116 3880 νέφος
1139 3795 1282 3881 ἀχλύος
1306 3789 1405 3861 ὦσεν
1424 3794 1560 3879 Ἀθήνη,

331 3925 357 3969 ιο
371 3903 518 3989 quamvis
536 3925 603 3968 non
620 3904 803 3970 nesciamus
821 3903 908 3968 hunc
926 3925 1057 3968 versum
1077 3924 1149 3969 cum
1166 3902 1411 3987 insequentibus
1425 3902 1605 3986 antiquitus

371 4006 577 4095 ἀθετεῖσθαι,
600 4013 633 4075 et
655 4009 822 4094 Euripidis
845 4008 1013 4075 Phoeniss.
1041 4008 1124 4074 1491

585 4117 752 4182 stolida
774 4118 980 4201 κροκόεσσαν
1003 4115 1119 4182 ἀνεῖσα
1142 4130 1302 4202 τροφᾶς.

371 4221 461 4301 Quae
483 4223 545 4289 etsi
568 4222 690 4289 habant
712 4222 801 4307 quod
822 4223 862 4288 ab
887 4223 953 4288 illis
975 4223 1122 4289 rideatur
1145 4223 1273 4302 distare,
1297 4227 1405 4289 tamen
1428 4222 1605 4289 studiosius

370 4328 547 4415 inquirenti
574 4331 686 4397 eadem
713 4332 830 4395 natura
857 4330 998 4416 genetivi
1021 4330 1199 4416 apparebit,
1229 4331 1285 4414 qui
1309 4335 1366 4395 aut
1388 4330 1606 4416 ἀναστροφὴν

371 4458 468 4522 quam
491 4437 684 4522 interpretes
707 4432 820 4501 Graeci
839 4435 952 4503 dicum
968 4436 1144 4521 recipiebat
1163 4440 1220 4501 aut
1238 4437 1331 4503 affert
1350 4437 1436 4522 quod
1454 4437 1604 4502 adiectivi

371 4564 431 4609 usu
455 4542 656 4610 commodius
680 4539 966 4630 exprimebatur*).

460 4789 524 4861 ⁸86)
541 4789 574 4845 ln
588 4788 771 4846 adnotatione
784 4786 915 4858 ponimus
929 4786 1090 4857 exemplum
1104 4786 1236 4843 Latinum
1250 4790 1370 4845 fortasse
1384 4807 1441 4846 non
1455 4790 1604 4861 indignum

372 4876 448 4947 qnod
467 4877 497 4933 in
516 4878 571 4933 hec
589 4894 676 4935 causa
694 4876 789 4933 00an
808 4877 817 4893 ¹
893 4874 924 4893 “⁹
936 4890 989 4930 ero
1009 4874 1108 4931 scribit·
1124 4878 1223 4932 aerud.
1239 4883 1263 4947 3,
1280 4886 1294 4933 1
1314 4883 1381 4937 ααιι·
1393 4896 1490 4935 navem
1503 4884 1605 4935 ινιτιαλ
