3967 5725
410 1550 505 1623 LIII.
532 1548 703 1622 INDEX
729 1550 1048 1624 LEOTIONUM
1076 1549 1420 1624 AESTIVARUM
1449 1551 1547 1622 1901.

326 1731 347 1787 8
455 1724 531 1790 Non
561 1725 689 1790 libellos
721 1729 848 1791 tantum
880 1748 938 1791 sua
969 1726 1037 1791 fata
1067 1724 1186 1790 habere
1218 1725 1274 1791 sed
1301 1729 1334 1789 et
1361 1724 1537 1790 sententias
1566 1728 1598 1788 et

364 1833 462 1898 verba
476 1833 548 1916 quis
565 1832 629 1898 hoc
647 1832 770 1897 nescit?
793 1832 882 1898 Nota
900 1837 976 1898 sunt
995 1855 1076 1918 quae
1090 1830 1208 1898 Accius
1227 1836 1324 1917 poeta
1336 1832 1479 1917 tragicus
1494 1832 1533 1896 de
1547 1853 1598 1897 co-

363 1939 499 2006 moediis
526 1939 686 2004 Plautinis
714 1941 844 2024 scripsit
872 1961 890 2002 a
918 1938 1023 2005 Gellio
1052 1941 1086 2003 in
1113 1939 1210 2004 tertio
1237 1937 1392 2004 Noctium
1419 1938 1599 2003 Atticarum

363 2069 389 2111 o.
413 2047 434 2112 3
461 2050 570 2112 relata
609 2046 706 2112 Cuius
739 2045 838 2111 verba
870 2068 951 2130 quae
979 2047 1058 2111 olim
1085 2047 1171 2111 varie
1200 2046 1372 2131 depravata
1399 2045 1599 2111 circumfere-

364 2155 483 2220 bantur
504 2159 669 2239 postremo
691 2153 842 2219 Hertzius
866 2154 906 2218 ad
929 2154 1089 2219 librorum
1112 2155 1299 2218 memoriam
1323 2157 1434 2217 exacta
1457 2152 1491 2217 in
1512 2152 1600 2218 hunc

363 2263 495 2326 modum
518 2261 640 2328 edenda
662 2262 786 2326 curavit

524 2369 574 2433 M.
589 2375 694 2434 tumea
714 2369 815 2434 Varro
828 2367 869 2434 ‘ia
887 2368 966 2434 labro
986 2369 1025 2434 dc
1038 2369 1202 2435 cooroediis
1216 2368 1380 2434 Plautinis
1387 2370 1495 2450 poturo
1508 2367 1600 2432 Accii

524 2476 617 2540 cabo
639 2476 714 2540 bueo
729 2478 838 2557 pontt:
864 2477 952 2541 ‘cum
974 2497 1029 2542 aec
1050 2476 1178 2542 Gemini
1197 2477 1319 2542 lenones
1336 2495 1391 2541 ccc
1410 2473 1599 2540 Condalium

524 2603 579 2648 nec
601 2584 695 2648 Anac
718 2581 838 2662 Plauti,
861 2604 916 2649 acc
940 2583 1002 2648 Bis
1025 2603 1198 2666 conparasse
1220 2603 1276 2648 acc
1297 2583 1427 2648 Boeotio
1449 2603 1599 2664 umquam
1614 2602 1640 2642 ιο

522 2692 594 2772 fud,
618 2711 715 2772 neque
734 2691 811 2755 adeo
827 2690 984 2774 Agroecus
1005 2712 1101 2774 aeque
1120 2689 1359 2756 Commorientes
1379 2691 1488 2755 Maca
1512 2689 1599 2754 Titi?

363 2795 456 2864 Accii
478 2797 578 2864 rerba
600 2819 619 2862 a
638 2795 742 2863 Gellio
767 2802 803 2863 ut
826 2797 940 2864 scribit
962 2819 1030 2863 non
1052 2821 1091 2864 ex
1115 2798 1217 2883 ipsius
1242 2799 1350 2883 aliquo
1373 2796 1458 2864 libro
1483 2796 1539 2862 sed
1561 2819 1600 2862 ex

364 2904 522 2970 Varronis
550 2905 602 2970 de'
616 2905 790 2970 comoediis
813 2905 973 2971 Plautinis
1001 2910 1151 2991 excerpta
1177 2906 1351 2971 identidem
1376 2930 1394 2970 a
1417 2905 1520 2970 doctis
1544 2905 1599 2969 ho·

364 3012 506 3077 minibus
534 3016 672 3077 tractata
699 3016 732 3077 et
759 3015 934 3078 retractata
961 3016 1050 3093 sunt,
1078 3013 1135 3077 sed
1162 3035 1200 3077 ea
1227 3036 1268 3077 ne
1293 3035 1378 3077 nunc
1402 3012 1530 3096 quidem
1554 3013 1614 3076 ita·

364 3123 441 3184 sunt
472 3120 657 3205 profligata,
689 3123 725 3183 ut
757 3119 821 3183 iam
853 3118 936 3183 nihil
961 3119 1010 3183 sit
1045 3119 1131 3203 quod
1163 3120 1287 3183 utiliter
1314 3120 1459 3184 adnotari
1487 3118 1600 3203 possit,

364 3226 464 3291 immo
489 3227 643 3292 orationis
666 3227 812 3308 formam,
835 3248 900 3310 qua
921 3229 1008 3291 recte
1031 3230 1162 3310 accepta
1185 3226 1392 3291 continentur
1416 3227 1530 3311 omnia,
1554 3230 1599 3291 vi-

364 3335 478 3398 demur
503 3334 612 3417 nobis,
640 3335 668 3398 si
694 3355 761 3398 non
788 3337 906 3416 totam,
934 3332 1044 3416 aliqua
1072 3336 1158 3398 certe
1185 3356 1225 3398 ex
1251 3336 1343 3417 parte
1366 3324 1479 3397 melius
1494 3346 1598 3417 ‘quarn

364 3440 469 3506 adhuc
491 3441 611 3507 factum
635 3445 684 3506 est
704 3441 863 3506 declarare
881 3461 917 3504 ac
936 3440 1035 3504 tutari
1055 3462 1157 3523 posse.
1185 3438 1224 3504 Id
1242 3441 1343 3526 igitur
1360 3439 1422 3504 hac
1440 3441 1599 3506 scribendi

363 3549 534 3613 occasione
556 3549 706 3633 persequi
728 3550 886 3632 volumus,
910 3547 937 3611 si
959 3546 1045 3612 forte
1069 3548 1242 3633 contigerit
1260 3551 1297 3612 ut
1315 3547 1438 3632 aliquid
1457 3549 1496 3613 ad
1514 3552 1600 3613 recte

365 3654 608 3740 percipiendum
627 3677 722 3720 usum
741 3654 1071 3739 consuetudinemque
1090 3656 1245 3719 sermonis
1263 3654 1371 3718 Latini
1391 3657 1599 3721 conferamus.
1614 3681 1641 3720 rc

454 3762 542 3849 Ergo
566 3760 659 3827 Accii
681 3762 793 3847 verba,
821 3784 902 3846 quae
926 3784 965 3825 ex
991 3783 1055 3847 quo
1079 3760 1163 3826 libro
1187 3760 1279 3827 Accii
1302 3765 1431 3846 sumpta
1455 3763 1520 3826 sint
1542 3784 1600 3826 nec

366 3865 490 3933 Gellius
513 3891 617 3953 neque
640 3891 736 3954 quem
759 3870 787 3933 is
811 3869 923 3933 citavit
946 3867 1050 3933 Varro
1075 3868 1208 3952 indicat,
1236 3868 1270 3933 in
1292 3868 1385 3934 libris
1409 3869 1478 3935 eius
1501 3887 1601 3933 DIDA-

366 3991 538 4041 scALICON
566 3977 673 4059 posita
698 3975 800 4041 fuisse
825 3976 871 4040 rei
898 3980 931 4041 et
958 3977 1136 4040 sententiae
1163 3998 1258 4042 causa
1285 3975 1496 4060 probabiliter
1526 3980 1601 4060 post

364 4081 446 4148 alios
475 4084 590 4147 statuit
611 4082 808 4169 Madvigius,
836 4082 863 4147 is
890 4083 946 4166 qui
970 4081 1011 4170 (a.
1034 4081 1134 4170 1831)
1158 4079 1281 4167 primus
1304 4083 1420 4147 horum
1444 4083 1602 4148 librorum

366 4188 526 4275 originem
553 4194 586 4256 et
613 4194 762 4254 naturam
790 4190 954 4255 luculenta
982 4190 1201 4273 disputatione
1230 4190 1414 4275 explanavit
1436 4189 1602 4274 reliquias-

368 4318 431 4379 que
455 4318 565 4361 eorum
589 4318 608 4360 a
630 4296 852 4383 grammaticis
875 4296 987 4361 allatas
1013 4298 1147 4384 collegit
1166 4301 1199 4362 et
1218 4297 1406 4382 emendavit,
1429 4298 1463 4361 in
1483 4296 1600 4381 quibus

365 4407 477 4467 nostra
499 4403 556 4468 illu
580 4404 677 4469 verba
700 4405 747 4469 sic
768 4402 957 4488 perscripsit
980 4401 1078 4489 (opp.
1097 4422 1110 4468 1
1128 4427 1157 4488 p.
1178 4403 1236 4491 94)

526 4532 603 4576 com
635 4532 690 4576 aec
723 4511 853 4577 Geraini
883 4531 938 4575 aec
970 4511 1089 4577 Leones
1119 4532 1174 4577 aec
1206 4510 1395 4577 Condalium
1426 4533 1482 4578 nec
1507 4513 1602 4579 Anus

527 4617 640 4684 Plauti
661 4640 716 4685 acc
737 4618 799 4683 Bc
821 4638 995 4699 compresso
1017 4639 1072 4683 ccc
1089 4619 1219 4685 Bocotr'o
1240 4641 1390 4701 umquam
1411 4621 1483 4704 fuit,
1506 4641 1602 4703 aeque

528 4725 604 4791 odeo
619 4724 913 4810 ”Appocxogmue
937 4723 1184 4811 Commorim,
1207 4727 1262 4792 sed
1283 4727 1333 4791 M.
1352 4727 1492 4809 Aquila,
1615 4749 1641 4790 ao

367 4831 431 4896 nisi
455 4832 542 4915 quod
565 4832 604 4897 de
625 4834 759 4898 extremi
777 4832 918 4897 nominis
938 4833 1074 4896 veritate
1091 4855 1125 4897 se
1146 4832 1237 4900 valde
1255 4834 1402 4899 dubitare
1420 4836 1599 4918 profitetur.
