3967 5725
578 631 677 682 loon
694 633 744 681 mr
763 631 963 683 eononnus
981 632 1173 683 euromms
1192 632 1368 684 nnuoam.
1531 629 1597 695 407

360 793 449 880 fuit),
472 797 504 859 et
528 792 615 877 quod
637 796 770 876 propter
792 795 957 863 metrioam
978 793 1266 860 conformationem
1284 795 1349 875 fuit
1366 794 1401 858 in
1418 793 1480 860 hae
1498 795 1600 860 altera

364 904 456 985 parte
479 899 680 984 addiderunt,
704 901 850 964 oratione
872 905 958 966 reete
982 902 1150 965 aestimata
1168 922 1287 966 vanum
1306 923 1374 966 esse
1394 899 1598 986 intelligitur.

364 1007 466 1092 Atqui
495 1031 535 1072 ne
562 1029 678 1072 nomen
708 1008 837 1092 quidem
865 1012 935 1071 erat
969 1008 1055 1091 quod
1083 1008 1201 1072 iterum
1229 1013 1415 1094 poneretur,
1447 1008 1598 1092 quoniam

363 1136 430 1179 non
454 1116 561 1179 solum
582 1135 732 1196 umquem
753 1116 818 1196 fuit
840 1115 895 1178 red
918 1115 1031 1180 Plauti
1053 1136 1202 1197 umquem
1223 1117 1288 1197 fm't
1310 1116 1344 1180 in
1366 1115 1428 1180 hae
1450 1117 1598 1180 iunctura

364 1222 595 1286 sententiarum
619 1221 723 1285 audiri
747 1225 888 1304 poterat:
916 1243 989 1286 oum
1014 1222 1098 1286 euim
1123 1221 1271 1286 ita-dicit
1293 1243 1347 1288 meo
1369 1223 1463 1289 Aous
1487 1221 1599 1288 Plouto'

363 1349 419 1394 mo
440 1328 571 1394 Boeotio
593 1350 743 1411 umquam
764 1330 828 1410 fuit
849 1350 946 1411 mque
968 1330 1045 1394 odeo
1066 1328 1313 1412 Commorientes,
1337 1329 1409 1414 quis
1433 1334 1597 1414 exspectat

364 1437 550 1520 genetivum
572 1437 712 1501 nominis
736 1435 833 1501 addi?
864 1434 927 1501 Vel
951 1436 978 1500 si
997 1440 1107 1501 tamen
1126 1437 1264 1521 scriptor
1281 1436 1467 1522 genetivum
1486 1435 1597 1502 abesse

363 1543 478 1626 noluit,
498 1566 556 1627 pro
575 1543 706 1608 nomine
724 1543 842 1608 lieebat
860 1544 1052 1626 pronomine
1066 1543 1198 1630 defungi
1212 1545 1287 1609 eius.
1321 1541 1383 1607 Sed
1398 1543 1474 1626 quia
1489 1544 1597 1608 Moeri

365 1651 432 1715 Tuo·
455 1651 612 1734 seriptum
635 1654 693 1734 est,
717 1672 798 1734 quae
821 1650 930 1716 eadem
955 1651 990 1714 in
1013 1653 1149 1738 prologo
1168 1650 1356 1716 Mereatorie
1379 1650 1541 1737 leguntur,
1564 1654 1597 1716 et

310 1745 353 1817 11'
363 1759 440 1840 quia
466 1758 515 1822 vis
543 1758 699 1841 quaedam
726 1758 922 1844 pernegandi
946 1759 981 1822 in
1005 1757 1044 1822 iis
1068 1760 1117 1822 est
1141 1779 1223 1842 quae
1247 1758 1325 1822 dioit
1347 1779 1402 1824 meo
1424 1758 1464 1822 A.
1485 1757 1597 1823 Ptoou
1612 1782 1639 1822 ro

363 1886 513 1948 umquam
538 1867 603 1947 fm't
628 1886 725 1948 mque
751 1866 827 1930 odeo
858 1864 891 1930 0.
910 1867 1020 1930 Moooo'
1043 1867 1122 1944 Titi,
1154 1864 1205 1929 his
1234 1865 1411 1930 rationibus
1440 1864 1596 1931 adductus

364 1972 429 2037 Leo
457 1971 593 2037 Aeoium
621 1972 818 2037 existimavit
844 1973 989 2057 prologis
1018 1972 1056 2036 de
1084 1970 1265 2037 fabularum
1295 1972 1420 2056 origine
1447 1970 1597 2044 Plautina

364 2080 556 2144 testantibus
581 2079 714 2164 obloqui
737 2079 783 2144 ita
806 2080 936 2164 quidem
958 2083 996 2143 ut
1018 2079 1058 2142 ad
1080 2099 1190 2144 eorum
1209 2078 1328 2145 indioia
1347 2101 1421 2144 suae
1441 2079 1596 2142 orationis

363 2187 499 2252 formam
532 2187 797 2252 accommodaret.
838 2192 876 2250 In
910 2208 973 2270 qua
998 2209 1040 2250 re
1071 2185 1133 2249 hoo
1165 2187 1306 2269 primum
1338 2185 1489 2268 dicimus,
1520 2186 1597 2252 lieet

364 2295 457 2358 nobis
482 2296 560 2359 satis
583 2293 737 2378 probasse
755 2293 921 2358 videamur
938 2294 1079 2378 priorem
1097 2296 1222 2376 partem
1243 2294 1418 2357 sententiae
1437 2290 1597 2357 Aoeianae

363 2425 464 2467 unum
487 2403 613 2467 efficere
636 2423 695 2466 nee
719 2400 869 2466 distribui
893 2402 926 2465 in
945 2403 1053 2486 partes
1073 2399 1160 2483 duas,
1183 2403 1220 2464 ut
1240 2399 1294 2464 ille
1312 2399 1425 2483 voluit,
1450 2421 1513 2484 quo
1534 2399 1596 2464 tria

363 2514 471 2574 essent
498 2531 580 2594 quae
608 2512 831 2592 separarentur
857 2508 1041 2573 fabularum
1064 2529 1194 2593 genera,
1222 2510 1330 2572 tamen
1354 2507 1509 2572 orationis
1533 2507 1595 2570 for-

362 2640 449 2681 mam
475 2639 541 2682 non
569 2617 739 2700 impedire,
767 2637 831 2700 quo
860 2615 966 2680 minus
990 2615 1054 2680 duo
1079 2615 1193 2680 saltem
1217 2637 1335 2700 genera
1358 2614 1594 2680 comoediarum

362 2725 616 2810 distinguantur,
639 2745 777 2808 quorum
800 2725 936 2788 alterum
960 2723 1081 2805 Plauti,
1105 2723 1241 2788 alterum
1266 2725 1373 2786 autem
1397 2723 1506 2787 Moooi
1530 2723 1597 2786 Tm

360 2832 492 2898 nomine
510 2831 704 2919 designetur,
728 2835 760 2897 et
779 2831 940 2917 quoniam,
962 2831 1012 2897 uti
1032 2830 1180 2910 diximus,
1200 2831 1313 2897 Pmm·
1330 2851 1449 2896 nomen
1467 2829 1594 2914 saepius
1610 2857 1636 2899 ao

361 2942 396 3005 in
414 2941 568 3026 prologis,
588 2940 686 3004 semel
700 2940 809 3003 Moooi
824 2940 891 3003 rm
905 2942 1061 3022 oeourrat,
1081 2961 1120 3003 ex
1134 2937 1278 3025 prologis
1292 2937 1453 3004 Plautinis
1467 2938 1595 3003 ductam

361 3048 453 3114 Aeoii
481 3048 659 3112 orationem
687 3050 856 3112 statuatur.
894 3044 956 3110 Sed
983 3047 1064 3111 haee
1088 3068 1169 3129 quae
1192 3046 1262 3109 fieri
1286 3046 1430 3129 potuisse
1453 3067 1519 3110 non
1542 3068 1595 3111 ne-

361 3178 485 3241 gamus,
508 3177 603 3239 quam
626 3153 723 3218 fidem
746 3152 864 3218 habere
888 3153 1039 3234 dieamus,
1063 3175 1123 3217 nos
1146 3152 1239 3217 valde
1262 3152 1425 3237 ambigere
1448 3153 1594 3217 fatemur.

360 3262 447 3327 Nam
466 3262 613 3346 quamvis
633 3261 813 3345 speciosum
832 3260 883 3344 sit,
904 3262 1013 3325 Moom'
1032 3262 1100 3324 Titi
1118 3281 1236 3323 nomen
1255 3263 1287 3322 et
1305 3260 1340 3322 in
1357 3259 1493 3345 prologo
1512 3258 1595 3324 Mer-

361 3370 479 3435 oatoris
503 3373 534 3433 et
556 3370 589 3433 in
608 3368 698 3433 Aoeii
718 3368 877 3433 sententia
895 3367 1015 3449 haberi,
1039 3388 1103 3450 quo
1123 3367 1191 3430 iure
1211 3367 1365 3431 sumimus
1384 3366 1468 3431 idem
1487 3365 1595 3431 Plauti

359 3499 478 3541 nomen
500 3478 534 3541 in
557 3476 629 3540 aliis
653 3497 781 3559 quoque
803 3474 947 3560 prologis
971 3474 1091 3538 leetum
1110 3472 1209 3537 fuisse
1228 3477 1260 3537 et
1279 3494 1386 3537 earum
1405 3474 1593 3557 praesertim

359 3584 541 3649 fabularum
560 3606 640 3667 quas
659 3582 762 3649 Maeoi
776 3581 843 3646 Titi
862 3604 930 3646 esse
944 3578 1063 3647 Aonius
1082 3580 1242 3666 negabat?
1275 3577 1373 3644 Cuius
1393 3581 1594 3665 sententiam,

360 3713 443 3776 quae
466 3690 562 3755 hodie
586 3694 700 3775 exstat,
723 3689 868 3754 videmus
891 3688 1030 3753 mediam
1054 3687 1276 3771 depromptam
1296 3708 1364 3753 esse
1384 3709 1423 3752 ex
1442 3710 1479 3751 ea
1498 3710 1594 3771 quam

360 3799 504 3863 instituit
531 3799 570 3862 de
595 3797 701 3862 Plauti
729 3796 848 3861 fabulis
876 3796 1108 3881 disputatione,
1136 3796 1170 3859 in
1198 3816 1262 3879 qua
1289 3794 1358 3859 fieri
1386 3815 1453 3858 non
1478 3796 1594 3877 potuit,

359 3906 439 3989 quin
467 3906 593 3989 saepius
618 3903 726 3969 Plauti
752 3904 898 3989 nomina,
926 3926 983 3968 our
1010 3904 1094 3969 enim
1122 3924 1221 3967 unum
1250 3903 1369 3984 solum,
1396 3905 1593 3985 ponerentur
1608 3927 1634 3968 eo

356 4016 441 4077 ante.
480 4011 534 4077 Sio
557 4017 641 4077 oerte
665 4012 831 4076 universae
855 4011 1045 4094 sententiae,
1070 4032 1166 4095 quam
1190 4011 1241 4075 oui
1259 4008 1411 4074 hariolari
1430 4008 1510 4072 libet
1530 4007 1593 4071 hoo

356 4118 455 4183 modo
479 4119 586 4184 animo
610 4118 673 4183 eibi
697 4119 847 4184 informet
871 4118 1004 4183 ‘multae
1028 4122 1104 4182 eunt
1126 4118 1253 4183 fabulae
1277 4138 1358 4201 quae
1377 4116 1516 4181 edoctis
1536 4115 1592 4179 ho-

356 4226 500 4291 minibus
523 4248 582 4311 pro
602 4227 761 4291 Plautinis
784 4226 971 4308 habeantur,
995 4247 1074 4309 quas
1098 4226 1137 4289 ad
1155 4224 1307 4290 Plautum
1325 4227 1454 4306 poetam
1473 4223 1600 4288 referre¹

358 4356 424 4397 non
451 4333 527 4399 lieet
535 4333 551 4418 ',
579 4333 788 4398 confirmandi
816 4354 912 4396 eausa
939 4331 1156 4397 subiioiuntur
1183 4332 1239 4396 illa
1263 4352 1344 4415 quae
1367 4352 1427 4395 nos
1452 4330 1591 4417 legimus

355 4442 517 4525 exempla:
540 4463 617 4506 uom
639 4460 694 4505 mo
719 4440 847 4505 Gemini
869 4440 991 4503 lenones
1013 4460 1067 4503 um
1088 4438 1274 4504 Condalium
1296 4458 1351 4502 uoo
1368 4437 1461 4502 Aous
1480 4436 1592 4501 Plouto'

356 4569 413 4613 meo
434 4548 496 4613 Bis
523 4569 696 4630 compresso
722 4568 777 4611 mo
799 4546 929 4611 Boeotio
956 4567 1105 4627 umquem
1130 4547 1196 4627 fuit
1220 4565 1317 4627 meque
1339 4546 1415 4609 odeo
1434 4544 1592 4627 Aproeous

355 4676 453 4737 neque
478 4654 717 4721 Commorientes
739 4655 848 4719 Moom'
872 4654 946 4717 Titi.
983 4652 1028 4715 Et
1056 4653 1208 4735 quoniam
1231 4649 1349 4715 Aesius
1378 4673 1444 4715 non
1466 4651 1590 4735 primus

357 4764 413 4825 sed
433 4768 507 4826 ante
526 4786 598 4827 eum
618 4762 674 4827 alii
692 4762 726 4825 in
740 4762 908 4825 veritatem
921 4758 1105 4823 fabularum
1120 4758 1340 4823 plautinarum
1355 4758 1592 4841 inquisiverunt

356 4866 436 4954 (hoo
459 4869 544 4932 enim
569 4866 691 4933 Gellius
714 4871 862 4943 testatur,
886 4888 956 4929 oum
980 4867 1111 4929 ineunte
1136 4864 1191 4929 illo
1216 4864 1320 4947 eapite
1341 4865 1387 4927 ita
1406 4865 1518 4929 scribit
1537 4866 1592 4947 qui
1627 4913 1629 4919 .
