3967 5725
382 625 431 690 58
577 630 714 680 XXXVII.
734 630 850 679 INDEX
868 630 1083 681 LEOTIONUM
1100 630 1334 683 AESTIVARUM
1353 632 1431 684 1898.

388 789 449 853 bus
473 791 595 856 ultimis
618 790 765 856 versibus
790 791 958 857 dicendum
983 789 1080 877 est*).
1116 789 1261 867 Quorum
1282 791 1317 856 in
1340 792 1445 875 primo
1470 792 1624 876 quisunt

381 900 453 963 tres
473 897 657 982 imperativi
675 896 800 981 ἄρηξον
818 894 897 963 ἐλθὲ
915 896 969 963 καὶ
989 900 1066 963 σκιὰ
1085 900 1227 981 φάνηθι,
1248 898 1352 963 critici
1371 898 1458 964 varie
1477 899 1623 983 copulari

388 1005 569 1083 voluerunt,
592 1002 730 1089 ἄρηξον,
759 1001 837 1071 ἐλθὲ
860 1003 915 1070 καὶ
939 1005 1031 1088 σκιᾶ,
1054 1005 1200 1089 φάνηθι,
1225 1004 1276 1070 vel
1299 1003 1441 1088 ἄρηξον,
1465 1002 1544 1070 ἐλθὲ
1567 1003 1622 1069 καὶ

389 1112 465 1176 σκιὰ
489 1111 631 1195 φάνηθι,
653 1116 810 1177 neutrum
826 1112 1047 1197 probabiliter,
1073 1133 1110 1175 ac
1133 1112 1199 1176 vim
1222 1113 1393 1177 verborum
1418 1113 1474 1195 qui
1496 1134 1623 1177 accura-

382 1218 452 1283 tius
481 1218 725 1303 examinaverit,
756 1241 823 1283 non
850 1219 1026 1303 dubitabit,
1055 1219 1134 1302 quin
1160 1218 1239 1283 haec
1266 1220 1329 1283 tria
1356 1219 1422 1283 sint
1448 1216 1623 1303 κομμᾶτια,

387 1323 577 1402 ἄσυνδέτως
596 1327 785 1410 composita,
804 1330 836 1389 et
853 1324 908 1390 καὶ
928 1326 1086 1409 particula
1103 1347 1171 1390 non
1190 1326 1406 1411 coniungendi
1424 1325 1532 1391 officio
1552 1325 1623 1389 fun-

388 1435 484 1517 gatur
503 1432 558 1496 sed
576 1432 642 1496 vim
663 1432 862 1497 diminuendi
879 1432 998 1497 habeat
1016 1430 1110 1519 (ανᾶι
1128 1429 1204 1518 ναν)
1225 1454 1288 1516 qua
1307 1432 1340 1496 id
1354 1433 1522 1498 extollitur
1536 1432 1624 1517 quod

388 1541 553 1622 tamquam
576 1539 745 1604 minimum
767 1540 908 1623 ponitur.
950 1539 1082 1625 Megara
1104 1544 1213 1604 autem
1236 1561 1430 1623 quamquam
1450 1538 1623 1604 Herculem

387 1649 552 1710 mortuum
581 1649 655 1710 ante
681 1668 742 1729 pro
766 1649 854 1711 certo
877 1647 1001 1730 posuit,
1027 1668 1114 1711 nunc
1136 1647 1267 1711 invocat
1289 1651 1326 1711 ut
1349 1647 1459 1710 virum
1482 1646 1537 1711 sed
1561 1647 1623 1712 sibi

342 1781 374 1821 rc
388 1752 466 1816 satis
493 1753 564 1817 fore
592 1751 774 1819 subindicat
797 1754 825 1816 si
847 1754 899 1817 vel
922 1752 1037 1817 umbra
1059 1753 1190 1817 redierit
1213 1775 1253 1817 ex
1275 1753 1396 1818 inferis.
1436 1752 1552 1837 Neque
1575 1757 1623 1817 est

390 1859 477 1942 quod
496 1859 534 1923 de
552 1859 757 1925 invocatione
775 1865 977 1924 mortuorum
997 1860 1158 1945 cogitetur
1177 1882 1249 1925 cum
1268 1859 1529 1943 Wilamowitzio,
1548 1860 1625 1943 quia

388 1964 468 2031 haec
491 1966 554 2030 tria
577 1968 650 2050 sint,
674 1988 756 2051 quae
778 1989 819 2032 ue
843 1971 918 2031 sunt
942 1965 1071 2050 quidem
1094 1967 1158 2031 tria
1176 1966 1307 2052 proprie
1325 1971 1363 2031 ut
1381 1966 1450 2050 ipse
1469 1988 1624 2031 memora-

388 2073 444 2153 vit,
469 2094 541 2137 cum
565 2074 622 2138 illa
645 2074 708 2139 duo
732 2072 866 2160 ἄρηξον,
891 2070 969 2139 ἐλθὲ
992 2074 1027 2138 in
1050 2095 1150 2137 unum
1174 2074 1364 2157 coalescant,
1388 2075 1477 2137 velut
1494 2072 1624 2138 Electra

388 2177 569 2265 Sophoclea
593 2181 672 2246 dicit
697 2179 761 2245 115
784 2178 906 2265 ἔλθετ’,
929 2179 1084 2266 ἀρήξατε,
1111 2182 1251 2246 τίσασθε
1274 2182 1398 2264 πατρὸς
1420 2182 1543 2264 φόνον,
1566 2180 1623 2244 ubi

386 2286 555 2353 Nauokius
578 2285 687 2353 ἔλθετ’
714 2288 842 2375 ἀρωγοί
862 2288 959 2353 scribi
983 2287 1096 2372 voluit,
1119 2286 1279 2352 inutiliter
1297 2287 1352 2351 sed
1371 2287 1412 2350 ad
1430 2286 1624 2351 sententiam

387 2398 473 2459 recte
498 2394 552 2482 (cf.
572 2394 669 2461 Rhea.
689 2393 778 2481 370).
819 2394 858 2461 In
881 2395 1008 2460 duobus
1031 2395 1164 2478 reliquis
1188 2394 1263 2478 quic
1286 2395 1320 2457 in
1344 2396 1445 2459 altero
1469 2397 1543 2458 utro
1567 2398 1624 2457 aut

387 2501 422 2565 in
440 2505 578 2586 utroque
600 2501 726 2586 aliquid
743 2502 939 2567 incommodi
957 2501 1077 2585 haeret,
1099 2502 1240 2585 fuerunt,
1259 2502 1455 2585 quicumque
1473 2501 1625 2587 primum,

388 2610 444 2693 qui
467 2607 528 2674 hos
551 2609 645 2693 duos,
672 2608 866 2693 Euripideae
890 2609 1031 2673 orationi
1054 2610 1137 2674 mule
1161 2612 1301 2692 assutos,
1324 2608 1444 2674 auferri
1466 2609 1623 2676 iuberent.

388 2714 513 2792 Quibus
537 2716 672 2781 sublatis
695 2716 775 2781 haec
798 2719 921 2782 restant
945 2713 1037 2803 (talia
1050 2716 1146 2780 'enim
1168 2716 1219 2779 uti
1242 2736 1336 2799 saepe
1360 2715 1496 2780 dicimus
1520 2716 1624 2781 oculis

341 2855 375 2898 ,ο
388 2822 587 2889 subiicienda
606 2826 689 2909 sunt,
708 2826 746 2888 ut
764 2822 873 2908 qualia
891 2823 956 2888 sint
971 2844 1053 2908 quae
1068 2822 1253 2888 criticorum
1267 2821 1427 2888 arbitratu
1441 2823 1625 2890 efficiuntur

386 2931 489 2996 libero
515 2953 609 2995 sensu
633 2931 796 2996 aestimari
819 2929 938 3018 possit)
1292 2915 1296 2921 ’

549 3031 575 3102 ὦ
600 3037 746 3121 φίλτατ’,
770 3043 805 3103 ελ
823 3062 873 3114 τις
896 3041 1055 3122 φθόγγον
1073 3038 1301 3103 εἰσακούσατον

548 3152 684 3229 θνητῶν
707 3144 790 3230 παρ’
805 3143 910 3230 Ἅιδη,
935 3142 988 3210 σοὶ
1012 3143 1095 3227 τάδ’,
1120 3144 1306 3228 Ἡράκλεις,
1330 3143 1431 3228 λέγω·

547 3250 691 3340 θνῄσκει
713 3254 818 3336 πατὴρ
843 3254 901 3329 σὸς
924 3249 979 3316 καὶ
1002 3249 1102 3333 τέκν’,
1125 3252 1266 3333 ὄλλυμαι
1290 3250 1321 3317 d'
1348 3250 1426 3335 ἐγώ,

548 3361 568 3444 ἢ
591 3358 674 3444 πρὶν
696 3363 840 3444 μακαρία
864 3360 920 3423 διὰ
944 3357 973 3423 σ’
1002 3355 1183 3443 ἐκλῃζόμην
1205 3361 1348 3442 βροτοῖς.

549 3465 686 3552 ἄρηξον,
711 3465 803 3550 ἐλθέ,
826 3466 880 3530 καὶ
905 3467 980 3530 σκιὰ
1005 3465 1140 3548 φάνηθί
1159 3489 1225 3546 μοι.

385 3572 462 3639 Non
486 3574 622 3639 dicimus
643 3573 796 3638 mutilam
819 3594 888 3636 esse
906 3571 1024 3636 horum
1043 3571 1222 3637 orationem
1241 3575 1297 3636 aut
1315 3573 1516 3656 sententiam,
1541 3594 1624 3656 quae

386 3703 481 3746 sanae
510 3682 611 3745 menti
634 3679 734 3745 tribui
757 3700 823 3744 uon
846 3680 964 3763 possit,
991 3678 1049 3743 sed
1071 3677 1134 3742 hoc
1156 3680 1317 3761 μείουρον
1339 3699 1441 3763 genus
1465 3679 1623 3743 orationis

386 3787 585 3852 affirmamus
613 3809 633 3852 a
659 3807 734 3852 vera
761 3785 928 3871 Euripidis
956 3784 1187 3881 consuetudine
1216 3782 1402 3867 abhorrere,
1436 3785 1507 3869 qui,
1535 3784 1623 3869 quod

334 3930 373 3970 ,ω
388 3895 499 3960 multis
527 3895 684 3979 exemplis
713 3893 858 3976 docetur,
886 3896 1045 3956 extremas
1073 3891 1185 3977 ῥήσεις
1207 3912 1273 3956 non
1296 3895 1364 3955 tam
1386 3893 1548 3975 praecisos
1572 3892 1624 3955 de
1663 3915 1666 3920 ·

387 4001 491 4066 sinere
510 4023 607 4086 quam
626 4000 766 4085 quodam
785 3999 894 4065 nativo
914 4020 1009 4064 cursu
1028 3998 1133 4062 evolvi
1151 3997 1273 4063 maluit.
1310 3996 1424 4082 Itaque
1443 3999 1523 4064 duos
1541 3998 1624 4063 istos

386 4128 498 4173 versus
523 4129 603 4192 quos
627 4107 675 4172 illi
700 4107 832 4172 demunt
855 4107 1035 4171 excutimus
1058 4106 1155 4189 ipsos,
1178 4108 1216 4169 ut
1235 4104 1314 4188 quid
1331 4105 1401 4170 veri
1418 4103 1453 4168 in
1472 4104 1521 4187 iis,
1545 4105 1623 4188 quid

385 4213 461 4293 falsi
480 4215 523 4279 sit
541 4219 597 4279 aut
616 4236 680 4298 quo
696 4214 792 4279 modo
812 4214 851 4278 ad
870 4235 978 4278 veram
997 4213 1136 4277 formam
1149 4211 1294 4276 revocari
1308 4211 1437 4297 possint
1450 4232 1623 4297 cognosca-

384 4342 468 4386 mus.
508 4319 555 4387 Ut
587 4324 767 4386 structurae
800 4320 878 4385 satis
902 4319 996 4384 fieret
1026 4319 1061 4383 in
1092 4318 1212 4402 priore,
1244 4316 1396 4383 Reislrius
1425 4319 1529 4402 ἄλκαρ
1558 4307 1623 4403 γὰρ

384 4426 499 4500 ἐλθὼν
528 4429 644 4492 ἱκανὸν
666 4428 709 4493 ἄν
732 4427 843 4512 γένοιο
868 4427 910 4492 σύ
933 4425 1166 4491 restituendum
1191 4424 1329 4490 coniecit
1344 4424 1535 4489 'coniectura
1554 4447 1625 4509 spe-

383 4534 487 4618 ciose,
511 4556 592 4617 quae
615 4533 719 4598 adhuc
742 4535 838 4599 claris
862 4531 1051 4614 editoribus,
1074 4529 1262 4617 Hartungo,
1285 4527 1434 4595 Nauckio
1457 4530 1623 4614 probatur.

384 4638 450 4705 Sed
478 4642 512 4706 in
539 4641 602 4705 hac'
628 4642 774 4706 oratione
803 4638 914 4706 ἐλθὼν
940 4644 1009 4733 tam
1036 4661 1102 4704 non
1129 4638 1306 4722 requiritur
1332 4641 1370 4702 ut
1396 4657 1497 4721 poene
1525 4636 1626 4703 mole·

475 4867 523 4960 ri)
543 4889 596 4960 [oo
616 4887 660 4942 us
679 4888 805 4944 vesias·
825 4885 928 4942 rurum
947 4882 1503 4956 egiturinprooem.hib.a.1sorsos.]
