3967 5725
372 1561 515 1635 XLVII.
542 1560 713 1634 INDEX
739 1559 1057 1632 LEGTIONUM
1085 1559 1431 1633 AESTIVARUM
1460 1562 1558 1634 1898.

319 1739 338 1794 8
447 1735 655 1813 Quaestiones
683 1735 837 1820 quasdam
860 1733 1113 1820 Aristophaneus
1136 1735 1357 1820 prooemiandi
1380 1757 1476 1799 eausa
1498 1735 1588 1800 eolli-

354 1845 470 1931 gimus,
492 1866 559 1909 non
577 1864 690 1928 graves
709 1844 892 1926 admodum,
911 1843 966 1906 sed
985 1842 1102 1927 quibus
1122 1843 1268 1927 quamvis
1286 1842 1460 1907 levioribus
1479 1847 1586 1908 tamen

354 1951 416 2015 hoo
435 1951 572 2015 fortasse
592 1949 718 2015 ostendi
736 1951 850 2034 possit,
873 1950 950 2032 quid
969 1950 1129 2036 agendum
1149 1950 1243 2014 sitin
1262 1950 1323 2013 hoo
1343 1971 1457 2036 genere
1475 1954 1513 2014 ut
1532 1949 1587 2014 ali-

355 2058 432 2142 quid
455 2057 699 2142 argumentandi
721 2057 755 2121 vi
773 2057 940 2121 efficiatur.
976 2056 1022 2121 Et
1044 2057 1106 2121 hoo
1125 2079 1193 2120 esse
1211 2057 1291 2121 utile
1306 2078 1475 2122 censemus
1493 2057 1533 2120 iis
1558 2057 1586 2121 si

355 2166 411 2248 qui
424 2164 557 2230 adhaec
571 2164 678 2228 studia
691 2164 891 2247 incumbunt,
906 2186 925 2226 a
938 2163 1098 2248 principio
1114 2164 1176 2227 sibi
1191 2163 1382 2248 persuadere
1390 2186 1457 2229 nou
1465 2186 1585 2228 meram

353 2270 521 2336 libidinem
536 2293 671 2356 regnare
685 2272 719 2334 in
733 2271 784 2335 his
797 2271 904 2354 rebuS,
922 2271 978 2335 sed
991 2269 1171 2335 rationibus
1187 2275 1219 2335 et
1233 2292 1399 2335 causarum
1413 2271 1585 2335 momentis

354 2378 484 2462 probari
504 2382 536 2442 et
548 2378 714 2462 reprobari
728 2382 877 2461 oportere
891 2382 929 2442 ut
942 2379 1022 2442 certi
1036 2378 1114 2461 quid
1128 2377 1351 2443 constituatur.
1384 2376 1585 2442 Disseremus

354 2489 461 2548 autem
480 2484 621 2568 primum
640 2485 679 2549 de
697 2485 843 2550 versibus
862 2485 1027 2549 nonnullis
1042 2484 1199 2569 Equitum
1218 2486 1317 2570 vulgo
1331 2506 1397 2548 non
1411 2489 1496 2549 reete
1510 2485 1585 2549 sori-

353 2593 419 2676 ptis
438 2596 493 2656 aut
511 2615 624 2677 parum
642 2614 794 2676 prospere
813 2591 1040 2676 interpretatis.
1077 2592 1158 2656 Eam
1177 2592 1319 2656 fabulam
1339 2615 1365 2656 a.
1379 2609 1585 2656 MDGGCLXIX
1599 2615 1628 2656 ro

352 2697 522 2784 Adolphur
545 2698 703 2765 Velsenus
736 2723 755 2764 a
786 2722 819 2763 se
852 2700 1051 2765 emendatam
1085 2705 1118 2764 et
1144 2698 1399 2784 locupletissimo
1428 2703 1584 2783 apparatu

353 2807 464 2872 oritieo
484 2808 673 2872 instructam
693 2807 848 2892 ediderat3
868 2808 959 2872 euius
977 2807 1132 2891 libellum,
1150 2807 1275 2891 pridem
1294 2806 1465 2871 divenditis
1482 2827 1585 2871 exem·

352 2914 510 2999 pluribus,
539 2936 642 2997 nuper
669 2914 797 2978 demum
826 2914 965 2980 Conradi
993 2915 1126 2980 Zaoheri
1153 2914 1314 2979 laudabile
1342 2914 1511 2979 eonsilium
1539 2914 1585 2977 in·

353 3020 560 3086 staurandum
574 3023 706 3086 curavit.
731 3020 793 3097 Qui
807 3044 878 3086 oum
894 3022 928 3086 in
943 3022 1150 3087 adnotatione
1159 3021 1299 3105 Velseni‚
1314 3044 1409 3105 quarn
1424 3022 1584 3105 duplieem

352 3130 499 3213 servavit,
522 3129 679 3193 nonnulla
702 3133 889 3213 removeret,
911 3130 975 3194 alia
998 3128 1172 3213 suppleret,
1195 3134 1265 3193 tum
1288 3133 1402 3212 poetae
1422 3129 1521 3192 verba
1539 3129 1585 3192 ita

352 3235 535 3322 descripsit,
561 3240 600 3299 ut
627 3236 661 3299 in
689 3238 799 3301 multis
827 3235 1009 3301 aVelseno
1037 3237 1170 3301 mutatis
1198 3237 1369 3320 pristinam
1393 3236 1583 3319 scripturam

352 3343 544 3427 restitueret,
562 3343 618 3407 sed
637 3347 670 3407 et
688 3344 756 3427 ipse
774 3366 841 3408 non
859 3366 962 3428 pausa
980 3366 1038 3409 suo
1057 3344 1200 3429 periculo
1215 3348 1271 3407 aut
1286 3344 1421 3408 aliorum
1436 3344 1583 3426 exemplo

354 3450 540 3534 corrigeret,
566 3451 660 3535 plura
683 3450 779 3514 etiam
803 3473 895 3517 eruoe
919 3452 1031 3516 oritioa
1054 3452 1198 3515 adhibita
1221 3452 1255 3515 in
1279 3451 1493 3535 suspicionem
1512 3450 1560 3513 vit

352 3560 489 3620 voearet.
527 3556 628 3633 Quam
652 3558 907 3645 recognitionem
929 3581 996 3623 non
1015 3558 1222 3643 indiligenter
1239 3580 1298 3622 neo
1317 3558 1385 3621 sine
1404 3556 1584 3622 eruditione

352 3662 469 3727 faetam
493 3664 549 3747 qui
572 3666 752 3729 accuratius
775 3666 1032 3749 pertractarent,
1060 3666 1092 3729 id
1117 3664 1245 3749 quidem
1269 3664 1438 3747 fatebitur,
1465 3663 1625 3729 inhaere

353 3791 482 3854 quoque
505 3771 670 3835 comoedia
693 3772 860 3855 accidisse,
884 3773 971 3856 quod
993 3773 1028 3836 in
1051 3771 1163 3837 multis
1187 3775 1332 3835 veterum
1354 3770 1461 3852 libris,
1484 3775 1522 3834 ut
1545 3793 1582 3836 eo

352 3878 459 3941 verior
477 3878 521 3941 sit
539 3899 650 3942 eorum
670 3878 892 3963 conformatio,
912 3901 975 3963 quo
995 3880 1128 3964 propius
1148 3902 1166 3943 a
1185 3881 1303 3942 testata
1317 3877 1476 3960 scriptura
1490 3877 1583 3962 absit,

352 3984 406 4049 sed
430 3989 462 4047 et
485 3983 566 4048 illud
584 3984 755 4070 intelliget,
777 4007 843 4049 non
861 3986 945 4049 nihil
963 3986 1083 4071 abesse,
1107 3989 1143 4050 ut
1162 3985 1258 4049 huius
1277 3983 1460 4048 comoediae
1479 3985 1581 4049 oratio

350 4090 518 4155 novissimi
547 4092 679 4155 editoris
708 4114 805 4156 manu
832 4093 987 4156 adornata
1013 4095 1077 4157 iam
1106 4114 1175 4157 eam
1203 4092 1236 4156 in
1265 4092 1414 4156 omnibus
1444 4091 1581 4174 speeiem

351 4198 500 4281 induerit,
523 4198 557 4261 in
580 4220 644 4281 qua
665 4197 760 4263 facile
779 4199 963 4283 acquiescas
982 4222 1020 4264 ae
1037 4200 1102 4264 frui
1120 4204 1234 4284 poetae
1253 4202 1362 4283 lepore
1380 4200 1478 4262 nullis
1498 4219 1583 4263 seru·

349 4304 435 4387 pulis
463 4309 521 4368 aut
547 4304 681 4369 salebris
709 4306 880 4390 impeditus
907 4307 1023 4389 possis.
1059 4304 1112 4371 Ad
1139 4329 1209 4371 eam
1233 4308 1332 4391 igitur
1356 4304 1581 4370 stabiliendam

351 4411 614 4495 explicandamve
637 4412 759 4496 aliquid
782 4414 810 4476 si
832 4436 1004 4496 possumus
1028 4410 1236 4480 conferemus.

439 4536 452 4581 1
474 4516 608 4583 Initium
626 4520 743 4605 agendi
760 4520 896 4585 facimus
915 4544 933 4583 a
951 4522 1112 4605 principio
1132 4521 1322 4587 comoediae.
1359 4520 1438 4585 lude
1457 4543 1476 4584 a
1494 4544 1522 4585 v.
1540 4519 1579 4583 11

349 4623 429 4689 haee
450 4624 550 4689 habet
571 4624 705 4690 Zaeheri
727 4626 809 4691 liber
832 4650 906 4693 oum
925 4627 1065 4693 Velseno
1089 4650 1125 4693 ao
1148 4630 1310 4714 plerisque

313 4741 334 4797 4
425 4732 464 4795 11
511 4736 589 4797 ΛΗ.
611 4735 646 4797 τί
666 4734 859 4818 κινυρόμεθ’
888 4736 1009 4815 ἄλλως
1032 4736 1094 4801 οὐκ
1117 4735 1216 4821 ἐχρῆν
1241 4739 1347 4819 ζητεῖν
1370 4759 1444 4800 τινα
1596 4759 1622 4799 eo

609 4845 775 4925 σωτηρίαν
797 4849 878 4928 νῷν,
901 4841 984 4907 ἀλλὰ
1008 4844 1051 4926 μὴ
1074 4842 1187 4909 κλάειν
1211 4838 1273 4921 ἔτη
