3967 5725
390 626 456 694 300
577 632 701 683 xuvm.
713 631 836 681 'INDEX
855 630 1069 690 LECTIONUM
1087 628 1328 680 EJBERNARUM
1347 629 1478 697 1898299.

711 792 748 868 ὃς
770 789 900 875 ἕτοιμος
920 800 982 856 σοῦ
1005 799 1066 856 τοῦ
1089 813 1125 854 τε
1147 797 1287 875 ποιητοῦ

709 908 771 964 τοῦ
794 902 994 974 καλλιεποῦς
1016 898 1099 962 κατὰ
1122 906 1183 962 τοῦ
1206 904 1352 982 θριγκοῦ

710 1007 951 1089 γογγυλίσας
974 1001 1052 1089 [καὶ
1076 1003 1313 1088 συστρέψας]

709 1113 803 1177 τουτὶ
825 1112 863 1176 τὸ
885 1109 965 1188 πέος
987 1118 1181 1195 χοανεῦσαι,

388 1223 422 1285 in
446 1221 563 1305 quibus
587 1219 696 1284 eadem
719 1218 816 1283 nobis
839 1218 984 1302 quaestio
1009 1217 1160 1303 agitanda
1183 1221 1245 1302 est,
1274 1219 1379 1282 sintne
1401 1217 1494 1300 haec,
1520 1220 1624 1283 metro

387 1327 538 1394 videlicet
563 1349 631 1393 non
657 1326 802 1409 turbato,
830 1325 920 1390 falsis
948 1324 1174 1390 additamentis
1204 1329 1298 1389 aucta
1321 1347 1362 1389 an
1384 1345 1451 1389 non
1474 1325 1548 1388 sint.
1584 1321 1623 1386 In

388 1458 452 1520 qua
472 1458 507 1500 re
526 1435 670 1499 ordimur
688 1433 729 1498 ab
748 1432 890 1498 eiusdem
911 1431 1025 1498 Cobeti
1044 1431 1262 1516 disputatione
1282 1432 1316 1496 in
1334 1429 1444 1496 Variis
1462 1429 1623 1497 Lectioni-

387 1543 449 1606 bus
472 1564 492 1606 a
514 1565 544 1627 p.
564 1541 630 1606 375
654 1540 809 1625 exposita.
847 1539 910 1616 Qui
929 1543 1140 1623 posteaquam
1161 1542 1326 1604 oratorum
1345 1537 1538 1622 Atticorum,
1554 1537 1624 1606 ¹De·

387 1648 581 1734 mosthenis,
607 1646 759 1713 Isocratis
783 1647 946 1712 orationes
969 1646 1073 1711 foedis
1098 1644 1290 1730 quibusdam
1315 1644 1517 1730 glossematis
1540 1645 1624 1709 leva·

348 1781 376 1821 ro
389 1757 451 1839 vit,
477 1755 541 1821 hoc
568 1754 730 1839 praefatus
759 1751 869 1818 ‘Nihil
895 1756 945 1818 est
968 1752 1077 1817 Poetis
1106 1753 1141 1817 in
1169 1755 1271 1817 metro
1295 1751 1447 1836 praesidii
1471 1751 1625 1816 adversus

388 1861 617 1928 eiusdemmodi
646 1860 858 1947 corruptelas'
885 1859 950 1924 illis
979 1859 1135 1944 exemplis
1158 1858 1407 1943 Aristophaneis
1431 1858 1623 1924 sententiam

387 1971 575 2035 confirmare
598 1989 769 2054 aggressus
793 1970 851 2032 est.
887 1966 1013 2051 Nempe
1035 1966 1172 2030 sublatis
1191 1966 1318 2032 demum
1338 1966 1444 2030 verbis
1463 1965 1626 2050 insiticiis,

387 2077 505 2161 quibus
532 2097 633 2141 uncos
661 2075 857 2155 addidimus,
885 2075 1040 2139 sinceram
1068 2076 1183 2158 poetae
1207 2073 1385 2139 orationem
1408 2072 1537 2156 prodire
1560 2070 1623 2136 sibi

387 2183 555 2268 persuasit,
578 2183 613 2248 in
636 2183 817 2266 Lysistrata
839 2181 922 2246 hauc
1283 2171 1285 2176 ¹

708 2289 838 2376 νεγᾶλγ
861 2295 957 2375 τυφῷ
978 2285 1256 2371 ξυγγογγύλας

709 2401 815 2480 οἴχοιο
838 2392 953 2479 φέρων
983 2446 986 2451 ,

389 2507 424 2569 in
447 2501 789 2587 Thesmophoriaausis
812 2504 920 2565 autem

963 2591 1045 2656 κατὰ
1069 2599 1130 2656 τοῦ
1153 2596 1299 2674 θριγκοῦ

709 2697 988 2781 συγγογγύλας

709 2803 803 2871 τουτὶ
825 2805 862 2870 τὸ
885 2803 965 2882 πέος
987 2813 1177 2889 χοανεῦσαι.

386 2915 436 2981 Αο
458 2915 526 2979 sive
549 2918 635 2979 recte
659 2914 726 2977 sive
748 2934 846 2997 prave
869 2912 1039 2998 iudicavit,
1065 2916 1191 2977 tantum
1215 2917 1362 2997 apertum
1385 2917 1446 2997 est,
1470 2936 1623 2980 numeros

385 3022 470 3087 nihil
492 3021 698 3107 prohibuisse
722 3020 894 3105 quominus
917 3019 974 3084 illu
998 3019 1190 3084 adderentur
1213 3041 1295 3104 quae
1321 3019 1476 3086 demenda
1498 3022 1624 3085 censuit

386 3130 427 3194 ab
451 3150 553 3214 eoque
582 3126 834 3193 excluderentur.
872 3123 935 3190 Sed
958 3126 1037 3210 quid
1059 3148 1170 3191 verum
1195 3125 1238 3191 sit
1261 3126 1295 3191 iu
1317 3127 1379 3192 hac
1402 3148 1510 3211 causa,
1539 3150 1620 3212 quae

386 3241 435 3301 est
456 3236 647 3320 complicata
664 3233 847 3316 admodum,
870 3233 938 3297 eius
957 3233 1004 3297 rei
1023 3234 1152 3298 aliunde
1171 3233 1309 3317 petenda
1327 3238 1517 3321 argumenta
1536 3239 1621 3309 sunt,

386 3343 494 3427 Atque
527 3346 564 3406 ut
595 3342 657 3406 hoc
685 3340 944 3426 praemittamus,
976 3340 1062 3425 quod
1092 3362 1165 3406 cum
1193 3344 1304 3407 nostra
1331 3342 1519 3425 quaestione
1547 3363 1621 3408 con-

385 3452 531 3516 iunctum
555 3470 620 3513 uon
643 3452 702 3532 est,
724 3448 759 3512 in
782 3469 820 3511 eo
844 3445 985 3512 Cobetus
1009 3469 1083 3512 vere
1106 3447 1233 3513 videtur
1255 3447 1405 3532 iudicare,
1429 3450 1517 3532 quod
1539 3471 1622 3534 quae

385 3558 543 3622 librorum
575 3555 638 3620 fide
670 3554 887 3640 vulgabantur
915 3555 1038 3619 formae
1065 3553 1329 3639 ξυγγογγυλίσας
1357 3558 1390 3620 et
1417 3560 1622 3639 γογγυλίσοις

385 3664 588 3749 (γογγυλιζει
612 3661 804 3747 Thesmoph.
824 3660 883 3749 56)
914 3661 1009 3727 nihili
1043 3684 1111 3727 esse
1144 3663 1203 3746 ait,
1234 3684 1342 3727 veram
1363 3663 1511 3733 ,formam
1539 3664 1620 3730 mul-

384 3777 492 3836 torum
515 3770 664 3856 analogia
685 3770 803 3853 probat
826 3791 894 3834 esse
918 3791 984 3834 non
1002 3772 1186 3854 γογγυλίζοι
1207 3769 1262 3833 sed
1282 3770 1464 3853 γογγύλλοι,
1488 3774 1524 3835 ut
1543 3768 1618 3854 ξνγ·

345 3925 371 3965 ,0
386 3879 553 3962 γογγύλας
585 3881 618 3941 et
649 3876 911 3961 [συγ]γογγύλας
943 3877 977 3940 in
1004 3876 1186 3960 Lysistrata
1219 3881 1251 3941 et
1278 3876 1621 3961 Thesmophoriazusis

386 3985 578 4071 (γογγύλλει
607 3983 801 4068 Thesmoph.
823 3980 882 4068 56)
916 3983 1149 4049 emendandum
1177 4006 1246 4050 esse
1274 3988 1439 4069 appareat:
1471 3984 1504 4048 id
1533 3983 1619 4067 quod

385 4096 449 4160 iam
472 4097 548 4160 ante
568 4090 699 4156 fuerunt
719 4091 775 4173 qui
793 4089 996 4156 scribendum
1016 4090 1280 4177 proponerent*).
1318 4089 1382 4156 Sed
1400 4091 1429 4155 ei
1448 4090 1620 4174 participio

386 4200 473 4286 quod
496 4203 634 4283 utroque
656 4197 728 4262 loco
753 4200 908 4282 cognatae
931 4198 1178 4284 significationis
1201 4198 1335 4263 verbum
1359 4188 1543 4283 ξυστρέψας
1566 4196 1619 4261 ad-

384 4310 503 4373 iectum
527 4309 589 4389 est,
614 4303 793 4388 explicandi
818 4304 924 4389 grstia
946 4328 965 4369 a
986 4307 1095 4371 nescio
1120 4327 1183 4391 quo
1208 4304 1404 4389 adscriptum
1429 4309 1461 4369 et
1483 4326 1541 4389 per
1564 4303 1618 4371 καὶ

384 4413 586 4499 particulam,
609 4415 646 4476 ut
668 4410 796 4489 assolet,
820 4411 959 4476 orationi
983 4410 1139 4477 insertum
1161 4434 1239 4496 esse,
1262 4410 1461 4495 Hesychium
1480 4414 1620 4477 antesta

384 4527 447 4606 tur,
469 4519 556 4605 apud
579 4540 673 4603 quom
698 4540 769 4583 cum
793 4517 872 4583 haec
889 4519 1040 4604 legantur
1057 4520 1248 4604 γογγύλειν·
1272 4518 1474 4603 συστρέφειν
1492 4519 1621 4606 glossae

384 4650 513 4694 oausam
540 4647 702 4711 apparere.
739 4625 776 4690 In
799 4624 980 4708 Lysistrata
1006 4626 1069 4691 hoc
1096 4627 1171 4711 plus
1198 4625 1335 4711 addidit,
1363 4630 1401 4692 ut
1424 4627 1520 4692 simul
1546 4648 1619 4693 cum

384 4735 483 4800 verbo
510 4754 628 4797 nomen
656 4732 791 4796 alterum
814 4730 869 4797 καὶ
892 4741 1056 4819 πρηστῆρι
1080 4733 1243 4819 exstingui
1267 4734 1399 4799 iuberet.
1438 4734 1531 4811 Quod
1555 4756 1621 4820 qua

473 4885 537 4955 *82)
557 4886 630 4942 Vide
648 4890 800 4961 praecipue
819 4889 932 4944 doctam
946 4889 979 4946 R.
988 4886 1099 4961 lingeri
1113 4891 1326 4947 adnotationem
1340 4892 1377 4947 ad
1391 4890 1559 4963 Thesmoph.
1575 4898 1618 4949 56.
