3967 5725
671 602 954 652 aamunarrouus
973 568 1198 653 emersura(
1503 598 1545 662 27

311 762 386 845 fuit,
410 762 608 846 attendisset,
630 783 733 847 paene
756 763 910 827 miramur
933 784 1008 826 eum
1030 784 1096 827 non
1119 761 1216 826 simul
1234 762 1316 826 illud
1335 763 1548 847 perspexisse,

312 869 396 933 nihil
424 870 570 953 potuisse
599 869 705 953 aptius
735 870 769 935 in
801 869 861 933 hac
893 869 1053 934 sententia
1084 870 1162 953 poni
1195 891 1291 953 quam
1325 870 1433 952 ipsum
1464 868 1547 934 illud

311 977 435 1061 olfacio,
458 974 549 1040 cuius
569 976 726 1062 originem
746 999 764 1039 a
782 976 971 1063 glossatoris
991 975 1126 1041 consilio
1145 975 1261 1040 maluit
1280 998 1376 1060 quam
1395 999 1415 1040 a
1432 980 1547 1060 poetae

305 1106 412 1148 -rnanu
434 1087 585 1167 repetere.
631 1082 685 1149 Ut
701 1084 786 1149 enim
805 1083 969 1167 paulisper
987 1104 1147 1167 ponamus
1165 1084 1380 1168 interroganti
1407 1082 1469 1164 (lai
1486 1086 1548 1149 seis

312 1188 570 1255 Acroteleutium
593 1191 797 1273 respondisse
820 1190 891 1255 Scio
918 1189 1039 1272 edepol:
1067 1190 1197 1272 olfacio:
1219 1210 1296 1254 adm
1319 1190 1410 1255 odore
1431 1211 1547 1255 aarum

310 1300 429 1363 sentiat
450 1300 480 1362 si
502 1299 589 1361 iolas
610 1300 660 1382 sil,
684 1296 762 1380 quid
785 1298 819 1361 in
842 1296 902 1361 hac
925 1296 1071 1362 oratione
1093 1319 1161 1361 non
1183 1296 1280 1361 modo
1303 1301 1388 1361 recte
1406 1296 1463 1361 sed
1480 1320 1547 1362 non

310 1405 408 1489 plane
436 1404 564 1491 egregie
593 1404 657 1468 dici
684 1408 845 1489 putamus.
897 1403 985 1480 Quae
1014 1426 1086 1469 cum
1114 1403 1324 1468 affirmaverit
1351 1406 1412 1468 scio
1434 1404 1547 1487 depol,

311 1502 441 1575 causam
473 1510 609 1577 fiduciae
642 1511 731 1575 addit
763 1511 888 1594 olfaci0,
921 1514 953 1576 et
984 1533 1096 1576 rursus
1129 1510 1205 1575 huie
1237 1509 1419 1595 explicandi
1452 1532 1548 1575 causa

312 1616 445 1682 subiicit
476 1617 532 1681 illa
563 1639 641 1683 aare
672 1619 764 1684 odore
795 1637 909 1683 aasaai
940 1619 1055 1693 septici
1086 1619 1115 1681 si
1146 1618 1233 1682 iales
1263 1618 1317 1695 eil,
1354 1638 1426 1681 oum
1463 1617 1547 1683 hanc

310 1724 484 1805 olfaciendi
505 1724 571 1788 vim
595 1726 641 1789 ita
664 1726 905 1809 interpretatur,
927 1727 965 1789 ut
987 1746 1022 1788 se
1045 1723 1128 1788 nihil
1151 1724 1275 1790 scilicet
1298 1724 1430 1805 olfacere
1452 1724 1546 1807 dicat,
1562 1751 1588 1791 ro

312 1853 352 1895 ex
377 1853 477 1915 eaque
500 1853 535 1895 re
560 1831 711 1918 colligere
735 1854 830 1915 quern
859 1834 990 1916 expetat
1012 1854 1079 1896 non
1106 1852 1175 1895 esse
1203 1830 1305 1913 intus,
1332 1831 1422 1896 velut
1449 1832 1546 1915 paulo

311 1940 388 2021 post
407 1935 450 2023 (v.
469 1938 528 2023 43)
548 1960 586 2002 ex
607 1940 705 2003 odore
724 1939 780 2021 qui
799 1938 843 2001 sit
861 1936 997 2002 eundem
1015 1960 1117 2022 prope
1136 1938 1246 2001 adesse
1265 1938 1397 2003 divinat.
1429 1938 1546 2003 Plauto

311 2047 421 2107 autem
440 2044 503 2129 ipsi
522 2044 634 2127 olfacio
654 2045 681 2109 si
700 2044 866 2128 tribuitur,
884 2044 1106 2109 Palatinorum
1125 2044 1283 2108 librorum
1302 2044 1463 2130 scripture
1480 2068 1548 2110 non

312 2148 478 2215 difficilius
502 2152 631 2234 quidem
655 2151 850 2236 explicatum
873 2150 971 2215 habet
995 2161 1092 2234 qu'am
1115 2150 1306 2237 glossatoris
1330 2174 1428 2235 opera
1450 2152 1547 2216 inter-

310 2257 428 2342 posita.
474 2256 587 2341 ltaque
611 2259 772 2323 mordicus
796 2258 967 2322 tenendum
991 2278 1061 2322 esse
1084 2257 1196 2339 olfacio
1215 2259 1339 2343 aiimus‚
1362 2279 1466 2343 neque
1485 2248 1547 2323 hoc

311 2364 475 2449 singulare
495 2365 595 2430 estin
614 2365 675 2429 hae
692 2364 803 2429 fabula
821 2366 902 2429 istos
922 2363 1003 2429 duos
1022 2368 1131 2448 testes,
1151 2364 1267 2449 quibus
1282 2387 1369 2432 nunc
1383 2365 1547 2451 integrum

309 2470 425 2552 olfacio
448 2476 615 2557 acceptum
639 2472 749 2557 fertur,
772 2472 922 2536 exhibere
945 2473 1042 2556 plena
1065 2475 1121 2536 aut
1142 2473 1307 2537 emendate
1326 2473 1446 2556 scripta
1464 2494 1547 2556 quae

311 2578 344 2641 in
369 2578 462 2643 libris
486 2578 643 2644 Palatinis
667 2579 782 2644 mutila
810 2584 885 2644 sunt
912 2579 963 2643 vel
992 2578 1177 2663 depravata:
1206 2580 1294 2662 quod
1321 2601 1423 2665 genus
1452 2578 1547 2662 quale

311 2686 363 2769 sit,
393 2707 433 2749 ne
456 2687 524 2750 sine
548 2687 694 2771 exemplo
722 2685 902 2770 loquamur,
929 2684 1092 2771 intelliget
1120 2686 1147 2749 si
1172 2686 1245 2769 quis
1268 2687 1320 2749 vel
1344 2684 1384 2749 ad
1407 2685 1544 2770 1v2,87

311 2814 395 2877 quae
418 2792 579 2878 adscripta
597 2797 673 2857 sunt
691 2792 877 2857 testimonia
896 2794 1051 2857 attentius
1070 2793 1278 2879 perspexerit.
1314 2792 1424 2857 Unum
1442 2796 1544 2857 restat
1559 2820 1586 2861 so

308 2902 481 2986 agendum,
504 2906 541 2965 ut
564 2900 647 2965 hanc
670 2923 737 2965 rem
760 2903 862 2964 totam
886 2900 1095 2984 disputemus.
1141 2900 1272 2964 Etenim
1295 2922 1407 2965 versus
1426 2902 1482 2984 qui
1500 2901 1547 2964 ita

307 3012 407 3071 natus
433 3013 483 3072 est

314 3115 399 3197 Quia
422 3114 485 3178 aia
508 3121 552 3180 esi
575 3116 659 3180 ictas
680 3135 769 3196 quem
792 3135 844 3196 epo
862 3114 936 3178 calc.
955 3114 965 3198 ll
987 3115 1049 3195 Qui
1066 3115 1150 3180 seis?
1167 3114 1179 3198 ΙΙ
1195 3115 1268 3181 Seio
1287 3115 1409 3197 edepol:
1434 3115 1547 3196 olfacio

308 3220 508 3287 intolerabili
540 3221 658 3286 duritie
689 3221 825 3286 laborat.
881 3219 984 3296 Quam
1017 3220 1147 3304 quidem
1182 3220 1277 3285 facile
1315 3221 1449 3307 effugias
1485 3243 1546 3306 pro

313 3327 420 3408 edepol
443 3329 584 3412 reposito
608 3328 721 3392 hercle:
759 3330 820 3410 (lai
842 3328 924 3393 seis?
957 3327 1029 3392 Scia
1051 3327 1165 3392 hercle:
1197 3326 1355 3414 olfacio').
1400 3326 1437 3391 Id
1460 3329 1547 3411 quod

402 3523 467 3588 *25)
488 3519 600 3592 [Adhuc
615 3520 656 3574 ita
671 3521 762 3575 sentio
777 3519 850 3573 nihil
865 3521 959 3590 aptius
975 3520 1183 3574 adorationem
1198 3523 1227 3574 et
1240 3520 1410 3575 sententiam
1419 3520 1547 3590 potuisse

307 3608 398 3662 scribi
417 3625 503 3677 quarn
522 3625 539 3662 a
557 3626 602 3664 me
622 3610 860 3664 commendatum:
880 3609 917 3663 M.
932 3627 982 3664 eur
1000 3627 1057 3664 aaa
1065 3609 1184 3678 pallae?
1210 3610 1243 3664 A.
1261 3611 1334 3680 Qaia
1348 3627 1405 3664 aaa
1418 3617 1456 3664 est
1470 3611 1548 3664 iotae

308 3715 389 3766 quem
412 3715 459 3769 epo
477 3699 544 3753 cola.
578 3699 614 3752 M.
633 3699 688 3770 ραι·
705 3698 777 3754 scis?
812 3699 844 3752 A.
860 3699 921 3754 Scio
940 3700 1034 3768 edepol
1052 3699 1164 3765 olfacio:
1184 3717 1249 3754 aem
1270 3700 1350 3754 odore
1369 3716 1469 3753 casam
1486 3715 1547 3752 sea-

307 3789 371 3852 liat,
391 3787 417 3841 si
434 3788 511 3842 ictae
528 3789 572 3842 sit.
605 3787 650 3856 (ef.
666 3787 727 3842 Ter.
742 3789 827 3841 Andr.
845 3794 895 3842 352
917 3787 973 3859 Qui
991 3787 1064 3843 scis?
1088 3789 1121 3841 D.
1137 3789 1231 3858 Scio.);
1250 3788 1281 3841 in
1299 3803 1388 3854 eaque
1407 3804 1437 3841 re
1456 3802 1546 3856 paene

307 3875 514 3931 assentientem
537 3876 625 3930 habui
647 3877 782 3941 Leonem,
806 3876 855 3944 qui
878 3877 979 3944 olfacio
1003 3877 1131 3945 quidem,
1155 3894 1210 3944 quo
1234 3875 1307 3930 nihil
1326 3875 1418 3930 verius
1438 3877 1481 3928 est
1500 3875 1545 3946 (of.

309 3965 486 4031 Men.12,53
505 3967 600 4036 ecqaid
614 3974 645 4020 ta
657 3967 690 4020 de
704 3967 784 4022 odore
794 3968 893 4036 poesis,
906 3966 1000 4035 siquid
1013 3968 1083 4033 forte
1097 3967 1227 4033 olfeceria
1240 3966 1330 4033 facere
1343 3966 1546 4034 mandaram),

308 4071 421 4108 mecum
444 4055 569 4109 retinuit.
602 4055 689 4122 Atqui
712 4055 806 4125 edepol
827 4054 881 4109 hoc
904 4056 1022 4108 accentu
1041 4055 1066 4108 si
1084 4054 1200 4109 defendi
1218 4071 1274 4107 non
1293 4055 1388 4123 potest
1406 4056 1491 4123 (quae
1509 4055 1547 4110 si-

308 4143 391 4198 milia
410 4147 477 4196 sunt
496 4146 545 4198 aut
563 4160 623 4198 esse
642 4144 793 4198 creduntur
811 4160 868 4197 non
886 4143 1008 4212 ignoro),
1032 4144 1063 4196 in
1081 4143 1188 4198 incerto
1207 4144 1278 4197 haec
1296 4159 1340 4198 res
1358 4141 1546 4210 relinquenda

308 4234 365 4287 est:
386 4248 455 4285 nam
473 4249 545 4300 quae
563 4235 710 4301 praeterea
728 4232 874 4302 proposita
892 4231 959 4300 vidi,
978 4248 1052 4299 quae
1070 4233 1238 4302 praesertim
1256 4234 1358 4302 olfacio
1377 4232 1546 4298 destituunt,

308 4320 411 4374 dubito
435 4338 520 4388 quam
542 4320 702 4390 probabilia
723 4321 787 4375 sint.
821 4321 880 4391 Ego
900 4320 975 4390 quod
993 4323 1079 4376 hercle
1097 4339 1148 4391 pro
1167 4323 1261 4390 edepol
1278 4321 1484 4375 restituendum
1503 4322 1546 4374 id-

307 4426 365 4478 que
388 4409 501 4464 mulieri
525 4410 648 4463 dandum
672 4409 821 4480 opinabar,
844 4410 1036 4465 reiectaneum
1059 4410 1146 4465 fuisse
1169 4410 1368 4465 Fleckeisenus
1392 4410 1432 4479 (in
1451 4410 1544 4464 annal.

190 4541 191 4556 r
310 4503 380 4552 1892
394 4516 423 4568 p.
439 4501 501 4568 214)
521 4498 650 4568 coarguit
668 4515 700 4552 eo
719 4501 886 4568 argumento
905 4497 981 4565 qnod
999 4500 1072 4554 teste
1092 4497 1183 4554 Gellio
1202 4501 1328 4554 mulieres
1342 4500 1485 4553 Romanae
1494 4516 1547 4567 per

190 4567 191 4594 ¹
309 4587 458 4643 Herculem
480 4604 537 4642 aaa
559 4588 726 4642 deiuraaiese
749 4589 899 4641 constaret.
938 4585 978 4641 af.
999 4587 1142 4641 Charisius
1166 4607 1193 4657 p.
1215 4593 1279 4655 198,
1300 4593 1333 4642 18
1343 4588 1376 4640 Κ.
1413 4587 1454 4640 Ac
1477 4586 1546 4640 lieet

309 4675 440 4746 exempla
459 4677 570 4730 exstent
588 4677 665 4744 apud
684 4675 825 4741 Plautum,
844 4691 986 4745 perpauca
1001 4676 1115 4742 quidem
1129 4693 1181 4731 nec
1196 4693 1230 4731 ea
1244 4679 1322 4731 certa
1336 4675 1410 4746 (vide
1424 4673 1545 4728 maxime

310 4763 418 4820 Cistell.
433 4785 443 4818 1
459 4770 482 4830 1,
498 4768 542 4834 54)
562 4766 591 4819 et
609 4764 677 4819 lieet
696 4764 803 4819 Gellius
823 4766 865 4818 ita
884 4764 990 4819 scribat
1009 4783 1037 4817 11
1053 4770 1077 4831 6,
1092 4771 1109 4816 3
1127 4783 1265 4834 aruspicum
1277 4767 1410 4832 scriptam
1423 4763 1547 4816 invenire

191 4879 192 4916 3
310 4862 348 4909 eet
362 4855 441 4924 apud
451 4854 562 4909 idoneos
572 4854 680 4923 quidem
689 4855 834 4922 scriptores
842 4861 893 4910 ard
901 4853 1059 4908 irrelercle
1071 4855 1205 4919 feminam
1214 4855 1302 4908 dicere
1311 4859 1362 4907 aar
1374 4867 1420 4904 me
1434 4856 1547 4903 castor
