3967 5725
695 650 944 714 oumsrroras
961 651 1272 704 narsroerrnrnln.
1537 649 1601 714 307

676 810 731 878 καὶ
755 815 956 896 βωμολόχων
979 813 1222 897 δημοπιθήκων

549 919 635 985 1086
681 917 966 998 ἐξαπατώντων
989 921 1058 984 τὸν
1082 921 1208 1004 δῆμον
1230 919 1303 1004 ἀεί,

678 1027 833 1111 λαμπάδα
856 1023 886 1090 δ’
914 1023 1027 1102 οὐδεὶς
1049 1016 1119 1103 οἷός
1142 1049 1177 1090 τε
1200 1025 1324 1111 φέρειν’

677 1132 733 1198 ὑπ’
760 1131 967 1217 ἀγυμνασίας
989 1129 1039 1197 ἔτι
1062 1135 1149 1199 νυνί.

371 1241 422 1307 De
450 1263 545 1306 versu
574 1241 660 1306 1086
684 1240 845 1327 Bergkius
872 1239 997 1325 primus
1025 1241 1088 1305 iam
1116 1244 1187 1304 tum
1215 1262 1287 1307 cum
1315 1243 1455 1325 primum
1481 1239 1607 1306 Aristo-

372 1348 490 1434 phanis
514 1349 694 1413 comoedias
718 1347 825 1412 ederet
845 1369 871 1412 a.
894 1346 979 1412 1852
1003 1348 1038 1411 in
1061 1346 1260 1432 praefatione
1284 1348 1422 1414 breviter
1440 1347 1608 1414 adnotavit

374 1456 459 1521 ‘fort
478 1454 639 1520 subditius
658 1455 728 1538 est’,
751 1453 851 1537 idque
869 1456 986 1518 iterata
1004 1453 1145 1520 editione
1163 1477 1190 1521 a.
1212 1454 1296 1520 1867
1317 1455 1456 1540 repetiit,
1478 1477 1607 1522 versum

373 1565 480 1648 ipsum
513 1583 572 1627 nec
603 1561 676 1627 loco
708 1560 811 1627 movit
842 1582 947 1645 neque
975 1561 1069 1626 obelo
1096 1561 1230 1627 notarit.
1272 1561 1344 1638 Quo
1371 1566 1502 1628 auctore
1530 1560 1608 1626 Mei-

373 1669 487 1735 nekius
516 1668 713 1734 confidenter
740 1689 868 1733 versum
896 1690 954 1732 sua
981 1668 1056 1732 sede
1083 1668 1310 1752 proturbatum
1338 1670 1373 1734 in
1399 1670 1500 1734 imum
1528 1691 1607 1734 mar·

374 1778 482 1862 ginem
513 1777 676 1862 relegavit.
718 1774 904 1860 Eademque
930 1779 1038 1839 mente
1061 1773 1219 1842 Velsenus
1247 1799 1375 1842 versum
1402 1780 1515 1860 utpote
1542 1775 1607 1840 iam
1622 1802 1648 1842 ιο

376 1881 569 1967 ἐστιγμένον
597 1905 698 1948 uncos
726 1883 852 1947 trahere
880 1882 983 1947 iussit
1021 1882 1166 1948 Kochius
1195 1905 1323 1968 quoque
1351 1889 1383 1948 et
1410 1882 1608 1968 Blaydesius,

375 1992 431 2074 qni
458 1993 555 2055 istam
583 1991 775 2055 sententiam
802 1989 1041 2055 memorandam
1068 1989 1242 2074 duxerunt,
1269 1990 1418 2056 nonnihil
1441 1990 1470 2054 ei
1494 1991 1608 2074 proha-

374 2098 511 2162 bilitatis
534 2097 610 2161 dare
632 2096 790 2162 ridentur.
828 2094 892 2161 Sed
913 2119 1019 2180 neque
1042 2097 1077 2161 hi
1097 2097 1152 2182 qui
1172 2096 1337 2182 ἐπέχουσι,
1361 2118 1464 2182 neque
1483 2096 1531 2161 illi
1552 2098 1607 2181 qui

375 2227 465 2270 reum
491 2204 752 2287 condemnarunt,
776 2204 947 2289 quicquam
970 2205 1115 2288 rationis,
1139 2227 1203 2289 quo
1223 2204 1377 2273 iudicium
1395 2205 1516 2268 fachrm
1535 2225 1609 2269 eon-

374 2312 565 2397 firmaretur,
588 2311 778 2376 attulerunt:
807 2317 844 2376 ut
865 2311 976 2396 magni
999 2311 1103 2376 critici
1127 2313 1245 2392 solent,
1271 2311 1333 2376 sibi
1357 2311 1442 2377 credi
1465 2311 1609 2394 cupiunt,

375 2419 629 2505 argumentando
646 2419 832 2484 convincere
846 2416 930 2482 nihil
945 2421 1067 2483 curant.
1091 2416 1184 2482 Unus
1196 2417 1402 2502 Leeuwenus,
1415 2417 1609 2483 novissimus

375 2526 540 2591 Ranarum
563 2525 731 2610 interpres,
758 2545 852 2589 versu
880 2525 959 2589 item
982 2525 1018 2588 in
1040 2524 1282 2591 adnotationem
1306 2527 1425 2591 reiecto
1450 2525 1609 2610 originem

323 2632 506 2717 mquidem
530 2632 740 2697 additamenti
755 2630 869 2697 cobeti
892 2632 1040 2716 exemplo
1064 2634 1198 2716 aperuit,
1222 2655 1294 2699 cum
1317 2634 1364 2697 ita
1387 2632 1506 2698 diceret
1530 2633 1609 2695 ‘ver-

376 2762 461 2823 sum,
493 2762 586 2823 quem
620 2741 747 2824 peperit
779 2738 939 2825 glossema
969 2740 1063 2823 quale
1094 2739 1196 2804 Behh.
1219 2739 1338 2804 Anecd.
1362 2763 1393 2824 p.
1418 2738 1462 2803 34
1488 2738 1609 2825 legitur

375 2847 605 2932 δημοπόθηκος
633 2845 650 2911 ὁ
678 2845 848 2923 ἐξαπατῶν
875 2847 934 2913 τὸν
962 2847 1083 2931 δῆμον,
1112 2847 1230 2911 delevit
1257 2845 1391 2932 Bergh.'
1431 2844 1608 2931 Phrynichi
1622 2872 1649 2911 ao

376 2954 463 3038 quod
491 2954 569 3019 dicit
597 2955 832 3038 testimonium,
859 2956 951 3019 cuius
974 2955 1100 3039 integra
1123 2954 1220 3020 verba
1243 2954 1321 3019 haec
1345 2958 1421 3019 sunt
1444 2954 1609 3038 όημοπί-

376 3066 511 3144 θηκος·
534 3060 552 3126 ὁ
571 3059 741 3139 ἐξαπατῶν
759 3062 817 3126 τὸν
837 3062 945 3146 δῆμον
963 3060 1018 3127 καὶ
1037 3064 1203 3128 θωπεύων
1221 3066 1413 3140 κολακικῶς,
1436 3082 1502 3125 non
1521 3082 1609 3145 prae-

375 3168 465 3234 teriit
487 3190 528 3232 ne
551 3170 733 3252 superiores
757 3167 886 3252 quidem
909 3168 1115 3254 interpretes,
1144 3168 1371 3251 Fritzschium,
1395 3167 1608 3251 Dindorfium,

375 3276 432 3340 sed
455 3297 492 3340 eo
516 3276 566 3339 nsi
590 3297 657 3339 non
675 3279 751 3339 sunt
770 3275 804 3339 in
822 3274 910 3341 hunc
928 3276 1068 3359 modum,
1090 3298 1157 3341 non
1175 3276 1278 3361 magis
1298 3296 1394 3358 quam
1414 3294 1495 3357 quae
1513 3274 1610 3337 inter·

375 3405 448 3467 pres
472 3380 613 3448 Graecus
642 3381 682 3446 ad
708 3380 800 3446 illum
829 3405 956 3447 versum
985 3383 1166 3465 adnotavit,
1193 3404 1288 3465 quem
1312 3380 1550 3445 Rutherfordus
1575 3381 1610 3443 in

376 3489 485 3556 codiee
507 3489 689 3554 Ravennati
712 3512 808 3573 super
830 3491 1033 3574 βωμολόχων
1056 3490 1201 3573 posuisse
1224 3499 1454 3574 συκοφαντῶν,
1478 3486 1518 3551 ad
1541 3510 1609 3551 ver·

376 3618 447 3660 sum
480 3600 586 3660 autem
618 3596 705 3660 1085
738 3608 805 3661 τῶν
840 3597 899 3661 τὸν
927 3597 1035 3679 δῆμον
1061 3599 1311 3661 κολακευόντων
1338 3593 1392 3661 καλ
1421 3596 1610 3661 πειθόντων
1646 3670 1647 3673 ¹

376 3704 529 3768 adiecisse
561 3707 712 3788 testatur;
745 3704 799 3785 qui
833 3707 865 3768 et
892 3704 963 3786 ipse
990 3724 1029 3766 ex
1057 3703 1165 3767 nescio
1194 3725 1257 3787 qua
1286 3702 1492 3767 adnotatione
1520 3700 1610 3766 scho-

375 3811 488 3875 liastae
512 3812 657 3894 spurium
682 3832 777 3894 quem
801 3808 880 3874 dicit
904 3832 1030 3874 versum
1058 3809 1142 3874 1086
1166 3807 1403 3887 ἐξαπατώντων
1426 3809 1484 3873 τὸν
1503 3810 1610 3891 δῆμον

377 3916 456 4002 [ἀεί]
480 3917 612 3981 fluxisse
635 3916 800 4001 opinatur,
828 3918 862 3981 id
885 3917 972 4001 quod
994 3916 1088 3981 nobis
1111 3915 1204 3981 valde
1224 3938 1291 3980 esse
1315 3915 1501 4001 ambiguum
1524 3915 1610 3979 vide-
1624 3938 1651 3979 ao

375 4028 439 4108 tur,
458 4025 610 4108 quoniam
629 4046 668 4087 ex
687 4024 759 4088 istis
778 4024 969 4090 scholiastae
988 4024 1094 4088 verbis
1114 4026 1142 4088 is
1161 4046 1270 4089 versus
1289 4023 1402 4108 effingi
1420 4044 1487 4087 non
1502 4023 1611 4106 potuit

376 4136 409 4196 et
432 4153 514 4215 quae
538 4134 702 4215 praeterea
724 4131 824 4195 fuerit
846 4131 1011 4195 adnotatio
1035 4131 1111 4195 sciri
1133 4154 1200 4197 non
1222 4134 1343 4215 potest:
1367 4130 1430 4194 nisi
1453 4129 1538 4193 forte
1561 4128 1611 4191 vir

377 4239 490 4304 doctus
514 4240 548 4302 in
572 4238 769 4304 contrarium
792 4239 1012 4322 ratiocinatur,
1036 4238 1111 4320 quia
1135 4260 1245 4303 versus
1265 4239 1394 4322 spurius
1413 4236 1465 4318 sit,
1489 4257 1525 4300 eo
1545 4257 1611 4298 non

375 4368 471 4430 posse
495 4345 565 4409 fieri
589 4346 667 4430 quin
691 4346 760 4410 eius
783 4346 880 4409 verba
898 4345 1020 4409 fuerint
1039 4344 1073 4409 in
1091 4344 1282 4410 schohastae
1301 4344 1521 4409 adnotatione:
1545 4362 1610 4424 quo

375 4454 479 4539 magis
506 4456 661 4537 appareat
689 4451 822 4516 libidine
850 4453 917 4537 agi,
945 4473 1012 4515 non
1040 4451 1160 4517 iudicio
1188 4474 1224 4515 ac
1251 4454 1384 4516 ratione.
1422 4448 1508 4513 Illud
1533 4470 1609 4512 vero

376 4559 557 4643 speciosum
581 4563 638 4637 est,
662 4557 747 4642 quod
771 4580 853 4643 quae
872 4558 969 4622 verba
993 4559 1125 4622 suntin
1150 4559 1244 4623 versu
1264 4558 1350 4623 1086
1374 4558 1487 4623 iisdem
1510 4576 1611 4639 paene

375 4665 598 4750 Phrynichum
629 4666 863 4749 όημοπλθηκον
890 4664 1034 4729 videmus
1062 4666 1274 4748 interpretari.
1316 4664 1363 4731 Ut
1390 4665 1417 4728 si
1444 4664 1472 4727 is
1501 4684 1612 4727 versus

376 4771 606 4857 Aristophanis
634 4794 699 4836 non
727 4777 789 4856 est,
816 4770 992 4836 habeamus
1020 4775 1106 4836 certe
1133 4772 1218 4837 unde
1246 4794 1283 4836 ea
1305 4772 1403 4836 verba
1425 4773 1460 4835 in
1482 4774 1611 4855 poetam

376 4882 533 4946 translata
555 4880 707 4944 dicamus.
746 4877 808 4943 Sed
832 4880 915 4944 sitne
938 4876 1197 4964 Aristophaneus
1221 4901 1262 4943 an
1284 4900 1351 4944 non
1374 4880 1429 4963 sit,
1456 4876 1544 4940 haud
1566 4876 1611 4939 fa-

1343 4985 1397 5035 ao*
