3967 5725
665 564 715 612 na
733 565 963 641 nnmnpnuno
983 565 1141 617 vulmaro
1160 566 1316 619 munnio,
1549 566 1611 631 151

378 725 507 807 tatione,
543 730 578 788 ut
602 726 747 805 primum
779 727 885 791 midiit
915 748 984 792 eum
1016 729 1246 809 internuptam,
1282 720 1407 812 lupubri
1437 729 1546 795 babitu
1577 732 1614 795 in

373 832 536 914 publieum
559 832 685 897 desiluit
701 853 772 916 eqs.
813 832 859 897 At
877 832 977 917 Paris,
1002 834 1057 919 qui
1080 835 1252 919 separatim
1275 834 1339 901 hoe
1362 842 1458 921 eaput
1480 838 1612 904 Metello

379 936 586 1003 Macedonico
615 938 746 1025 dicavit,
774 962 814 1005 ne
842 941 951 1025 potuit
980 940 1110 1025 quidem
1137 943 1201 1007 nisi
1227 942 1323 1027 pleno
1352 945 1481 1009 nomine
1504 946 1612 1029 posito

378 1045 458 1109 satis
482 1046 665 1130 significare
689 1068 784 1129 quem
807 1046 915 1111 vellet.
960 1048 1073 1134 Longe
1096 1048 1191 1116 aliter
1214 1050 1376 1134 Valerius,
1405 1053 1461 1136 qui
1489 1052 1536 1115 sie
1564 1072 1614 1117 or-

377 1153 466 1217 ditur
489 1154 682 1235 Quapropter
705 1154 785 1219 bonu
808 1174 878 1219 eum
900 1157 993 1220 uenia
1016 1157 1077 1221 duo
1096 1158 1226 1237 Metelli,
1250 1159 1475 1224 Maeedoniuis
1497 1166 1526 1224 et
1543 1160 1614 1225 Nu

378 1262 521 1344 midieus,
547 1262 690 1325 munim
707 1262 836 1343 patriae
858 1269 1051 1343 mammeam,
1074 1266 1206 1329 strietim
1229 1286 1261 1330 se
1282 1268 1416 1331 narrari
1431 1268 1611 1348 patientm;

378 1366 488 1432 ethis
517 1367 713 1452 praemissis,
741 1369 769 1433 si
796 1369 842 1433 ita
869 1370 909 1434 ad
932 1393 1000 1434 rem
1023 1372 1213 1437 narrandam
1242 1372 1429 1458 aggreditur
1450 1374 1613 1440 Acerrime

378 1492 447 1538 oum
471 1474 616 1556 Scipione
633 1476 790 1557 Africano
809 1478 1035 1543 Macedonibus
1057 1480 1252 1559 dissenserat,
1276 1481 1354 1564 quid
1377 1481 1506 1545 tandem
1531 1481 1613 1546 desi-

376 1580 481 1646 derari
504 1580 663 1646 dicimus?
687 1585 742 1667 qui
766 1584 903 1649 eundem
925 1585 1089 1651 hominem
1112 1586 1209 1651 etiam
1232 1586 1316 1651 infra
1339 1588 1374 1651 in
1397 1587 1507 1653 eodem
1527 1589 1610 1673 eapi-

376 1688 447 1753 tulo
476 1689 717 1754 Macedonicum
745 1691 920 1775 appellavit
948 1714 1022 1757 eum
1046 1693 1092 1757 ita
1114 1693 1194 1758 dioit
1216 1715 1281 1758 rem
1301 1695 1464 1776 publicum
1485 1697 1652 1777 petitorio

376 1797 531 1878 Afrieani
558 1802 653 1861 morie
679 1799 827 1863 misaam
854 1804 885 1862 et
907 1799 1107 1864 Macedouiei
1133 1806 1199 1865 mm
1226 1800 1367 1865 bumana
1390 1801 1610 1867 lamentatione

373 1903 503 1986 felicem.
548 1903 648 1969 Plane
676 1905 812 1968 eundem
840 1906 941 1991 igitur
968 1906 1099 1971 modum
1125 1928 1212 1971 nune
1235 1911 1437 1990 seeutusest
1459 1906 1609 1974 Valerius

377 2032 441 2095 quo
468 2034 500 2095 p.
521 2011 593 2096 165,
613 2012 656 2076 22
684 2012 797 2077 scribit
824 2032 893 2077 eum
921 2034 958 2077 en
981 2015 1120 2095 professo
1147 2015 1334 2079 inimiedras
1360 2035 1430 2079 eum
1452 2014 1609 2096 Asnaum

374 2125 405 2185 et
421 2119 563 2185 Asiatico
582 2118 779 2203 Supiouibus
799 2125 923 2203 peroret,
946 2126 975 2185 et
996 2120 1159 2186 Asiaticus
1176 2122 1335 2186 iudicatae
1346 2124 1500 2203 peumiue
1516 2125 1611 2188 satis-

374 2226 453 2291 dare
479 2248 543 2291 uon
563 2232 669 2309 posset
695 2248 759 2310 eqs.
805 2225 845 2292 In
871 2228 1055 2293 narratione
1082 2231 1189 2292 antem
1221 2228 1260 2293 de
1290 2228 1430 2293 Metellis
1463 2251 1536 2294 eum
1568 2230 1609 2294 ad

375 2334 510 2399 alterum
534 2355 643 2399 eorum
667 2334 838 2399 deventum
862 2339 911 2398 est
934 2356 959 2399 e.
981 2335 1022 2398 13
1045 2334 1142 2420 plena
1164 2336 1379 2419 appellatione
1402 2359 1479 2401 usus
1498 2359 1609 2421 perap-

374 2442 480 2525 posite
502 2442 694 2507 Numidieus
717 2448 819 2507 autem
839 2442 985 2507 Metdtus
1004 2442 1125 2530 soribit.
1161 2443 1290 2507 Partem
1309 2444 1425 2514 erroris
1443 2465 1481 2509 eo
1500 2448 1609 2509 natam

374 2552 524 2632 putamus
549 2549 635 2633 quod
657 2571 724 2614 non
747 2550 918 2616 coniuncta
940 2549 1093 2635 leguntur
1111 2550 1146 2614 in
1163 2550 1306 2636 Kempfii
1329 2552 1504 2635 exemplari
1527 2574 1608 2637 qnae

374 2676 439 2723 uno
458 2659 565 2720 tamen
583 2659 694 2720 tenore
712 2656 778 2742 legi
797 2657 981 2741 oportebat;
1001 2679 1037 2721 ae
1056 2657 1183 2753 saepius
1202 2658 1237 2723 in
1254 2658 1317 2723 hoe
1336 2660 1491 2743 scriptore
1510 2681 1607 2744 prave

374 2762 536 2828 distinctis
561 2763 719 2847 capitibus
743 2764 771 2828 si
793 2786 860 2829 non
883 2786 1020 2849 errores,
1044 2769 1078 2829 at
1099 2769 1209 2830 tamen
1232 2764 1460 2849 impedimenta
1482 2766 1606 2831 intelle·
1622 2796 1649 2835 m

373 2871 470 2958 gendi
494 2876 587 2956 parta
610 2876 693 2935 sunt.

321 2985 357 3041 17
388 3040 390 3046 ,
463 2977 502 3043 In
525 2978 624 3044 simili
647 3000 742 3043 eausa
765 2978 890 3044 Paridis
914 2980 1056 3063 epitoma
1078 2979 1171 3043 abusi
1194 3001 1213 3042 a
1236 2981 1402 3065 seriptoris
1427 2985 1533 3045 mente
1557 2981 1608 3044 de-

372 3089 522 3150 errarunt
546 3086 648 3151 eritiei
671 3087 809 3171 Vl14,3
835 3083 924 3172 (346,
939 3085 997 3173 24)

391 3257 392 3262 ,
432 3245 433 3248 ¹
508 3194 602 3258 illud
618 3215 735 3275 quoqne
752 3193 925 3258 maiembus
942 3200 971 3259 et
988 3195 1116 3259 oonsilio
1132 3195 1305 3277 pudenter
1326 3197 1456 3260 eteuitn
1476 3196 1608 3277 fdieiter

501 3303 683 3384 prouisum:
707 3321 776 3365 eum
800 3303 883 3366 enim
905 3301 980 3366 urbe
1003 3309 1095 3383 eapte
1117 3302 1207 3367 Galli
1226 3300 1417 3384 Capitolium
1436 3303 1609 3369 obsiderent

505 3408 664 3489 solamque
672 3408 817 3490 potiendi
830 3410 897 3472 eius
910 3428 996 3490 spem
1009 3411 1046 3472 in
1057 3410 1145 3490 some
1158 3429 1263 3473 eorum
1276 3411 1444 3490 repositam
1459 3411 1608 3475 animad-

492 3521 662 3594 uerterent,
679 3536 834 3597 perquam
853 3515 967 3580 callido
984 3536 1093 3598 penore
1111 3515 1235 3580 eousdii
1252 3518 1344 3581 uuieo
1356 3521 1608 3598 perseuerantiae

505 3625 708 3701 inritamento
740 3624 868 3687 uiatores
898 3623 1127 3704 spoliaverunt:
1149 3643 1253 3704 panes
1282 3625 1367 3687 enim
1398 3625 1499 3688 imore
1526 3645 1607 3690 eom-

499 3730 649 3812 ptoribus
671 3751 686 3794 e
709 3730 783 3794 loeis
805 3736 973 3810 coeperunt.
1024 3730 1090 3810 Quo
1117 3729 1286 3810 speetaeuto
1313 3730 1534 3812 obstupefactos
1556 3733 1607 3796 in·
1675 3750 1677 3753 ·

506 3838 691 3919 finitamque
710 3838 863 3919 frumenti
886 3837 1118 3902 abundantiam
1140 3837 1254 3901 nostris
1276 3857 1432 3918 superesse
1453 3838 1606 3903 eredentes
1618 3866 1647 3913 aa

508 3945 553 4010 ad
567 3947 746 4026 pastionem
769 3944 956 4009 omittendae
977 3945 1150 4009 obsidionis
1171 3944 1390 4025 compulerunt.

344 4050 480 4139 tegre
512 4052 598 4116 enim
631 4050 750 4115 dixeris
784 4050 863 4134 quid
895 4052 928 4114 in
960 4051 1013 4114 his
1041 4073 1107 4115 uon
1133 4054 1219 4116 reete
1252 4054 1308 4114 aut
1339 4073 1407 4114 non
1436 4053 1606 4136 perspicue

371 4145 493 4225 elatum
521 4161 577 4244 sit3
612 4162 697 4223 eerte
728 4158 784 4241 qui
813 4157 879 4221 sint
907 4157 962 4240 qui
990 4157 1086 4221 unico
1115 4159 1369 4242 perseverantiae
1396 4151 1604 4223 inritamento

371 4268 510 4335 viatores
541 4265 696 4351 spoliasse
727 4265 886 4349 dieantur,
919 4264 1081 4328 neminem
1111 4266 1284 4347 praeterire
1314 4268 1423 4350 potest
1454 4267 1510 4349 qui
1539 4289 1603 4351 quo

371 4395 456 4441 nexu
479 4373 558 4439 haee
581 4376 785 4458 exponantur
808 4371 988 4436 attenderit.
1026 4368 1128 4455 Atqui
1151 4369 1275 4437 Paridis
1299 4373 1441 4455 epitoma
1464 4370 1553 4460 (554,
1568 4372 1604 4461 9)

321 4477 323 4482 ’
370 4480 450 4548 haee
472 4481 572 4546 habet

508 4587 587 4654 Cum
614 4588 688 4652 urbe
715 4594 808 4671 euptu
833 4586 922 4652 Galli
949 4585 1140 4667 Capitolium
1170 4585 1342 4651 obsiderent
1367 4587 1525 4669 solamque
1545 4609 1605 4670 po-

464 4759 467 4764 .
506 4696 606 4760 tioudi
629 4697 696 4760 eius
717 4715 802 4777 spem
825 4695 861 4758 iu
881 4695 968 4776 fame
990 4713 1095 4758 eornm
1121 4694 1290 4773 repositum
1313 4695 1604 4773 animadverterent,

397 4865 401 4869 .
499 4823 654 4886 perquam
687 4802 800 4866 callido
830 4821 948 4884 ponere¹
970 4801 1095 4866 consilii
1124 4800 1265 4865 Ronmni
1294 4802 1347 4866 usi
1371 4821 1475 4882 pones
1503 4803 1605 4865 iaeere
