3967 5725
801 636 890 700 84
1103 637 1408 687 XXXVIII.
1445 636 1677 687 INDEX
1713 633 2143 686 LEOTIONUM
2176 632 2659 684 mBERNARUM
2699 628 2948 701 1893s94.

1180 798 1262 865 Ut
1291 798 1525 879 populo
1570 798 1807 861 reditus
1839 801 2105 879 pateant
2151 795 2241 862 ad
2282 793 2447 859 bella.
2473 794 2777 875 profecto,

939 906 1080 972 280
1262 906 1422 970 Tota
1453 910 1632 987 patet
1676 904 1926 985 dempta
1970 904 2175 967 ianua
2217 906 2432 966 nostra
2475 920 2635 965 sera.

1170 1012 1341 1076 Pace
1380 1012 1549 1093 fores
1591 1010 1769 1089 obdo,
1815 1030 1894 1074 ne
1935 1030 2063 1091 qua
2107 1008 2411 1076 discedere
2442 1008 2680 1089 possit:

1264 1117 1680 1199 Caesareoque
1725 1118 1839 1181 diu
1883 1118 2136 1180 nomine
2180 1115 2385 1179 clusus
2428 1135 2554 1193 ero,

800 1226 911 1291 hic
957 1228 1050 1290 ita
1092 1225 1308 1310 pergit
1354 1225 1432 1290 de
1478 1229 1631 1288 Iano
1680 1225 1875 1288 verba
1919 1223 2130 1288 facere

1169 1332 1360 1397 Dixit
1404 1338 1461 1396 et
1505 1330 1789 1396 attollens
1831 1330 2036 1395 oculos
2080 1329 2329 1394 diversa
2372 1330 2648 1412 videntes

1229 1440 1549 1519 'As-pexit,
1597 1443 1715 1502 toto
1759 1437 2074 1518 quidquid
2116 1438 2189 1500 iu
2232 1435 2372 1501 orbe
2411 1437 2573 1518 fuit:
2616 1473 2619 1475 v

951 1545 1084 1611 285
1179 1544 1329 1610 Pax
1375 1551 1532 1623 erat,
1580 1550 1637 1608 et
1678 1546 1889 1622 vestri,
1941 1543 2339 1622 Germanice,
2386 1563 2579 1609 causa
2622 1543 2956 1628 triumphi,

1265 1653 1651 1717 Tradiderat
1690 1651 1976 1733 famulas
2021 1653 2156 1715 iam
2201 1650 2317 1715 tibi
2361 1650 2625 1716 Rhenus
2664 1671 2883 1732 aquas.

708 1788 778 1828 :10
1174 1760 1360 1843 Iane,
1402 1761 1511 1839 fac
1555 1764 1835 1822 aeternos
1865 1778 2090 1840 pacem
2123 1758 2427 1840 pacisque
2470 1758 2793 1822 minisbros

1262 1866 1432 1931 Neve
1474 1886 1685 1943 suum,
1719 1870 2008 1947 praesta,
2056 1855 2318 1943 deserat]
2343 1870 2556 1929 auctor
2600 1884 2769 1945 opus.

1183 1974 1361 2054 Quod
1403 1976 1621 2036 tamen
1665 1992 1739 2036 ex
1785 1973 1943 2055 ipsis
1988 1971 2165 2035 licuit
2209 1971 2369 2036 mihi
2413 1972 2646 2036 discere
2685 1973 2899 2051 fasti-3,

901 2128 904 2138 ζ
955 2080 1087 2144 290
1118 2111 1119 2115 ¹
1267 2079 1608 2145 Sacravere
1640 2084 1861 2160 patres
1903 2078 2025 2142 hac
2068 2080 2189 2143 duo
2235 2078 2465 2160 templa
2511 2080 2628 2143 die.
2734 2119 2739 2121 ν
2830 2102 2834 2106 ’

808 2186 930 2251 His
990 2187 1280 2251 versibus
1336 2186 1500 2250 illud
1553 2207 1686 2250 non
1739 2186 2046 2270 prohibet
2102 2186 2444 2269 quominus
2484 2184 2568 2249 -in
2622 2187 2844 2249 'nostra
2901 2185 3277 2269 quaestione
3316 2200 3357 2254 6

809 2299 1096 2377 utamur,
1162 2292 1338 2377 quod
1401 2292 1548 2357 inde
1613 2316 1650 2356 a
1697 2292 1855 2376 283,
1922 2294 2075 2377 quia
2131 2290 2576 2358 Germanicum
2634 2291 3124 2376 Germanicique
3176 2313 3281 2355 res

809 2405 1025 2487 gestas
1063 2400 1372 2484 laudant,
1430 2402 1496 2463 in
1553 2400 2009 2465 retractatione
2065 2398 2279 2483 operis
2328 2398 2691 2464 Germanici
2747 2421 2937 2463 causa
2985 2399 3285 2463 instituta

808 2508 1017 2573 additi
1070 2512 1256 2571 sunt:
1322 2507 1389 2571 in
1456 2508 1946 2591 compositionis
2010 2529 2243 2592 genere
2296 2506 2399 2571 vel
2452 2508 2682 2571 leviter
2740 2506 3097 2571 attendenti
3151 2528 3285 2570 non

809 2618 1043 2699 potest
1081 2636 1212 2678 non
1268 2615 1543 2699 insignis
1605 2615 1914 2698 quaedam
1969 2615 2326 2679 similitudo
2382 2635 2707 2697 apparere.
2792 2612 2885 2678 Ut
2929 2613 3103 2677 enim
3146 2613 3285 2677 illic

810 2720 1058 2803 Iovem,
1114 2723 1209 2786 sic
1264 2743 1434 2785 nunc
1487 2719 1714 2785 Ianum
1772 2722 1992 2786 orbem
2038 2725 2355 2785 terrarum
2398 2722 2787 2805 intuentem,
2843 2724 2915 2784 ut
2959 2720 3145 2784 illum
3189 2720 3287 2783 nil

731 2856 786 2896 ιο
816 2829 944 2894 nisi
989 2827 1384 2913 Romanum,
1441 2828 1535 2894 sic
1587 2828 1762 2895 hunc
1815 2850 2136 2914 nusquam
2190 2849 2323 2893 non
2372 2849 2595 2913 pacem
2644 2828 3060 2910 aspicientem
3104 2826 3289 2912 facit3

816 2941 882 3002 et
935 2936 1096 3000 haec
1150 2936 1285 3000 illic
1341 2935 1645 3003 salutatio
1704 2936 2036 3001 sollemnis
2094 2935 2250 3019 diei,
2304 2935 2414 3000 hic
2457 2957 2679 3020 preces
2726 2935 2805 2999 de
2851 2935 3288 3000 conservanda

814 3065 970 3128 pace
1009 3043 1357 3127 excipiunt.
1443 3042 1615 3107 Nam
1651 3043 1779 3108 hoc
1813 3045 2225 3128 perspicuum
2263 3065 2403 3108 esse
2440 3045 2676 3126 potest,
2713 3065 2787 3107 ea
2824 3064 2988 3126 quae
3026 3043 3103 3106 de
3131 3039 3291 3105 Iano

818 3151 1040 3215 orbem
1096 3149 1482 3234 respiciente
1537 3151 1832 3215 dicantur
1874 3154 2142 3235 propter
2184 3171 2405 3234 preces
2452 3149 2581 3214 dici
2627 3171 2773 3214 cum
2818 3148 3099 3233 pondere
3147 3148 3295 3212 sub-

819 3259 1036 3341 iectas,
1084 3278 1248 3342 quae
1292 3257 1426 3322 illis
1471 3280 1603 3321 non
1651 3258 2023 3340 praemissis
2059 3278 2139 3320 ne
2178 3256 2361 3340 sequi
2400 3257 2660 3341 quidem
2698 3260 3013 3340 poterant.
3080 3255 3291 3332 Quare

820 3365 941 3428 hac
996 3363 1420 3429 similitudine
1476 3365 1839 3428 confirmati
1892 3365 2245 3429 retinemus
2296 3363 2422 3428 hoc
2469 3364 2642 3447 quod
2689 3364 2997 3447 diximus,
3053 3386 3132 3427 ex
3176 3363 3291 3426 illo

821 3493 1078 3557 quoque
1136 3471 1556 3537 distichorum
1616 3472 1756 3556 pari
1804 3472 1984 3556 prius
2034 3471 2114 3535 ad
2162 3471 2435 3534 alterum
2481 3472 2756 3534 relatum
2805 3469 3071 3534 eandem
3114 3491 3296 3554 prae-

817 3579 1093 3664 parandi
1139 3579 1272 3643 vim
1316 3579 1553 3643 habere
1597 3600 1808 3662 neque
1855 3583 1966 3643 aut
2015 3579 2237 3642 abesse
2284 3583 2397 3642 aut
2443 3577 2571 3645 alio
2620 3599 2749 3660 quo
2794 3579 2942 3642 loco
2988 3578 3145 3662 poni
3181 3597 3293 3660 po·

822 3687 1045 3751 tuisse.
1140 3683 1346 3749 Simul
1401 3686 1624 3749 eodem
1684 3687 1976 3768 exemplo
2035 3686 2475 3771 cognoscitur,
2531 3706 2658 3766 quo
2714 3684 2907 3748 modo
2963 3689 3181 3768 poeta,
3240 3684 3294 3746 si

825 3794 948 3857 hoe
1004 3791 1253 3869 agebat,
1305 3793 1413 3853 illu
1457 3793 1533 3853 {le
1569 3789 1722 3855 Iove
1762 3814 1924 3874 quae
1963 3792 2128 3856 dixit
2164 3792 2503 3875 imperium
2540 3790 2905 3855 Romanum
2944 3791 3296 3875 aspiciente

744 3925 796 3961 an
828 3921 968 3961 uum
1025 3901 1169 3961 festi
1221 3901 1341 3961 diei
1397 3900 1822 3981 [1÷:·.2=r·1-iptione
1870 3903 2248 3964 connectere
2291 3899 2605 3983 potuerit:
2653 3920 2824 3962 nunc
2861 3900 3167 3982 quoniam
3202 3897 3297 3962 ibi

828 4005 992 4069 nihil
1045 4029 1257 4069 eorum
1317 4009 1565 4089 ffigi'sm‘,
1617 4028 1690 4070 eo
1739 4007 2166 4071 confidentius
2214 4026 2578 4069 asseverare
2621 4005 2776 4071 licet
2818 4004 2944 4069 hoc
2990 4027 3135 4069 eum
3181 4027 3293 4070 no-

832 4113 1041 4177 luisse.
1121 4113 1345 4193 Neque
1381 4113 1497 4177 hou
1533 4113 2024 4196 vituperandum
2055 4116 2153 4177 est
2181 4117 2293 4176 aut
2321 4113 2447 4176 ista
2478 4112 2901 4177 similitudine
2930 4133 3005 4176 eo
3037 4112 3300 4176 abuten-

832 4221 980 4281 dum
1021 4225 1093 4281 ut
1133 4229 1401 4301 negetur
1441 4241 1659 4282 rvi-um
1698 4215 1836 4284 esse
1875 4220 2048 4303 quod
2085 4219 2501 4304 probavimus
2541 4223 2825 4283 extrema
2864 4219 2990 4283 duo
3021 4219 3298 4284 disticha

832 4329 996 4389 inter
1061 4349 1125 4389 se
1185 4329 1501 4389 artissima
1561 4348 1845 4391 connexa
1900 4327 1979 4391 ab
2037 4326 2118 4390 iis
2167 4348 2328 4409 quae
2376 4326 2768 4410 praecedunt
2814 4331 3058 4391 secreta
3104 4331 3300 4412 star03

828 4433 892 4497 id
936 4433 1105 4517 quod
1141 4441 1285 4517 apti:-
1317 4437 1449 4493 fieri
1485 4435 1766 4513 ·J=÷1t.uisse
1797 4434 1936 4517 ipsa
1967 4456 2159 4518 quam
2188 4433 2651 4499 declaravimus
2682 4433 3103 4498 distichorum
3133 4436 3301 4500 ratio

832 4541 1157 4630 patefacit.
1245 4541 1529 4622 Denique
1585 4542 1682 4604 =sel
1728 4561 1804 4604 eo
1849 4541 2110 4605 nomine
2155 4540 2316 4605 haec
2350 4541 2519 4605 inter
2556 4562 2625 4604 se
2663 4540 2899 4604 similia
2934 4545 3089 4605 sunt
3128 4541 3296 4625 quod

564 4686 652 4734 ΡΗ
824 4650 1213 4734 interpositu
1273 4650 1405 4710 eive
1465 4650 1669 4711 salute
1716 4648 1848 4711 sive
1894 4649 2193 4732 precibus
2239 4671 2355 4731 per
2401 4655 2609 4713 tamen
2655 4647 3039 4731 particulam
3086 4648 3302 4732 dispu-

636 4738 656 4742 -
876 4754 1097 4822 fiunis
1157 4778 1377 4818 cursus
1437 4754 1771 4838 repetitur,
1826 4776 1896 4819 π
1923 4754 2009 4819 89
2065 4755 2258 4836 Quem
2310 4761 2519 4821 tamen
2574 4775 2700 4821 esse
2744 4756 2925 4820 deum
2972 4761 3029 4820 te
3073 4756 3300 4838 dicam,

648 4690 1021 5022 Ἓξ
1069 4862 1197 4926 28ξί
1257 4862 1433 4942 filum?
1481 4870 1684 4924 famen
1729 4882 1802 4926 ea
1846 4862 2248 4944 ipsis-licuit
2273 4864 2433 4928 mihi
2470 4864 2705 4927 discere
2721 4864 2921 4943 fastis
2956 4889 3072 4947 —3
3119 4863 3303 4926 cuius

904 5018 952 5038 ''⁸:⁵-
