3967 5725
406 627 450 690 34
597 629 708 681 XXXV.
727 626 843 680 INDEX
861 624 1076 679 LECTIONUM
1093 627 1325 679 AESTIVARUM
1344 630 1425 680 1892.

407 790 491 867 Quid
514 812 591 878 ergo
616 791 685 857 est?
717 790 869 855 Parentes
893 790 965 854 cuin
988 788 1075 855 filios
1099 789 1210 855 sedulo
1234 810 1305 854 ase
1324 787 1476 853 educatos
1493 788 1534 853 ad
1552 810 1644 854 exer-

406 900 507 963 citum
534 898 682 982 mittunt,
709 919 749 962 ne
777 899 840 961 iam
863 896 958 982 plane
982 918 1023 960 ex
1045 919 1104 961 sua
1126 891 1286 981 potestate
1309 896 1437 978 exeant,
1464 900 1639 981 cognatum

406 1005 536 1089 quidem
559 1006 699 1090 aliquem
722 1024 816 1069 suum
839 1004 880 1068 iis
896 1002 1054 1068 'comitem
1077 1024 1147 1069 esse
1169 1003 1292 1086 volunt,
1315 1003 1344 1066 is
1365 1007 1410 1066 ut¹
1426 1003 1519 1087 quasi
1536 1002 1642 1067 ricem

405 1116 497 1199 gerat
515 1116 697 1197 parentum:
720 1114 840 1195 itaque,
859 1110 914 1195 qui
933 1132 1005 1176 mos
1023 1114 1073 1175 est
1089 1110 1206 1176 borum
1225 1110 1434 1194 canticorum,
1451 1110 1515 1177 hoc
1532 1110 1643 1194 ipsum

407 1219 565 1303 superiori
588 1218 765 1286 sententiae
785 1217 996 1282 confirmandi
1015 1238 1111 1282 causa
1129 1216 1287 1300 adiicitur,
1310 1218 1367 1281 sed
1378 1214 1436 1281 'iu
1449 1220 1487 1281 ut
1505 1217 1544 1282 de
1561 1216 1644 1282 filiis

406 1324 533 1391 dicatur
553 1323 756 1409 quodetiam
775 1323 813 1387 de
831 1323 1021 1408 parentibus
1039 1326 1180 1408 poterat,
1199 1345 1271 1388 cum
1290 1325 1376 1402 enim
1395 1324 1434 1389 de
1451 1324 1517 1389 illis
1530 1328 1645 1408 posset

405 1438 532 1497 culeum
563 1454 584 1496 u
601 1432 648 1497 'se
675 1432 849 1511 dimittunt,
881 1430 997 1495 maluit
1025 1430 1168 1496 defiliis
1196 1430 1301 1496 dicere
1327 1437 1453 1497 eatenus
1479 1432 1593 1497 obeam
1617 1453 1643 1496 n

403 1540 521 1621 fabris,
552 1539 586 1603 h..
607 1562 632 1603 e.
661 1542 792 1603 eatenus
820 1542 959 1621 tantum,
991 1541 1029 1602 ut
1055 1541 1167 1603 nostro
1196 1560 1342 1603 sermone
1369 1538 1546 1623 loquimur,
1573 1560 1643 1603 non

406 1646 501 1729 ultra,
525 1644 581 1710 sed
604 1650 641 1709 ut
665 1648 803 1731 cognato
827 1646 1001 1709 comitante
1024 1643 1133 1729 aliqua
1155 1664 1230 1730 pars
1249 1646 1451 1711 auctoritatis
1468 1650 1642 1731 parentum

366 1780 392 1818 ro
406 1756 542 1818 maneat.
584 1752 729 1818 Emerita
757 1774 833 1817 vero
859 1752 1034 1837 stipendio,
1063 1774 1136 1817 cum
1159 1752 1255 1837 plane
1278 1753 1328 1817 sui
1351 1753 1430 1818 facti
1453 1756 1541 1836 sunt,
1568 1758 1639 1817 tum

406 1861 532 1924 demum
561 1859 772 1944 conspicitur,
800 1881 864 1942 quo
890 1858 1055 1925 fabrorum
1079 1860 1258 1926 aedificatio
1283 1860 1313 1925 h.
1332 1882 1358 1925 e.
1381 1865 1551 1946 parentum
1575 1860 1645 1925 cul·-

404 1971 478 2031 tura
501 1966 626 2031 eveniat
648 1966 684 2029 in
705 1965 783 2029 filiis
805 1966 988 2045 libertatem
1007 1965 1136 2031 vivendi
1153 1966 1265 2032 nactis
1306 1966 1357 2031 Ita
1375 1968 1403 2031 si
1420 1971 1506 2031 recte
1523 1966 1642 2031 harum

404 2075 637 2139 sententiarum
668 2076 812 2138 tenorem
845 2072 1073 2157 evolverimus,
1104 2095 1176 2138 cum
1208 2080 1334 2139 manns
1365 2079 1398 2139 et
1427 2073 1508 2139 haec
1535 2075 1644 2139 oratio

405 2180 484 2245 satis
514 2179 658 2245 stabilita
685 2179 859 2263 videbitur,
886 2184 955 2245 tum
980 2182 1117 2246 fortasse
1140 2201 1205 2245 non
1229 2181 1443 2265 improbabile
1466 2203 1535 2245 esse
1557 2179 1643 2245 iuda

407 2289 545 2371 cabitur,
569 2287 654 2372 quod
679 2287 793 2353 addere
815 2286 1017 2373 volebamus,
1038 2289 1072 2352 in
1096 2289 1260 2371 superiore
1283 2291 1375 2373 parte
1397 2310 1464 2353 non
1486 2294 1553 2353 lum
1572 2290 1643 2352 ium

406 2396 462 2461 sed
488 2402 554 2460 lum
577 2401 643 2459 ium
665 2394 696 2459 b.
716 2417 741 2459 e.
765 2400 869 2459 tumen
892 2396 1047 2479 scriptum
1070 2395 1179 2459 fuisse.
1221 2394 1335 2478 Neque
1358 2396 1444 2460 enim
1466 2396 1528 2460 hoc
1548 2389 1644 2480 dicit,

405 2525 477 2568 eum
502 2503 541 2567 ad
565 2502 740 2567 exercitum
764 2503 893 2585 abeunt,
915 2508 981 2567 lum
1002 2504 1069 2567 ium
1088 2524 1127 2566 ex
1146 2507 1315 2586 parentum
1335 2503 1404 2567 iure
1423 2502 1644 2586 dimittuntur,

404 2612 460 2675 sed
490 2610 572 2674 illud
599 2610 722 2693 potius,
755 2630 826 2672 cum
856 2609 975 2674 abeunt
1003 2610 1043 2673 ad
1071 2604 1259 2692 exercitum,
1290 2614 1357 2673 lum
1384 2615 1489 2674 tumen
1516 2610 1644 2693 aliquid

406 2738 499 2780 curae
523 2720 555 2779 et
578 2715 749 2799 potestatis
772 2720 941 2799 parentum
964 2720 1073 2793 restat,
1095 2720 1267 2801 propterea
1290 2714 1377 2798 quod
1401 2719 1574 2800 cognatum
1599 2717 1644 2781 iis

363 2850 390 2890 n
405 2822 555 2890 comitem
583 2820 658 2887 addi
685 2822 807 2888 volunt.
850 2820 904 2889 Sic
933 2826 1018 2888 certe
1046 2821 1126 2887 haec
1152 2823 1319 2887 enuntiata
1347 2821 1411 2888 duo
1440 2828 1645 2908 exutaque
1670 2840 1674 2883 ε

404 2935 495 3016 parte
519 2931 603 2995 inter
627 2951 660 2994 se
682 2951 765 2994 nexa
787 2933 820 2994 et
839 2930 992 3015 colligata
1009 2928 1207 2994 videbuntur
1225 2930 1382 3015 alterique
1401 2952 1441 2994 ex
1461 2931 1562 2995 altero
1582 2930 1644 2994 ali-

403 3033 484 3121 quid
521 3036 708 3102 adminiculi
739 3059 777 3101 ac
808 3037 1004 3101 firmamenti
1036 3035 1199 3120 accedere,
1235 3039 1280 3101 ud
1310 3037 1459 3120 lepionem
1491 3057 1560 3102 cum
1592 3039 1642 3102 ilc

405 3146 539 3220 mittunt,
563 3144 792 3208 adminiculum
815 3145 858 3208 iis
881 3145 960 3208 dunt
981 3149 1048 3208 lum
1071 3148 1175 3208 tomen
1193 3144 1328 3226 aliquem
1347 3150 1512 3228 connatam
1528 3161 1644 3209 suum.-

404 3257 529 3316 munus
556 3250 669 3314 obeunt
695 3272 716 3315 c
741 3251 853 3332 fabrio.
896 3252 977 3315 Tum
1005 3271 1065 3334 pro
1094 3256 1198 3315 tomen
1225 3252 1303 3335 poni
1326 3251 1412 3336 apud
1434 3250 1589 3316 Plautum
1611 3251 1648 3315 si

403 3379 468 3422 non
492 3378 594 3442 saepe,
617 3361 652 3421 at
674 3356 798 3440 aliquot
821 3357 975 3442 exemplis
1000 3358 1105 3439 certis,
1128 3362 1269 3444 constat3
1292 3359 1331 3423 de
1354 3381 1419 3442 qua
1435 3360 1541 3424 forma
1559 3358 1638 3423 olim

404 3465 602 3530 Ribbeckius
617 3465 683 3550 egit
696 3466 732 3528 in
745 3463 856 3529 libello
871 3464 910 3528 de
923 3464 1092 3549 particulis
1106 3464 1231 3531 Latinis
1246 3489 1273 3530 a.
1290 3466 1375 3531 1869
1391 3465 1477 3531 edito
1491 3489 1522 3550 p.
1533 3465 1644 3549 2lsq,

403 3593 506 3655 nuper
533 3569 574 3635 H.
593 3570 628 3634 T.
648 3569 840 3655 Karstenus,
868 3572 924 3654 qui
948 3572 982 3635 in
1005 3571 1216 3656 Mnemosyne
1239 3573 1316 3636 anni
1341 3572 1428 3637 1890
1446 3596 1477 3657 p.
1497 3572 1642 3656 310sqq.

403 3685 508 3744 tomen
531 3676 707 3762 particulae
726 3699 820 3742 usum
839 3676 1028 3742 Plautinum
1047 3683 1196 3745 accurata
1214 3679 1433 3763 disputatione
1449 3683 1643 3763 persecutus

404 3788 460 3850 est.
504 3783 566 3860 Qui
590 3805 686 3868 quam
709 3791 814 3849 lumen
832 3786 922 3850 vocis
941 3785 1148 3870 explicandae
1166 3788 1324 3851 rationem
1344 3785 1505 3871 probavit,
1528 3807 1639 3870 apro·

362 3919 390 3958 eo
405 3892 477 3978 pria
499 3893 532 3956 vi
555 3898 621 3957 tom
643 3893 820 3976 particulae
844 3893 982 3978 ductam,
1006 3915 1075 3957 eum
1099 3894 1193 3959 facile
1217 3893 1322 3978 possis
1346 3895 1443 3958 etiam
1466 3893 1545 3958 huic
1565 3895 1640 3958 loco

403 3998 580 4084 applicare,
612 3999 841 4064 adminiculum
874 4001 953 4064 dunt
982 4006 1048 4065 tum
1080 4007 1146 4065 tam
1176 4000 1311 4082 aliquem
1342 4007 1506 4084 copadium
1537 4021 1643 4074 sunm,

402 4106 434 4170 h.
454 4128 480 4170 e.
503 4127 598 4187 quum
621 4107 732 4188 sirpsi
749 4107 873 4183 adsint·
897 4107 951 4171 sed
970 4108 1131 4172 malumus
1150 4109 1184 4171 in
1202 4107 1443 4190 simplicissima
1460 4109 1639 4191 particulae

405 4212 649 4298 significatione,
673 4235 769 4296 quam
792 4236 832 4278 ne
855 4214 909 4279 ille
934 4215 1063 4299 quidem
1086 4220 1184 4300 negat
1207 4218 1263 4278 aut
1286 4238 1305 4279 a
1326 4214 1443 4280 Plauto
1467 4201 1639 4298 abiudicat,

404 4319 613 4404 acquiescere,
640 4324 678 4384 ut
706 4320 785 4385 haec
812 4323 855 4385 sit
883 4321 1054 4400 sententia,
1082 4342 1151 4386 cum
1179 4323 1223 4386 od
1243 4321 1391 4405 lepionem
1414 4323 1553 4402 mittunt,
1581 4323 1639 4390 ad·

404 4426 589 4491 minimulum
619 4429 662 4491 iis
694 4429 772 4492 doni
798 4434 864 4492 ium
891 4434 996 4493 tumen
1024 4426 1228 4514 (quamquam
1255 4430 1320 4510 ipsi
1345 4426 1471 4515 disum)
1502 4429 1638 4511 aliquem

404 4540 568 4616 copnulum
590 4555 690 4599 summi.
743 4569 744 4574 κ
1564 4560 1567 4566 ·
1622 4540 1625 4545 ’

493 4639 542 4705 De
561 4642 672 4730 metris
691 4664 758 4706 non
775 4640 879 4705 multa
898 4640 1033 4706 dicenda
1050 4646 1133 4705 sunt.
1171 4641 1222 4707 Ex
1235 4642 1364 4708 'Veteris
1384 4644 1501 4709 codicis
1522 4645 1698 4715 deseri-14

402 4750 515 4832 ptione
538 4747 572 4812 hi
597 4747 749 4834 quattuor
772 4771 880 4823 versus
903 4748 1064 4831 prodeunt
1573 4829 1577 4835 ῃ
1622 4819 1627 4832 ⁴

472 4853 538 4920 'Ad
552 4856 706 4940 legionem
731 4877 795 4922 com
811 4858 866 4922 ilo
890 4856 1065 4941 [mittunt],
1088 4858 1317 4930 adminiculum
1340 4860 1385 4923 eis
1408 4860 1531 4924 danunt
1568 4907 1579 4922 .,
1618 4911 1625 4922 .
