3967 5725
404 644 472 707 424
598 647 668 698 LIV.
688 648 805 698 INDEX
823 647 1038 699 LECTIONUM
1057 649 1299 700 HIBERNARUM
1319 649 1450 720 1901s02.

404 807 534 891 firmati,
557 811 594 871 ut
617 809 681 872 iam
705 808 933 874 concludamus
952 831 1035 893 quae
1054 810 1216 875 effecimus
1236 811 1440 896 disputando,
1464 813 1510 876 sic
1529 811 1641 878 statui-

406 936 477 978 mus
501 935 629 978 versum
652 913 934 979 Menaechmorum
960 914 1024 979 152
1052 915 1098 979 ita
1126 899 1283 1002 scriptum
1310 917 1411 982 fuisse
1438 920 1471 982 et
1500 919 1546 981 ita
1570 939 1641 983 esse

407 1020 635 1085 dimetiendum

544 1127 635 1194 Cium
653 1129 781 1194 uxorem
795 1135 839 1194 est
851 1131 907 1194 uti
922 1129 1095 1212 sepulerum
1114 1131 1244 1196 hobeom
1258 1137 1348 1213 utque
1365 1131 1447 1196 huuc
1462 1132 1641 1197 comburam

1263 1238 1354 1302 diem.

498 1340 560 1406 Sed
583 1343 771 1426 priusquam
793 1342 855 1408 hoc
879 1347 1103 1428 argumentum
1126 1343 1353 1429 relinquamus,
1375 1345 1573 1410 redeundum
1592 1349 1643 1410 est

407 1449 572 1534 paulisper
600 1448 640 1514 ad
667 1471 779 1514 versus
807 1449 1015 1515 Terentianos
1043 1451 1082 1514 de
1107 1448 1229 1514 Andria
1258 1473 1339 1535 quos
1367 1436 1550 1531 attulimus3
1584 1453 1640 1536 qui

409 1556 486 1639 quia
512 1555 607 1620 nobis
635 1556 670 1619 in
697 1539 793 1621 versu
819 1555 972 1622 Plautino
1005 1557 1172 1623 tractando
1200 1557 1349 1642 inprimis
1377 1559 1474 1624 utiles
1501 1559 1643 1643 fuerunt,

409 1648 547 1747 aequum
576 1667 625 1726 est
652 1685 712 1728 nos
741 1663 781 1727 iis
809 1663 872 1728 hoo
900 1663 1008 1747 aliquo
1038 1664 1180 1728 subsidio
1209 1665 1236 1728 si
1254 1650 1438 1750 'possumus
1460 1666 1642 1751 rependere.

368 1793 395 1833 ιο
408 1767 447 1833 In
470 1768 669 1834 Fleckeiseni
692 1771 777 1835 enim
801 1770 941 1835 editione
960 1770 1101 1836 Terentii
1125 1773 1226 1836 altera
1244 1795 1272 1836 v.
1290 1772 1352 1836 117
1373 1773 1420 1838 sie
1442 1773 1563 1860 legitur
1580 1774 1643 1839 Eo-

406 1879 508 1959 fertur
534 1879 632 1956 intus,
661 1899 734 1943 cum
762 1877 797 1941 in
824 1877 917 1942 libris
946 1879 1002 1962 qni
1030 1881 1158 1943 exstant
1185 1878 1385 1944 Terentianis
1417 1881 1570 1965 scriptum
1599 1881 1644 1944 sit

408 1984 556 2065 Refertur
574 1986 664 2050 imus.
698 1982 786 2061 Quae
805 1988 855 2048 est
873 2007 949 2049 sane
967 1986 1105 2050 mutatio
1124 1985 1243 2069 pusilla
1262 1985 1443 2068 admodum,
1462 1987 1517 2053 sed
1534 1987 1643 2052 riden-

410 2089 487 2154 dum
502 2095 551 2155 est
563 2113 604 2154 ne
619 2091 729 2155 eadem
744 2092 787 2156 sit
801 2093 985 2176 corruptela
999 2093 1135 2178 gravior.
1159 2091 1197 2157 Id
1213 2095 1308 2177 quale
1323 2094 1365 2158 sit
1379 2098 1416 2159 ut
1430 2098 1644 2180 cognoscatur

409 2202 545 2264 streete
561 2198 762 2282 diiudicetur,
780 2220 909 2264 necesse
924 2203 973 2264 est
987 2200 1056 2264 eius
1070 2199 1264 2266 narrationis
1279 2205 1423 2266 tenorem
1439 2201 1642 2285 explicemus.

457 2304 520 2368 105
545 2303 674 2388 Clupeis
696 2307 802 2371 oieiuo
823 2306 899 2370 hoec
921 2308 1053 2371 moritur
1077 2345 1116 2353 ·-
1143 2343 1187 2353 -
1657 2314 1697 2371 lu

435 2457 439 2461 ‚
458 2411 520 2476 115
545 2412 675 2494 Epomst
696 2433 813 2494 quoque
835 2415 902 2478 eius
924 2433 1020 2478 eouso
1043 2416 1079 2479 iu
1099 2415 1198 2496 fursus
1214 2416 1332 2497 prodeo

545 2519 605 2583 Nil
621 2521 786 2601 suspicaris
804 2521 898 2584 etium
917 2522 1003 2585 moli.
1036 2519 1100 2586 SO.
1127 2525 1206 2586 Hem
1225 2523 1303 2604 quid
1321 2523 1441 2588 idest?
1474 2522 1527 2588 sl.
1551 2521 1643 2588 Scies.

408 2609 433 2616 *¹
457 2626 519 2689 117
544 2627 736 2708 Refertur,
759 2629 864 2692 imus.
909 2629 1029 2692 iutereo
1050 2631 1133 2693 iuter
1156 2629 1306 2709 mulieres,

550 2733 636 2814 Quos
659 2734 703 2798 ibi
725 2734 867 2812 aderaut,
888 2735 968 2815 forte
989 2755 1090 2799 uuum
1113 2737 1230 2816 ospicio
1253 2737 1514 2802 adulescentulum

371 2862 399 2902 ro
546 2840 667 2905 Formo
690 2838 753 2905 SO.
776 2839 870 2906 Boua
891 2842 1046 2923 fortasse?
1093 2841 1145 2907 sl.
1173 2843 1313 2923 etooltu,
1337 2843 1439 2928 Sosio,

459 2948 523 3013 120
545 2949 634 3013 Adeo
657 2950 798 3032 modesto,
821 2950 899 3015 odeo
921 2956 1054 3029 oeuudo,
1077 2956 1112 3015 ut
1133 2952 1181 3016 uit
1202 2972 1308 3033 supro.

550 3056 636 3137 Quos
658 3061 723 3120 tum
747 3057 827 3121 miii
849 3056 1019 3122 lamentari
1035 3063 1163 3140 praeter
1185 3064 1299 3124 euerm

553 3162 665 3241 Visost,
689 3168 717 3227 et
738 3164 815 3244 quio
837 3170 904 3228 erat
924 3166 1031 3246 formo
1047 3170 1174 3246 praeter
1196 3171 1310 3231 meras

547 3270 688 3336 Honesta
710 3291 748 3335 oe
770 3270 901 3351 ieiunii,
924 3272 1033 3336 suedo
1056 3272 1101 3335 od
1116 3273 1310 3353 pedisequos,

461 3378 525 3441 124
552 3379 639 3459 Quae
660 3380 702 3442 sit
723 3399 805 3461 repo.
851 3399 985 3444 sororem
1009 3399 1072 3444 esse
1093 3381 1185 3444 oiuut
1210 3378 1381 3463 Chrysidis.
1405 3416 1449 3427 -
1473 3418 1514 3427 —

460 3485 522 3550 127
548 3484 611 3549 80.
643 3485 746 3566 Quom
768 3487 867 3565 timeo,
890 3503 1036 3567 quorsum
1060 3488 1183 3551 evodus.
1230 3486 1281 3550 sl.
1312 3488 1443 3553 Furius
1465 3490 1617 3553 iuterim

544 3590 732 3657 Procedit.
770 3594 967 3674 sequimur.
1005 3594 1050 3657 od
1071 3594 1245 3675 sepulcrum
1268 3596 1425 3659 emimus:

549 3700 592 3763 Iu
614 3702 718 3782 ipuem
740 3701 923 3782 impositost.
960 3700 1059 3781 fletur.

415 3806 494 3883 Quis
514 3808 570 3891 qui
588 3808 721 3890 paulum
739 3806 834 3871 modo
854 3828 948 3871 sensu
968 3807 1146 3871 venustatis
1165 3806 1307 3875 imbutus
1326 3812 1374 3873 est
1392 3807 1471 3873 haee
1489 3831 1555 3873 non
1573 3830 1648 3874 cum

374 3930 402 3972 so
416 3913 616 3978 iucunditate
642 3914 750 3998 leget?
794 3911 832 3976 In
859 3913 910 3978 his
934 3912 1036 3999 igitur
1059 3915 1115 3998 qui
1140 3915 1202 3978 117
1227 3915 1374 3996 Refertur
1396 3917 1491 3981 iuius·
1509 3916 1649 4001 scripsit,

415 4021 577 4086 intellexit
594 4020 747 4084 nimirum
766 4019 897 4084 effertur
911 4041 1028 4104 eorpus
1042 4024 1187 4085 mortuae
1201 4044 1240 4085 ex
1255 4021 1406 4087 interiore
1419 4026 1510 4106 parte
1522 4022 1647 4088 domus.

417 4126 509 4205 Quod
532 4149 636 4211 neque
658 4126 722 4192 hoc
744 4126 816 4191 loco
841 4131 951 4211 aptum
974 4128 1101 4192 videtur
1124 4149 1227 4212 neque
1255 4130 1405 4211 efferendi
1428 4130 1500 4194 usui
1524 4151 1648 4195 accom-

667 4358 722 4411 Est
740 4359 792 4411 titi
811 4356 987 4411 Menaechmo
1006 4374 1104 4411 uomeu

416 4447 529 4518 legitur.
548 4447 607 4500 Aut
620 4451 672 4499 302

667 4536 735 4591 Nou
753 4538 806 4591 scis
824 4538 887 4604 quis
904 4553 951 4606 epo
969 4537 1022 4590 sim
1040 4537 1090 4604 qui
1108 4536 1160 4589 tibi
1176 4537 1333 4605 saepissime

669 4623 832 4695 Oyomisso?

418 4712 589 4767 Ritschelius
608 4715 711 4768 tuimet
729 4716 779 4783 qui
796 4716 952 4782 saepissime
971 4714 1122 4783 depravata
1141 4713 1228 4769 etiam
1247 4714 1386 4780 oratione,
1407 4731 1479 4784 quae
1499 4716 1602 4771 trtimet
1614 4730 1652 4769 ne

418 4800 529 4855 ferebat
547 4802 670 4872 quidem.
704 4802 757 4874 [De
775 4805 826 4857 ubi
844 4803 916 4857 adde
936 4801 1054 4856 Casinas
1073 4808 1125 4857 245
1145 4802 1180 4855 ab
1200 4802 1355 4857 editoribus
1375 4803 1416 4858 sio
1435 4804 1613 4860 distinctum:

585 4872 662 4946 deu
680 4894 705 4946 u
723 4891 827 4946 usurus
853 4890 1022 4959 uersuum
1043 4893 1094 4947 uu
1112 4891 1264 4947 eumaeus
1287 4893 1336 4947 uos
1354 4892 1477 4965 recurre]
