3967 5725
387 620 454 684 270
561 620 659 670 xuvl.
677 618 795 669 mour
811 615 1028 668 uucrronun
1045 619 1288 672 murinarum
1307 621 1439 692 morsm.

387 787 437 849 est
454 787 511 848 ant
528 781 654 846 ratione
668 801 787 844 carens.
823 777 971 862 Denique
984 801 1026 843 ne
1039 779 1094 844 hic
1107 780 1247 866 quidem,
1265 784 1418 866 quoniam
1431 784 1467 848 in
1478 787 1620 849 mentem
1637 792 1674 848 15

387 895 445 976 est,
469 890 649 954 omittimus
666 886 807 951 Romani
829 887 996 970 scriptoris
1020 887 1197 953 orationem
1221 889 1262 952 ad
1284 889 1377 955 illum
1395 890 1528 955 modum
1547 911 1621 956 con-

386 1000 558 1063 formatam
580 995 707 1061 afferre:
725 994 774 1057 sic
792 994 878 1057 enim
893 990 1004 1058 Cicero
1018 991 1163 1059 Atticum
1182 994 1340 1060 dicentem
1359 997 1438 1062 facit
1456 995 1510 1083 (dc
1523 977 1620 1084 legib.

386 1101 965 1190 11‚3)n0ndueitoidquidem‚
996 1101 1468 1184 scdheoeicmnoneete,
1500 1105 1621 1187 Quinte,

386 1232 509 1295 quaero,
530 1231 638 1274 cenea
660 1229 703 1274 ee
725 1210 807 1291 ipso
822 1214 947 1289 poeta,
970 1211 1076 1274 tuine
1097 1229 1203 1275 censs
1224 1211 1306 1275 tenc
1327 1231 1472 1294 queem
1489 1215 1623 1278 emetat

387 1341 432 1384 en
448 1321 497 1383 ito
512 1319 632 1399 fection
651 1317 689 1380 de
706 1316 820 1380 Mario
836 1321 873 1379 ut
888 1316 1000 1380 semes
1018 1318 1178 1398 accepiet-is.
1216 1315 1279 1394 Qui
1298 1339 1379 1401 quae
1397 1341 1463 1383 una
1476 1321 1621 1384 oratione

387 1425 542 1509 coercuit,
569 1444 683 1506 praere
705 1443 743 1487 ee
764 1425 833 1504 ipso
847 1428 943 1504 poete
964 1425 1052 1488 tuine
1072 1444 1179 1490 versvm
1200 1427 1345 1504 severint,
1368 1426 1414 1489 ita
1436 1431 1622 1510 comparate

388 1537 477 1617 sunt,
504 1536 542 1596 ut
568 1552 673 1615 neque
700 1529 939 1614 aequabilitatis
961 1533 1066 1615 specie
1089 1532 1267 1614 probentur
1289 1554 1394 1615 neque
1416 1531 1515 1597 ullam
1539 1535 1621 1598 veri-

388 1641 526 1705 similem
549 1638 778 1703 correctionem
802 1637 967 1721 recipiant.
1004 1637 1050 1702 Et
1071 1638 1152 1702 talia
1172 1642 1311 1722 possunt
1331 1639 1430 1703 fidem
1451 1639 1557 1708 fecere
1579 1661 1621 1706 ne

348 1776 375 1816 ro
389 1749 417 1813 si
445 1768 527 1831 quae
553 1744 681 1810 facilius
709 1766 803 1808 curae
826 1743 1034 1808 emendatrici
1058 1745 1173 1810 cedant
1194 1749 1309 1809 nostro
1331 1746 1490 1812 arbitratu
1512 1747 1548 1811 in
1571 1769 1620 1811 or-

388 1855 495 1920 dinem
519 1873 681 1939 cogemus.
716 1849 802 1916 Nam
824 1851 924 1937 vulgo
948 1852 1052 1916 critici
1075 1853 1103 1916 si
1126 1874 1191 1935 que
1213 1856 1263 1916 est
1281 1853 1425 1938 offensio,
1449 1854 1517 1917 sire
1533 1856 1622 1920 insta

387 1963 455 2027 sive
472 1982 540 2026 nou
557 1962 652 2043 iusta,
674 1960 721 2023 ita
739 1961 849 2044 agunt,
871 1962 910 2023 ut
928 1980 1010 2042 quae
1029 1960 1148 2045 corrigi
1167 1960 1302 2044 possint,
1324 1959 1413 2024 facili
1430 1962 1620 2043 praesertim

388 2091 494 2154 opera,
513 2067 685 2153 corrigant,
704 2087 786 2149 quae
803 2065 1025 2149 nonpossint,
1045 2067 1173 2130 etiamsi
1191 2087 1303 2130 eorum
1322 2067 1500 2132 similitudo
1520 2071 1620 2132 etten-

388 2176 476 2242 denti
499 2177 533 2240 in
557 2175 668 2241 oculos
690 2175 843 2257 incurrat,
865 2173 1125 2257 praetermittant
1148 2175 1260 2257 securi,
1283 2195 1320 2237 ec
1342 2197 1415 2239 raro
1438 2175 1524 2239 ultre
1547 2196 1621 2238 eum

387 2286 493 2348 locum
527 2304 622 2366 quem
652 2303 710 2346 sua
736 2280 870 2345 libidine
898 2283 1060 2365 temptant
1088 2283 1244 2346 sermonis
1271 2282 1388 2346 itinera
1415 2304 1452 2346 ac
1479 2281 1621 2346 rationes

388 2413 461 2456 cum
484 2388 591 2455 studio
614 2391 858 2474 persequantur.
895 2387 1003 2472 Atque
1026 2387 1090 2453 hoc
1112 2388 1194 2452 illud
1213 2392 1261 2452 est
1280 2389 1368 2472 quod
1385 2409 1445 2452 nos
1464 2389 1520 2473 qui
1537 2388 1622 2468 nihil

387 2498 451 2581 ipsi
467 2497 621 2562 facientes
639 2496 709 2560 rice
724 2496 806 2562 cotis
820 2495 913 2581 fungi
927 2497 1089 2560 malumus
1104 2499 1201 2568 etiem
1217 2502 1313 2580 atquc
1327 2498 1425 2561 etiam
1439 2494 1621 2561 adolescen-

387 2604 474 2669 tibus
498 2603 615 2668 nostris
639 2607 787 2668 auctores
809 2625 919 2667 sumus
941 2625 983 2668 ne
1007 2602 1195 2686 scriptorem
1219 2607 1363 2668 veterum
1387 2602 1556 2668 emendare
1574 2601 1621 2665 in·

388 2710 525 2776 stituant
552 2709 642 2795 prius
670 2731 765 2794 quam
793 2713 826 2774 et
851 2710 959 2792 ipsum
987 2714 1020 2774 et
1048 2711 1104 2794 qui
1131 2731 1204 2774 cum
1232 2731 1270 2774 eo
1299 2713 1402 2774 aetate
1426 2713 1483 2774 aut
1505 2730 1620 2795 genere

348 2855 374 2896 n
388 2817 551 2885 coniuncti
574 2820 650 2882 sunt
672 2816 832 2883 indefesse
853 2816 992 2884 lectione
1011 2837 1048 2882 ac
1065 2839 1132 2882 non
1150 2818 1377 2904 languescente
1396 2815 1620 2882 observatione

387 2948 445 3011 per
468 2946 579 2991 omues
601 2925 848 2990 consuetudines
871 2946 908 2990 ec
931 2925 1074 3007 delicias,¹
1096 2924 1261 2989 libertates
1284 2924 1380 2988 etiam
1404 2945 1441 2989 ec
1463 2924 1619 3007 licentias,

386 3032 515 3118 penitus
539 3034 754 3117 pernoverint.
792 3030 858 3097 Ser.
876 3056 917 3097 m.
936 3030 1044 3118 Aprili
1064 3055 1089 3096 a.
1109 3048 1333 3097 Mocccxcvn.
