3967 5725
401 1601 526 1674 XLIV.
552 1600 707 1673 INDEX
733 1599 1015 1672 LECTIONUM
1042 1599 1372 1673 HIBERNARUM
1400 1601 1560 1694 lactet.

323 1777 345 1831 3
451 1776 502 1840 De
522 1775 647 1840 deliciis
668 1774 862 1859 quibusdam
884 1775 1043 1839 untionis
1062 1772 1261 1840 Catullianac
1278 1797 1374 1864 agere
1392 1779 1596 1862 prepositum

360 1889 419 1966 est,
443 1906 483 1948 eo
507 1883 643 1947 consilio
660 1887 700 1946 nt
716 1884 746 1946 si
762 1882 835 1946 lieri
852 1881 959 1966 pessit
975 1883 1227 1948 enumerationis
1246 1879 1422 1949 lectionum
1439 1883 1597 1951 academ·

360 2013 470 2057 mrum
487 1991 614 2055 ieiunae
630 1988 854 2073 aequabilitati
875 1987 1027 2054 nonnihil
1048 1989 1264 2054 admisceatur
1285 1989 1494 2058 iucunditatis
1515 1997 1550 2057 et
1567 1993 1596 2057 si

360 2098 417 2182 qui
435 2097 477 2161 ad
493 2097 574 2161 haec
591 2097 700 2161 studia
715 2118 751 2160 se
764 2096 841 2161 dare
854 2097 1028 2180 cupiuntii
1043 2093 1183 2161 habeant
1197 2117 1261 2182 quc
1276 2095 1372 2162 huius
1386 2103 1501 2182 poetae
1515 2099 1596 2164 nati-

359 2227 434 2268 vam
447 2209 648 2270 venustatem
661 2203 833 2289 degustare
845 2203 982 2288 possint
1005 2200 1153 2268 Catrrllus
1166 2203 1253 2268 enirn
1263 2205 1297 2268 in
1306 2202 1369 2270 hoc
1379 2201 1489 2270 libelle
1499 2223 1595 2289 quem

359 2310 510 2376 Cornelio
522 2310 646 2395 Nepoti
663 2310 831 2395 inscripsit
847 2311 883 2373 in
900 2309 1046 2375 versibus
1065 2331 1279 2395 versuumque
1296 2309 1465 2396 particulis
1484 2311 1594 2378 variis-

360 2441 422 2502 que
454 2418 581 2484 dicendi
606 2419 750 2482 flosculis
776 2416 932 2483 iterandis
958 2437 998 2482 ac
1024 2417 1265 2502 frequentandis
1293 2417 1409 2484 mirum
1438 2423 1595 2503 quantum

359 2524 423 2590 sibi
445 2525 576 2610 placuit,
598 2526 696 2612 longe
717 2525 753 2589 in
775 2547 814 2589 ea
835 2546 870 2589 re
893 2523 1059 2590 discedens
1082 2523 1123 2589 ab
1142 2521 1270 2591 Horatii
1293 2545 1404 2592 serena
1426 2521 1595 2612 elegantia,

359 2632 416 2717 qui
439 2655 635 2717 quamquam
652 2654 719 2698 non
737 2633 847 2697 omnia
863 2633 898 2696 in
916 2631 979 2697 hcc
997 2653 1113 2718 genere
1132 2631 1226 2716 cavit,
1249 2632 1336 2717 quod
1355 2631 1486 2718 quidam
1505 2655 1594 2719 prae·
1610 2663 1636 2706 ιο

358 2741 438 2804 clari
468 2740 531 2803 viri
560 2740 685 2823 opinati
710 2739 868 2804 nonnulla
894 2739 935 2803 ab
963 2761 1001 2804 ec
1029 2737 1255 2805 abiudicaruut
1283 2761 1365 2824 quae
1393 2743 1516 2806 certum
1544 2743 1594 2806 eat

358 2870 433 2912 eum
456 2847 630 2931 scripsisse,
651 2849 761 2911 tamen
782 2845 866 2911 hanc
887 2845 1053 2912 licentiam
1076 2845 1139 2912 sibi
1161 2845 1224 2913 nisi
1247 2845 1450 2936 perangustis
1474 2845 1593 2914 linibus

357 2977 424 3020 non
442 2954 598 3039 permisit.
631 2952 750 3019 Catulli
769 2952 920 3038 carmina,
938 2954 1024 3019 tanti
1042 2951 1166 3020 moduli
1185 2954 1412 3040 corpusculum
1432 2954 1520 3040 quod
1539 2956 1593 3021 rix

357 3059 486 3126 tertiam
506 3064 633 3145 partem
650 3060 792 3125 ambitus
810 3060 983 3126 Horatiani
1002 3062 1244 3145 complectatur,
1268 3067 1390 3146 quanto
1410 3082 1507 3148 opere
1526 3084 1593 3130 ver

357 3190 412 3232 sus
435 3167 595 3252 verbaque
616 3167 666 3231 bis
685 3171 774 3231 terve
793 3189 832 3233 ac
849 3169 976 3253 saepius
996 3169 1104 3254 posita
1121 3170 1227 3235 ferant
1246 3168 1318 3254 quis
1337 3168 1461 3235 nescit?
1484 3168 1593 3255 Atque
1621 3240 1624 3249 ,

356 3280 394 3338 ut
417 3275 583 3341 mittamus
606 3295 756 3339 versuum
780 3274 1018 3341 intercalarium
1037 3276 1105 3340 suis
1123 3274 1301 3341 intervallis
1321 3274 1523 3341 redeuntium
1543 3298 1593 3341 or·

355 3385 507 3447 nements
525 3384 560 3446 in
572 3381 746 3446 Parcarum
765 3386 862 3447 cantu
880 3382 1031 3449 carminis
1051 3398 1136 3446 uxlv
1154 3387 1188 3447 et
1206 3382 1240 3448 in
1258 3386 1396 3466 utroque
1414 3380 1591 3468 hymenaeo

356 3488 433 3574 (uxr
451 3493 484 3552 et
502 3487 604 3573 nun),
631 3490 684 3553 vel
710 3511 748 3553 ea
776 3510 857 3573 quae
884 3488 925 3553 ad
951 3488 1190 3554 intercalarium
1219 3510 1363 3555 normam
1387 3488 1520 3575 propius
1544 3510 1592 3556 ae-

356 3596 483 3678 cedunt,
501 3596 536 3660 in
552 3595 661 3681 priore
679 3595 857 3680 hymenaeo
876 3595 1037 3678 quietate
1054 3596 1109 3661 deo
1130 3594 1352 3679 Comparantur
1369 3596 1455 3663 aucit
1473 3596 1524 3663 64.
1539 3596 1590 3664 69.

357 3704 412 3787 74;
444 3704 538 3768 videa
565 3700 627 3790 (at)
652 3705 738 3785 facee
764 3702 957 3785 Splmdiduc
984 3700 1127 3790 (meus)
1154 3704 1300 3785 quatiunt
1327 3722 1430 3771 comas
1458 3702 1508 3769 ll.
1533 3704 1590 3791 983
1606 3732 1631 3774 sc

348 3810 487 3891 prodeas
504 3831 585 3876 accc
602 3816 703 3892 napta
722 3807 773 3875 95.
792 3810 844 3875 96.
866 3808 938 3877 100.
960 3810 1032 3875 110.
1054 3810 1131 3890 1203
1155 3808 1325 3889 concubiae,
1344 3830 1436 3877 nauca
1454 3810 1497 3877 du
1519 3804 1591 3876 135.

358 3917 431 3999 140,
453 3922 485 3981 et
503 3918 538 3981 in
556 3918 657 3983 altero
675 3918 821 4001 Hespero,
839 3918 895 4000 qai
912 3916 995 3983 caelo
1011 3919 1112 3999 fertur
1130 3916 1284 3984 cadelior
1302 3915 1393 4004 (tacet
1410 3916 1590 4004 iucundior)

355 4025 440 4106 iqua
458 4024 510 4088 20,
530 4025 581 4103 26,
606 4046 801 4109 quamquam
824 4024 865 4090 ad
886 4024 1004 4090 horum
1028 4024 1206 4091 carminum
1231 4026 1378 4091 naturam
1400 4022 1590 4109 factasunt,

355 4134 463 4195 tamen
494 4129 591 4196 huius
623 4136 737 4217 poetae
764 4132 872 4197 studio
902 4132 980 4216 quid
1008 4132 1145 4197 maxime
1173 4130 1347 4217 probatum
1376 4130 1474 4198 fuerit
1501 4134 1590 4218 pate·

353 4235 485 4303 faciunt.
522 4236 586 4303 Sed
608 4243 684 4303 sunt
706 4238 770 4304 alia
792 4239 832 4303 ab
856 4237 919 4305 hcc
942 4259 1059 4324 genere
1082 4238 1222 4305 earmina
1245 4236 1385 4323 diverse,
1414 4258 1496 4324 quaa
1518 4260 1590 4307 ean·

354 4344 426 4410 dem
444 4346 633 4410 iteratorum
656 4367 806 4411 versuum
825 4344 1089 4411 consuetudinem
1109 4344 1180 4411 aliis
1201 4344 1289 4411 illam
1310 4344 1438 4431 quidem
1457 4344 1589 4413 rationi·

354 4450 415 4517 bus
443 4454 551 4518 nixam
578 4475 656 4537 prae
683 4475 717 4518 se
746 4453 863 4519 feumt.
901 4450 999 4517 Velut
1028 4452 1168 4519 carmine
1197 4468 1270 4517 nvn
1297 4474 1370 4519 cum
1398 4450 1451 4519 hic
1479 4473 1588 4521 aereus

259 4559 263 4568 '
354 4558 479 4642 primus
507 4560 551 4624 sit
573 4560 708 4626 Patriae
734 4561 872 4626 wrweait
898 4558 1049 4643 inproba
1075 4560 1216 4625 accedia
1242 4558 1390 4644 idemque
1419 4562 1588 4645 extremus,

354 4664 417 4729 hcc
438 4670 534 4751 poeta
556 4666 652 4732 fateri
674 4665 802 4733 videtur
824 4666 911 4752 quod
929 4665 1089 4753 principio
1109 4666 1220 4752 posuit
1238 4667 1484 4753 comprobatum
1503 4668 1587 4735 vide·

353 4770 430 4839 licet
457 4794 526 4839 esse
553 4773 594 4838 iis
622 4795 703 4858 quae
731 4774 872 4839 medium
897 4794 1024 4839 carmen
1048 4772 1241 4858 exsequitur.
1280 4772 1392 4840 Simile
1417 4774 1585 4842 concilium
1601 4802 1628 4845 rc

353 4879 458 4963 aperit
481 4881 634 4967 exiguum
659 4880 804 4966 quamvis
828 4901 956 4946 carmen
979 4896 1029 4945 ιιι
