3967 5725
389 609 454 674 478
612 612 695 664 LVII.
714 613 830 663 INDEX
848 613 1065 664 LECTIONUM
1083 613 1316 666 AESTIVARUM
1335 616 1412 666 1903.

387 771 443 838 καὶ
470 774 515 858 μὴ
542 774 833 839 καταλλάττεσθαι.
869 774 922 839 Ad
949 773 1029 841 haec
1057 779 1164 840 autem
1193 774 1255 840 duo
1280 797 1361 859 quae
1389 797 1428 840 ex
1452 777 1621 840 contrariis

388 902 487 945 unum
510 881 603 966 fiunt,
626 903 693 946 non
716 880 755 946 ad
774 883 922 966 alterum,
945 883 1086 966 pertinet
1105 881 1192 966 quod
1215 881 1344 947 additur
1361 883 1472 966 ὥσπερ
1496 883 1536 947 τὰ
1554 887 1622 948 Σο-

388 986 553 1072 φοκλέους
568 989 708 1073 ἰαμβεῖα,
724 1011 806 1072 qnae
821 1010 886 1073 quo
905 989 1009 1075 magis
1024 989 1183 1054 sententia
1197 989 1360 1074 aperiatur
1373 989 1426 1054 vel
1444 987 1506 1054 hoc
1525 989 1620 1054 modo

279 1137 283 1145 -
385 1095 463 1160 licet
490 1097 641 1180 suppleas
669 1096 721 1162 δεῖ
747 1107 787 1182 τῇ
811 1098 946 1184 διανοίᾳ
974 1101 1206 1162 τετελειῶσθαι
1235 1095 1289 1162 καί
1313 1097 1357 1181 μὴ
1381 1099 1621 1162 διακόπτεσθαι

387 1204 496 1288 ὥσπερ
524 1204 564 1268 τδι
588 1203 805 1288 Σοφοκλέους
833 1207 966 1290 ίαμβεῖα
993 1203 1227 1288 τετελειωμένα
1252 1201 1322 1269 ἐστί
1346 1213 1384 1289 τῇ
1408 1204 1542 1290 διανοίᾳ
1565 1201 1620 1268 καὶ

385 1310 429 1393 μὴ
449 1311 699 1394 διακοπτόμενα.
731 1310 793 1376 His
812 1316 920 1377 autem
935 1333 1016 1397 quae
1030 1312 1143 1377 intime
1157 1312 1242 1375 inter
1261 1334 1294 1376 re
1318 1315 1394 1395 apta
1417 1314 1449 1375 et
1467 1309 1620 1396 colligata

386 1421 463 1482 sunt
485 1439 597 1483 versus
615 1419 784 1483 Καλυδὼν
802 1415 865 1504 μὲν
883 1419 943 1503 ilde
961 1443 991 1502 γ.
1010 1423 1054 1484 Π.
1072 1443 1112 1504 μ,
1136 1419 1224 1503 quod
1242 1422 1291 1483 est
1309 1419 1492 1503 exemplum
1510 1418 1620 1482 vitiosi

385 1529 419 1588 et
441 1525 506 1590 illis
530 1524 696 1610 contrarii,
724 1527 814 1590 nullu
841 1547 876 1591 re
903 1524 1008 1591 media
1030 1525 1247 1592 intercedente
1274 1524 1391 1590 subiici
1414 1547 1481 1590 non
1503 1526 1619 1608 potnit.

385 1629 500 1716 Itaque
527 1631 680 1697 credibile
706 1633 747 1696 fit
772 1633 819 1698 ibi
842 1633 999 1717 quaedam
1023 1633 1149 1720 vulgari
1172 1631 1341 1698 oscitantis
1363 1632 1489 1698 librarii
1513 1652 1618 1696 errore

345 1759 372 1800 ιο
385 1740 611 1823 praetermissa
634 1761 718 1825 esse3
746 1739 865 1825 quibus
888 1740 1039 1826 repositis
1066 1744 1160 1806 tenor
1183 1741 1415 1806 sententiarum
1440 1739 1496 1824 qui
1519 1739 1618 1804 fuerit

385 1847 567 1933 integritati
589 1869 666 1912 suae
684 1846 832 1913 rideatur
855 1849 998 1914 restitui:
1022 1849 1074 1914 δεῖ
1097 1845 1133 1913 δὲ
1152 1849 1213 1932 τὴν
1231 1849 1391 1928 περίοδον
1409 1845 1462 1912 καί
1483 1855 1523 1932 τῇ
1547 1847 1619 1911 δια-
1687 1859 1694 1876 ’

384 1955 461 2041 νοίμ
479 1961 713 2021 τετελειῶσθαι
733 1954 787 2021 καί
806 1957 851 2041 μὴ
870 1958 1110 2021 διατάττεσθαι
1125 1957 1234 2041 ὥσπερ
1254 1955 1294 2020 τδι
1308 1953 1526 2039 Σοφοκλέους
1544 1955 1617 2037 ίαμ-
1634 1971 1673 2028 14

384 2065 468 2145 βεῖα,
493 2061 569 2140 (καί
592 2063 637 2148 μὴ
661 2063 705 2140 ὡς
727 2063 927 2148 Εὐριπίδης)
953 2063 1146 2128 “Καλυδὼν
1169 2059 1231 2147 μὲν
1253 2063 1312 2146 ἥδε
1335 2073 1414 2146 μαῖα
1432 2061 1619 2137 Πελοπείας

385 2170 542 2252 χθονός’.
574 2170 775 2236 τούναντίον
798 2171 861 2255 γὰρ
884 2167 976 2236 ἔστιν
996 2169 1181 2252 ὑπολαβεῖν
1203 2177 1249 2258 τῷ
1269 2171 1485 2252 διαιρεῖσθαι,
1507 2168 1617 2252 ὥσπερ

383 2275 439 2342 καί
462 2275 516 2342 ἐπὶ
542 2287 602 2343 τοῦ
626 2276 819 2363 εἰρημένου,
846 2279 907 2360 τὴν
930 2278 1121 2342 Καλυδῶνα
1149 2268 1234 2341 εἶναι
1262 2285 1320 2358 τῆς
1344 2277 1617 2358 Πελοποννήσου.

383 2381 423 2447 In
446 2406 510 2468 qua
537 2406 572 2448 re
599 2406 640 2448 ne
668 2384 742 2469 quis
769 2406 828 2448 nos
857 2383 1020 2448 Brundisii
1049 2385 1266 2449 coniecturam
1293 2403 1467 2466 recoquere
1495 2385 1617 2468 arguat,

383 2512 443 2555 nos
465 2489 529 2554 hoc
553 2492 737 2556 obtinemus
761 2491 849 2574 quod
872 2512 970 2574 supra
993 2490 1224 2556 affirmavimus
1248 2489 1454 2554 scholiastam
1477 2488 1560 2553 nihil
1583 2489 1618 2552 in

384 2596 445 2662 hac
466 2601 557 2681 parte
580 2598 700 2684 legisse
717 2599 780 2662 nisi
799 2597 886 2681 quod
903 2597 1062 2662 librorum
1082 2597 1144 2662 fide
1163 2597 1318 2662 traditum
1338 2600 1395 2681 est,
1415 2595 1506 2662 cuius
1530 2617 1617 2660 enar·

384 2705 543 2768 rationem
566 2707 623 2787 qui
646 2705 804 2770 curiosius
823 2705 996 2771 rimabitur
1019 2705 1172 2770 concedet
1190 2726 1272 2788 quae
1292 2705 1331 2769 de
1349 2703 1516 2788 Euripidis
1540 2705 1618 2767 iam·

343 2849 370 2890 20
383 2811 453 2877 beis
472 2812 624 2877 dicuntur
642 2811 700 2899 (24
718 2814 758 2878 τὰ
778 2809 814 2879 δὲ
833 2823 894 2880 τοῦ
912 2813 1104 2899 Εὐριπίδου
1123 2815 1256 2897 ἰαμβεῖα
1274 2808 1347 2899 κτλ)
1368 2835 1386 2877 a
1405 2813 1503 2878 citato
1522 2831 1616 2875 versu

384 2921 552 2985 Καλυδὼν
566 2916 628 3005 μὲν
646 2926 705 2985 κτλ
723 2920 852 3008 longius
872 2922 1015 2987 diiuncta
1035 2944 1104 2987 esse
1122 2943 1181 2987 nec
1199 2920 1262 2985 uisi
1281 2919 1466 3004 interpretis
1486 2919 1615 3004 ingenio

384 3030 511 3111 praeter
537 3027 725 3093 Aristotelis
752 3033 895 3095 mentem
921 3032 1060 3094 inventa.
1099 3028 1204 3105 Quare
1231 3028 1319 3112 quod
1342 3026 1522 3092 addendum
1546 3047 1616 3089 sua-

385 3135 496 3199 demus
518 3158 585 3200 non
608 3134 799 3200 scholiastae
828 3158 923 3202 causa
951 3137 1136 3219 suademus,
1164 3136 1220 3200 sed
1244 3136 1320 3220 quia
1343 3134 1407 3199 hoc
1430 3132 1616 3198 Aristotelis

385 3244 530 3308 oratione
557 3243 681 3327 requiri
704 3242 839 3307 videtur.
876 3243 999 3307 Verum
1028 3243 1184 3327 quidquid
1212 3243 1251 3307 de
1279 3241 1480 3327 interpositis
1502 3245 1614 3305 nostro

382 3350 525 3434 periculo
554 3350 661 3415 verbis
690 3351 865 3435 iudicatur,
887 3350 950 3416 hoc
972 3373 1032 3416 nos
1056 3373 1114 3434 pro
1139 3354 1226 3415 certo
1249 3349 1420 3435 habemus,
1443 3348 1528 3432 quod
1554 3347 1616 3411 dis-

381 3458 549 3540 putatione
567 3461 678 3523 nostra
697 3459 847 3523 effectum
861 3462 924 3544 est,
946 3479 1051 3541 neque
1071 3457 1110 3521 ad
1131 3456 1301 3541 Sophoclis
1321 3460 1454 3540 ἰαμβεῖα
1476 3455 1543 3519 ulla
1562 3453 1614 3518 ad-

382 3565 449 3628 dita
467 3565 614 3648 exempla
632 3564 740 3648 fixisse,
763 3587 868 3649 neque
886 3586 1025 3649 versum,
1049 3586 1145 3649 quem
1164 3568 1289 3629 constat
1307 3562 1518 3647 Euripideum
1537 3582 1614 3642 esse,

382 3670 590 3737 Aristotelem
603 3670 773 3756 Sophoclis
787 3672 919 3737 nomine
929 3672 1083 3736 laudasse.
1109 3671 1173 3736 Sor.
1184 3695 1225 3735 m.
1236 3671 1384 3737 Decemb.
1400 3693 1427 3736 a.
1437 3684 1613 3734 nnoocon.
