3967 5725
386 607 456 671 394
580 608 641 658 nn
659 607 775 656 mnas
792 605 1007 656 anemonen
1023 603 1266 654 massicus
1285 605 1453 670 rsoosrsor.

547 766 624 853 περὶ
651 767 792 850 ὁμιλιῶν
816 767 902 851 πρὸς
928 765 1093 847 ἀλλήλους
1120 763 1312 847 ἀνθρώπων
1339 763 1481 846 ἀγαθῶν
1507 765 1620 828 τεκαὶ

547 886 659 940 κακῶν
681 872 737 939 καὶ
760 875 904 938 ἰδιωτῶν
925 871 980 936 καλ
1004 874 1219 956 δημιουργῶν
1241 871 1295 935 καί
1321 869 1397 954 περὶ
1420 877 1513 936 θεῶν
1537 873 1621 955 πρὸς

545 982 710 1065 ἀλλήλους
730 980 787 1046 nal
809 983 894 1065 πρὸς
915 979 1119 1064 ἀνθρώπους
1138 977 1348 1060 ὁμιλούντων
1366 979 1416 1054 ὡς
1433 977 1619 1062 ὁμιλοῦσι

544 1088 600 1154 καλ
622 1087 699 1174 περλ
722 1101 791 1154 τῶν
811 1087 982 1172 οὐρανίων
1002 1084 1211 1170 παθημάτων
1232 1090 1301 1150 κτλ

383 1196 507 1262 Gobeto
539 1197 627 1261 enim
658 1195 836 1260 assentiens
864 1192 1040 1258 Schannius
1072 1193 1170 1258 verba
1199 1194 1245 1269 ῶς
1271 1192 1426 1274 ὁμιλοῦσι
1453 1197 1618 1277 tamquam

380 1304 467 1369 falso
489 1304 651 1388 adscripta
672 1303 765 1368 uncis
787 1301 927 1366 inclusit
963 1299 1052 1378 Quae
1075 1302 1103 1364 si
1126 1300 1275 1364 abessent
1296 1322 1391 1365 nemo
1415 1299 1618 1383 desideraret,

382 1433 469 1476 nunc
491 1433 565 1475 cum
585 1410 702 1492 adsint,
722 1413 761 1474 ut
778 1409 946 1474 mittamus
964 1431 1079 1492 parurn
1097 1407 1266 1492 probabile
1284 1429 1354 1470 csse
1372 1407 1453 1472 haee
1470 1430 1490 1471 a
1506 1408 1616 1471 nescio

382 1540 448 1603 quo
469 1519 580 1602 potius
603 1539 701 1601 quam
723 1518 765 1581 ab
787 1517 860 1600 ipso
882 1519 1016 1580 auctore
1037 1513 1142 1578 libelli
1160 1535 1231 1579 esse
1249 1514 1382 1598 adiecta,
1403 1513 1617 1600 intelligimus

382 1645 420 1688 ea
441 1624 539 1708 plane
555 1623 689 1689 candem
706 1624 867 1688 rationem
884 1624 986 1706 sequi,
1009 1644 1106 1706 quam
1124 1625 1181 1686 aut
1199 1643 1282 1705 quae
1299 1622 1378 1686 olim
1398 1623 1617 1707 congessimus

340 1759 370 1798 ιι
382 1734 441 1795 aut
466 1753 549 1816 quae
575 1753 675 1815 supra
700 1730 800 1795 allata
825 1733 903 1794 sunt
928 1729 1075 1813 exemplu
1102 1751 1287 1813 expressam
1309 1732 1430 1794 tenent.
1465 1727 1616 1812 Inprimis

381 1839 463 1903 haec
489 1840 547 1922 qui
573 1838 683 1903 delent
704 1837 840 1902 velimus
863 1859 972 1901 seeum
996 1836 1186 1920 deliberent,
1215 1834 1294 1920 quid
1317 1835 1356 1899 de
1378 1835 1445 1899 illis
1468 1837 1574 1900 verbis
1597 1859 1617 1900 a
1633 1840 1677 1896 le

381 1945 501 2030 quibus
531 1945 669 2030 profecti
701 1967 811 2010 sumus
839 1943 946 2027 λέγεις
972 1947 1150 2028 τεκμήριον
1178 1944 1300 2026 σοφίας
1325 1951 1384 2025 τῆς
1410 1966 1446 2007 τε
1472 1953 1615 2008 σεαυτοῦ

379 2054 436 2118 καλ
458 2064 526 2118 τῶν
547 2062 615 2118 νῦν
636 2052 830 2137 ἀνθρώπων
849 2052 934 2134 πρὸς
955 2053 1035 2126 τοὺς
1058 2050 1216 2136 ἀρχαίους
1236 2050 1332 2115 ὅσον
1350 2049 1614 2135 διαφέρουσιν

379 2159 587 2225 iudicandum
610 2163 761 2224 censeant
780 2162 838 2223 aut
855 2158 895 2222 de
911 2158 974 2241 his,
997 2180 1080 2242 quae
1098 2180 1166 2222 esse
1185 2158 1287 2222 instar
1305 2158 1451 2222 omniurn
1468 2164 1615 2242 possunt,

379 2290 400 2330 a
423 2269 542 2351 quibus
563 2267 769 2350 Thucydides
791 2288 873 2350 opus
895 2288 989 2330 suum
1014 2287 1148 2330 exorsus
1171 2271 1221 2330 est

544 2375 755 2457 Θουκυδίδης
774 2372 954 2456 Ἀθηναῖος
976 2371 1160 2456 ξυνέγραψε
1179 2372 1240 2437 τὸν
1257 2375 1403 2454 πόλεμον
1420 2385 1489 2438 τῶν
1507 2378 1615 2438 Πελο

540 2484 734 2566 ποινησίων
763 2479 819 2544 καὶ
847 2479 1033 2563 Ἀθηναίων
1064 2481 1109 2556 ὡς
1140 2478 1388 2563 ἐπολέμησαν
1418 2482 1516 2565 πρὸς
1548 2480 1614 2546 ἀλ-

542 2590 695 2670 λήλους.

379 2692 443 2759 Sed
465 2695 563 2759 nimis
581 2716 677 2779 saepe
694 2695 799 2759 critici
817 2694 942 2758 subitas
960 2693 1174 2779 cogitationes
1193 2715 1233 2758 ex
1251 2693 1389 2780 singulis
1406 2694 1487 2760 locis
1506 2696 1614 2759 oriun-

337 2827 367 2867 ao
379 2801 437 2867 das
458 2800 550 2867 nulla
570 2801 717 2867 adhibita
739 2800 964 2867 observatione
986 2823 1069 2887 quac
1091 2801 1259 2887 scriptoris
1281 2802 1378 2866 unius
1396 2805 1453 2866 aut
1470 2801 1614 2886 plurium

379 2930 476 2974 usum
498 2910 713 2993 amplectatur
734 2909 827 2993 sequi
850 2909 956 2973 solent
977 2909 1122 2974 fidenter.

469 3015 622 3101 Idemque
648 3022 813 3102 postremo
840 3017 953 3083 cadere
980 3017 1016 3081 in
1038 3015 1153 3099 Lysiae
1176 3016 1273 3080 verba
1294 3016 1504 3101 putabamus,
1531 3040 1614 3101 quae

378 3124 475 3188 nobis
495 3124 600 3189 redire
622 3124 663 3188 ad
685 3124 818 3189 eandem
842 3123 968 3187 dicendi
990 3123 1255 3189 consuetudinem
1278 3124 1347 3189 risa
1369 3129 1459 3207 sunt,
1485 3148 1505 3188 a
1527 3125 1614 3189 criti·

379 3232 428 3296 cis
458 3235 565 3295 autem
597 3231 761 3315 plerisque
788 3230 939 3295 omnibus
966 3231 1179 3295 condemnata
1206 3235 1238 3295 et
1264 3232 1391 3295 reiecta
1431 3230 1471 3295 In
1496 3230 1613 3316 Lysiae

377 3339 464 3403 enim
491 3339 636 3403 oratione
663 3340 698 3403 in
724 3337 920 3403 Aeschinem
944 3336 1143 3402 Socraticum
1170 3338 1288 3403 acriter
1314 3338 1492 3423 invehenti,
1520 3340 1612 3403 cuius

377 3445 496 3509 bonam
523 3450 650 3529 partam
672 3444 860 3509 Athenaeus
886 3446 1027 3509 cenavit
1051 3443 1107 3509 lib.
1125 3462 1203 3526 xm,
1230 3444 1309 3509 haec
1331 3445 1494 3510 habentur
1514 3447 1612 3511 verba

376 3575 408 3636 p.
427 3552 494 3616 612
507 3552 529 3616 f.

538 3658 645 3735 οὕτως
662 3658 825 3744 ἐρωτικῶς
843 3662 881 3725 τὸ
900 3661 1017 3744 κόριον
1035 3663 1268 3744 μετεχειριξετο
1286 3670 1344 3742 τῆς
1363 3658 1491 3741 ἡλικίας
1509 3661 1612 3745 αὐτῆς

537 3765 728 3848 ἀπολαύων,
750 3762 790 3849 ἧς
813 3766 897 3852 ῥᾷον
919 3770 998 3844 τοὺς
1018 3766 1159 3843 ὀδόντας
1184 3767 1368 3851 ἀριθμῆσαι
1387 3766 1484 3832 ὅσου
1501 3766 1611 3833 iletr-

334 3896 363 3936 ω
537 3897 631 3949 τους
651 3868 753 3955 ἦσαν
775 3872 796 3957 ἣ
819 3884 877 3958 τῆς
899 3876 1009 3958 χειρὸς
1031 3877 1111 3951 τοὺς
1134 3874 1330 3950 δακτύλους.

376 3978 456 4055 Quis
477 4001 545 4044 non
566 3979 655 4044 ridet
677 3980 775 4045 rerba
798 3981 881 4046 ὅσου
899 3980 1056 4057 ἐλάττους
1074 3976 1161 4064 ἦσαν
1178 3982 1288 4046 abesse
1306 3981 1452 4065 potuisse
1470 3982 1541 4046 sine
1559 3982 1611 4047 dc

375 4087 549 4151 trimento‘?
575 4085 690 4171 Itaque
707 4088 783 4152 inde
801 4111 820 4151 a
835 4086 1025 4153 Gasaubono
1044 4090 1143 4175 vulgo
1164 4088 1210 4153 sic
1228 4088 1414 4153 existimant
1429 4110 1467 4151 ea
1480 4111 1500 4152 a
1511 4087 1612 4173 Lysia

374 4193 548 4259 abhorrere
566 4198 599 4258 et
617 4216 635 4258 e
653 4195 799 4281 margine
816 4197 852 4259 in
869 4196 939 4260 eius
958 4196 1113 4259 orationis
1128 4199 1315 4260 contextum
1328 4195 1509 4280 irrepsisse;
1528 4219 1610 4281 quae

378 4299 519 4366 Cobetus
537 4302 573 4365 in
589 4300 687 4384 Lysia
706 4324 746 4366 ne
765 4303 887 4386 recepit
905 4302 1045 4386 quidem,
1063 4301 1231 4366 Kaibelius
1249 4301 1283 4365 in
1302 4301 1470 4368 Athenaeo
1488 4304 1610 4388 recepit

374 4408 432 4473 sed
448 4409 610 4473 uncinata
642 4406 951 4493 Tantoqueeertius
968 4408 1048 4473 haec
1067 4410 1245 4474 reiectanea
1263 4431 1333 4473 esse
1351 4410 1514 4475 affirmant
1533 4411 1609 4495 quia

375 4536 472 4598 quam
495 4513 641 4579 sublesta
662 4515 706 4579 sit
729 4537 840 4579 eorum
863 4516 943 4581 fides
961 4516 1026 4580 alia
1044 4516 1200 4600 quaedam
1219 4516 1404 4581 testimonia
1423 4522 1608 4603 coarguant.

373 4619 505 4685 Etenim
533 4621 675 4704 primum
697 4621 881 4687 Demetrius
909 4624 948 4687 de
975 4623 1157 4688 elocutione
1184 4624 1264 4688 haee
1291 4623 1402 4689 citavit
1429 4646 1455 4690 ο.
1475 4640 1609 4688 cxxvm

535 4737 604 4790 τῶν
631 4724 667 4791 δὲ
693 4729 838 4812 χαρίτων
860 4731 895 4793 αἱ
917 4729 979 4810 μέν
1002 4731 1067 4794 elce
1090 4732 1235 4815 μείζονες
1258 4731 1313 4795 καὶ
1337 4733 1546 4814 σεμνότεραι,
1574 4732 1609 4795 αἱ

536 4844 604 4896 τῶν
635 4846 794 4918 ποιητῶν,
826 4837 861 4900 αἱ
893 4833 930 4901 δὲ
962 4837 1104 4913 εὐτελεῖς
1136 4842 1265 4921 μᾶλλον
1295 4835 1349 4901 καὶ
1382 4839 1606 4921 κωμικώτεραι
