3967 5725
559 621 815 674 <normannia
830 621 1083 674 mammonas
1103 621 1362 675 οιιιιίοιιιιιιιε.Ἰ
1517 619 1585 685 321:

349 805 406 850 nea
426 785 564 849 amiam
585 789 687 864 amate
702 784 890 865 ponderatam
907 785 1141 864 increpabitur,
1164 803 1254 867 anem
1271 784 1363 849 semel
1381 784 1506 866 lapsam
1518 787 1585 850 im·

344 892 518 975 pandentia
534 948 535 951 ,
549 891 700 956 anatinam
725 910 780 955 nac
806 911 945 955 mamere
969 892 1061 968 sinim
1094 894 1126 954 et
1153 895 1287 975 apparet
1314 895 1381 956 tam
1410 895 1483 976 apte
1504 895 1585 973 prm

349 998 470 1064 denna
483 999 582 1062 'inere
601 1019 701 1080 quam
724 997 881 1062 tabentem
895 1017 1036 1062 mamere
1057 997 1143 1062 inter
1166 1019 1200 1062 se
1224 998 1375 1082 componi
1398 1002 1435 1062 et·
1453 1001 1584 1084 opponi.

355 1141 362 1148 ·
440 1103 509 1169 Sed
527 1108 644 1188 tamen,
668 1106 863 1188 quamquam
886 1104 971 1169 hanc
993 1127 1013 1168 a
1035 1104 1130 1170 nobis
1153 1103 1219 1176 leni
1237 1127 1335 1170 manu
1352 1105 1496 1170 relictam
1517 1128 1584 1170 ora-

349 1213 472 1276 tionem
501 1212 589 1276 omni
617 1233 656 1275 ex
678 1215 770 1295 parte
792 1216 827 1276 et
850 1209 1037 1277 Ciceronem
1061 1211 1227 1291 deocreet
1250 1211 1285 1276 in
1307 1211 1404 1278 huius
1427 1212 1491 1278 loci
1515 1234 1586 1278 sen-

350 1320 485 1384 tentiam
514 1319 670 1403 quadrare
698 1319 903 1402 arbitramur,
931 1319 970 1383 de
998 1319 1166 1384 emendato
1195 1319 1293 1385 verbo
1321 1319 1406 1384 nibil
1432 1319 1589 1384 fidentine-

350 1427 559 1509 affirmamus,
578 1425 658 1490 illud
677 1425 795 1490 fortius
809 1426 1172 1509 asseveraneaudemus,
1189 1425 1264 1490 falsi
1277 1425 1489 1491 additamenti
1500 1425 1585 1490 nibil

350 1534 384 1597 in
411 1530 472 1597 hac
500 1536 591 1616 parte
619 1533 766 1618 agnosci,
795 1532 851 1597 sad
878 1532 906 1596 si
929 1536 1095 1617 peccatum
1119 1532 1162 1598 sit
1185 1537 1353 1617 peccatum
1377 1541 1445 1598 esso
1468 1541 1590 1618 errore„

418 1751 421 1754 ’
440 1746 549 1812 Tertio
571 1748 643 1810 loco
667 1747 823 1811 orationis
841 1746 1040 1812 Pisonianae·
1056 1767 1168 1812 vocem
1186 1769 1284 1812 unam
1299 1749 1470 1812 restituere
1486 1769 1586 1813 cona·
1601 1771 1630 1814 m

350 1853 470 1938 bimur,
498 1857 593 1936 quam
617 1876 636 1918 a
658 1855 799 1937 nemine,
823 1853 909 1938 quod
931 1854 1083 1936 sciamus,
1106 1857 1194 1919 recte
1215 1853 1416 1919 emendatam
1439 1855 1590 1939 plerique·

350 1960 525 2026 omnesxinv
536 1961 644 2045 spurii
667 1961 883 2045 suspicionem
905 1959 1196 2025 trabentesdelere
1214 1959 1498 2045 malueruntip'uao
1517 1983 1585 2027 can

349 2069 454 2154 rigere
486 2088 553 2131 non
584 2071 743 2152 poterant.
761 2123 765 2127 .
784 2065 1066 2151 Comparationem
1099 2067 1236 2132 dicimus
1268 2090 1289 2131 a
1315 2065 1469 2132 Cicerone
1494 2069 1586 2132 inter

351 2173 523 2239 Catilinam
551 2175 817 2258 coniuratosque
822 2178 858 2238 et
884 2174 970 2238 inter
996 2173 1147 2246 Pisonem
1172 2173 1408 2258 Cabininmque
1437 2174 1583 2240 consulas

350 2282 480 2346 institut
444 2304 582 2347 u.amc
604 2283 637 2366 7,
658 2282 708 2347 15.
798 2301 803 2310 ·
1582 2359 1587 2369 J

416 2389 573 2471 Quid
594 2391 678 2454 mim
700 2389 845 2470 interfecit
866 2389 949 2454 inter
972 2387 1146 2454 Catilinam
1169 2389 1217 2453 ct
1219 2409 1302 2468 cam,
1331 2359 1381 2454 cai
1404 2362 1437 2453 tn
1459 2334 1586 2455 samias

485 2498 706 2574 anctoritatem
725 2496 856 2562 salntem
875 2497 1068 2576 ambatiam
1051 2502 1134 2561 atam
1152 2517 1218 2560 nem
1231 2495 1393 2577 publicam
1400 2498 1586 2578 provinciae

480 2605 624 2686 praemio
646 2602 838 2677 vendidisti?
865 2623 945 2685 qaae
967 2604 1052 2668 mim
1075 2603 1112 2668 L.
1133 2601 1307 2668 Catilinam
1330 2603 1491 2668 conantem
1512 2605 1585 2669 aaa·

357 2735 359 2741 ·
484 2711 534 2776 sni
554 2710 717 2793 prohibui,
744 2730 781 2774 aa
804 2710 843 2774 P.
864 2709 1014 2775 Clodiam
1039 2711 1204 2792 facientem
1223 2710 1369 2776 aaronica·
1388 2711 1585 2790 amianarum.-

356 2852 359 2861 ν
416 2818 460 2884 5·
483 2818 580 2883 calmi
596 2817 650 2883 nn
666 2822 808 2883 samiam
828 2818 1012 2900 interficere:
1035 2817 1290 2895 constantinia
1309 2818 1392 2901 layas·
1406 2819 1585 2884 inccndarca
1598 2839 1626 2882 ιι

362 2958 364 2963 ·
483 2927 536 2991 aas
563 2927 752 3007 anacastra
779 2927 939 2990 interire
954 2927 1140 3008 patriam,
1168 2946 1230 2990 aas
1252 2926 1480 2991 adiuvisti&
1507 2927 1590 3007 aniel:

356 3060 372 3078 1·
407 3055 411 3062 ·
484 3039 529 3099 ea
554 3034 638 3097 vobis
664 3030 840 3097 censalibus
864 3035 983 3114 pectam
1010 3034 1086 3097 cmc
1100 3032 1223 3098 armis?
1253 3034 1413 3097 incendere
1428 3032 1493 3097 illa
1516 3054 1585 3099 aan-

482 3142 659 3205 imatornm
677 3159 792 3205 manac
809 3139 907 3205 vetnit
921 3140 1046 3205 mrtem:
1063 3159 1127 3205 aaa
1134 3142 1201 3205 aias
1219 3138 1344 3212 damam
1359 3157 1448 3253 anem
1455 3144 1586 3221 propter

356 3261 358 3264 ’
483 3247 593 3312 nrbs'
579 3265 707 3313 anacam
728 3266 792 3311 non
815 3252 866 3312 est
1034 3252 1035 3255 ’
1072 3288 1075 3296 «
1189 3269 1192 3273 ·

350 3354 399 3418 De
431 3376 495 3438 qua
514 3358 614 3438 parte
632 3353 768 3418 erudita
794 3352 843 3417 est
869 3352 1037 3418 adnotatio
1065 3352 1257 3438 Madvigii
1248 3374 1283 3416 ιιι
1311 3288 1506 3417 Turicensis'
1521 3352 1585 3417 eeli-¹

349 3461 449 3527 tionis
474 3460 637 3526 volumine
660 3478 735 3544 11p
749 3458 933 3525 14532-111
941 3481 1007 3543 qna
1029 3460 1169 3543 primum
1193 3460 1331 3538 interire,
1350 3458 1447 3543 quod
1466 3459 1587 3525 codici

350 3568 411 3632 bus
435 3568 578 3650 debetur,
600 3588 735 3651 pravum
758 3586 827 3645 esse
851 3567 954 3649 docet,
976 3568 1050 3631 cum
1072 3569 1123 3631 act
1125 3567 1195 3630 ivae
1214 3565 1588 3651 significationisinfinie,

349 3675 453 3740 tivum
472 3675 650 3758 exspectari
668 3674 763 3758 dicat,
781 3671 841 3737 noc
858 3677 967 3739 tamen
982 3676 1166 3752 interimere,
1187 3673 1273 3757 quod
1284 3674 1366 3737 olim
1379 3674 1585 3758 propositum

297 3796 336 3853 12
351 3786 413 3864 est,
436 3786 615 3867 praestare,
644 3780 730 3865 quod
752 3801 816 3855 nec·
836 3779 893 3857 sira
916 3781 951 3845 vi*
971 3781 1102 3865 propria
1124 3783 1199 3865 post
1222 3800 1260 3843 aa
1283 3800 1364 3863 quac
1388 3778 1585 3863 praecedant

349 3890 519 3972 interficere
536 3887 679 3956 sanatam
698 3883 765 3953 dici
780 3885 931 3972 potuerit,
950 3909 1008 3952 nec
1023 3889 1179 3952 usitatam
1192 3886 1439 3951 translationem
1447 3885 1585 3951 babeat}
1597 3906 1624 3949 ao

350 3996 545 4061 desiderium
565 3994 698 4080 expleri
731 3997 758 4059 si
791 4016 830 4059 ex
862 3997 992 4061 interire
1023 3995 1089 4059 leni
1117 3994 1213 4079 opera
1226 3996 1388 4059 ,aitcrnarc
1414 3994 1583 4059 efficiatum.

349 4101 615 4187 quueplerique
634 4103 735 4167 secuti
753 4108 839 4185 sunt,
856 4125 917 4167 nec
936 4100 1021 4167 certe
1039 4102 1240 4187 probabilius
1255 4103 1304 4167 est
1319 4101 1406 4185 quod
1419 4100 1584 4185 Kayserus

349 4211 384 4274 in
403 4211 535 4275 eandem
554 4205 757 4274 ‘sententiam‘
767 4209 823 4275 sed
836 4210 958 4286 maiore
972 4206 1139 4273 molimine
1153 4206 1343 4273 emendandi
1356 4208 1455 4273 scribi
1464 4207 1584 4273 imalmc

348 4319 414 4382 aim
437 4318 554 4399 infame
567 4318 712 4398 patriae.v
741 4315 805 4381 Sed
823 4318 910 4381 hunc
927 4317 1115 4401 scrupulum
1133 4316 1221 4381 felici
1240 4317 1583 4399 nemo·<praetervectos

349 4423 471 4507 excipit
497 4445 619 4489 navum
646 4427 679 4487 et
706 4422 835 4509 gravius
864 4421 1067 4487 obstaculum
1095 4424 1129 4487 in
1157 4422 1198 4487 iis
1224 4424 1510 4506 quaesoquuntur
1526 4442 1585 4487 aaa

348 4531 538 4597 adiutam:
567 4529 651 4607 Quid
683 4530 768 4594 enim
799 4535 856 4594 aut
877 4526 988 4614 {quem
1007 4528 1165 4595 adimissc
1193 4528 1364 4601 dicuntur?
1387 4530 1586 4612 patriamne,

351 4633 437 4721 quod
458 4660 498 4703 ex
517 4638 681 4721 superiore
700 4639 860 4701 sententio
878 4638 1018 4722 intelligi
1037 4640 1173 4720 poterat,
1197 4638 1263 4700 sive
1282 4638 1410 4701 interire
1429 4640 1505 4705 erac
1516 4637 1584 4701 sive

349 4745 685 4826 ammonariam,
708 4766 752 4808 an
770 4742 941 4808 Catilinam
965 4762 1105 4827 quocum
1129 4744 1377 4827 comparantur?
1400 4742 1583 4826 Utrumque

349 4851 470 4934 pariter
493 4845 639 4934 ineptam
662 4855 720 4936 est,
744 4846 879 4915 auc'eo's
901 4852 1060 4916 admoicsa
1076 4852 1222 4933 patriam
1245 4849 1318 4934 dici,
1343 4872 1422 4935 qnos
1445 4850 1583 4933 patriam

404 4964 530 5005 Vahloni
544 4964 654 5014 opuscula
667 4966 698 5004 Π.
1334 4960 1366 5007 21
