3967 5725
493 622 745 676 ΑΘΕΤΟΥΜΕΝΑ
763 625 803 676 ΙΝ
822 623 1015 675 CICERONIS
1030 618 1192 674 'scamus
1211 623 1461 676 PHILOSOPHIS.
1526 619 1591 686 355

355 785 448 849 ellam
471 785 590 850 lancem
613 785 740 869 maluit,
767 807 832 870 qua
853 807 888 849 re
911 789 1036 849 motum
1060 783 1209 869 dicimus,
1238 786 1431 869 quicumque
1454 785 1531 870 fuit,
1556 790 1592 850 ut

356 891 423 956 illis
447 893 520 957 toni
541 893 771 976 interponeret.
808 891 907 977 Talia,
930 896 967 956 ut
990 913 1085 975 saepe
1109 891 1253 974 dicimus,
1277 893 1375 978 vulgo
1400 892 1504 956 critici
1526 914 1592 957 non

357 1002 480 1082 curant,
503 999 560 1083 qui
584 1021 656 1063 cnm
680 998 820 1063 habeant
843 999 930 1083 quod
954 1021 1027 1064 cum
1052 999 1159 1082 aliqua
1183 999 1288 1081 specie
1312 999 1363 1064 edi
1381 998 1494 1083 possit,
1519 1019 1592 1063 con-

357 1107 440 1171 tenti
464 1109 539 1170 sunt
562 1127 666 1189 neque
690 1128 723 1170 se
746 1109 864 1170 vexant
887 1105 1034 1190 amplius.
1071 1104 1115 1168 Et
1139 1109 1246 1169 tamen
1270 1129 1306 1169 ea
1324 1127 1390 1170 non
1409 1106 1478 1170 sine
1497 1106 1591 1170 detri-

359 1217 466 1278 mento
489 1213 706 1299 negliguntur.
740 1212 839 1277 Velut
856 1211 920 1277 hoc
937 1212 1009 1277 loco
1029 1211 1295 1276 considerandum
1314 1216 1363 1277 est
1382 1213 1454 1277 beai
1472 1212 1592 1277 lancem

357 1341 416 1384 nec
441 1317 627 1383 Ciceronem
651 1341 754 1403 neque
777 1320 880 1404 magis
905 1342 986 1404 eum,
1011 1341 1106 1402 quem
1123 1319 1204 1384 haec
1223 1342 1280 1384 sua
1299 1323 1413 1402 sponte
1432 1318 1595 1383 addidisse

356 1428 485 1507 volunt,
513 1448 583 1490 eam
606 1427 729 1491 lancem
754 1426 916 1512 appellare
938 1428 1093 1510 potuisse,
1115 1427 1148 1490 in
1174 1449 1236 1510 qua
1260 1427 1364 1490 ocimi
1386 1426 1466 1491 boec
1489 1426 1592 1509 impo-

358 1535 420 1598 sita
444 1537 526 1598 sunt.
563 1531 648 1597 Nam
671 1555 739 1598 non
757 1534 795 1597 de
814 1535 903 1599 bonis
922 1535 1029 1619 agitur
1047 1534 1194 1598 universe
1214 1533 1269 1598 sed
1289 1532 1327 1598 de
1347 1537 1432 1598 certo
1452 1533 1589 1617 quodam

357 1662 474 1726 genere
501 1641 649 1706 besorum
676 1663 716 1705 ex
743 1640 784 1703 iis
813 1663 894 1724 quae
921 1640 1018 1705 modo
1047 1640 1149 1704 divisa
1177 1645 1265 1705 sunt:
1293 1641 1328 1704 in
1356 1662 1419 1723 qua
1441 1662 1476 1703 re
1498 1662 1540 1705 ne
1563 1639 1591 1704 is

357 1748 487 1830 quidem
510 1747 604 1812 facile
627 1747 776 1812 aberrare
798 1748 915 1833 potuit,
939 1749 1132 1831 quicumque
1156 1748 1280 1833 primus
1303 1748 1366 1812 hoc
1389 1746 1456 1834 egit
1478 1750 1516 1810 ut
1539 1746 1590 1810 ad·
1605 1777 1637 1818 w

357 1856 534 1920 ditamento
553 1855 639 1919 facto
659 1854 822 1918 definitius
842 1855 909 1918 eius
928 1856 1029 1921 lancis
1050 1875 1131 1918 onus
1151 1855 1354 1940 significaret.
1387 1853 1501 1938 Itaque
1519 1854 1592 1918 beai

357 1985 430 2027 curn
454 1967 568 2026 neutra
590 1966 681 2046 parte
705 1961 831 2026 defendi
855 1963 972 2046 possit,
1000 1963 1066 2027 sive
1089 1961 1275 2026 Tullianum
1298 1983 1367 2026 esse
1391 1961 1457 2025 sive
1481 1962 1591 2045 spuria

357 2069 481 2156 origine
508 2072 655 2153 putatur,
681 2091 788 2133 nonne
816 2070 919 2134 multo
949 2067 1134 2134 credibilius
1162 2073 1211 2132 est
1239 2067 1321 2133 nihil
1347 2067 1401 2134 hic
1424 2066 1522 2132 alieni
1544 2069 1591 2131 in-

356 2180 477 2241 sertum
506 2175 561 2240 sed
589 2176 675 2259 quod
701 2175 844 2260 positum
872 2180 941 2240 erat
969 2175 1010 2240 ab
1038 2180 1168 2240 auctore
1196 2176 1366 2242 scribentis
1393 2197 1499 2240 errore
1524 2196 1595 2239 ccr-

356 2287 488 2368 ruptum
512 2303 581 2347 esse
604 2288 636 2346 et
659 2283 890 2348 obscuratum?
914 2281 1037 2360 Quodsi
1061 2305 1100 2347 ex
1122 2283 1194 2348 boui
1217 2283 1302 2348 effici
1322 2285 1433 2367 posset
1453 2282 1539 2366 quod
1556 2285 1591 2346 in

356 2392 440 2456 hanc
467 2391 657 2454 sententiam
688 2390 858 2473 quadraret
886 2394 919 2454 et
946 2391 1116 2455 certiorem
1143 2389 1240 2455 huius
1265 2390 1368 2455 lancis
1391 2390 1590 2455 notationem

356 2499 498 2581 afferret,
524 2497 588 2562 hoc
616 2519 653 2562 eo
681 2497 883 2580 probabilius
911 2498 1009 2582 foret,
1038 2497 1137 2582 quod,
1166 2520 1361 2582 quamquam
1390 2501 1422 2561 et
1445 2497 1536 2562 illum
1559 2499 1592 2560 et

355 2605 448 2670 illam
475 2605 594 2670 lancem
623 2605 806 2669 satisfacere
833 2627 929 2688 posse
955 2604 1025 2669 iure
1049 2605 1279 2689 concessimus,
1307 2609 1413 2669 tamen
1436 2608 1512 2689 post
1535 2603 1595 2667 illa

357 2734 438 2796 quae
465 2710 660 2796 praecedunt
688 2731 757 2774 cum
784 2714 819 2775 in
845 2712 977 2776 alteram
1001 2713 1120 2777 lancem
1144 2714 1247 2777 animi
1270 2712 1351 2778 boec
1373 2715 1527 2795 imponet,
1554 2713 1592 2775 ic

356 2819 487 2885 alteram
511 2820 648 2900 corporis
669 2823 698 2883 et
719 2824 846 2884 ecterm
868 2819 951 2885 nihil
974 2819 1090 2905 aptiae,
1113 2819 1196 2884 nihil
1218 2822 1321 2905 magis
1345 2819 1528 2905 appositum
1551 2817 1590 2881 ad
1605 2847 1633 2887 ac

356 2927 548 2992 sententiam
572 2947 640 2989 esse
663 2928 781 3010 potuit,
805 2948 901 3011 quam
925 2928 1009 2993 hanc
1032 2927 1164 3012 lancem,
1188 2928 1222 2990 in
1246 2950 1310 3011 qua
1331 2928 1399 2991 sola
1419 2928 1522 2992 omnis
1541 2927 1590 2990 vis

356 3038 405 3099 est
433 3033 695 3117 comparationis,
723 3034 905 3117 expressius
933 3034 1087 3098 denotari.
1125 3033 1214 3097 Haec
1243 3034 1319 3098 dum
1343 3038 1528 3117 reputamus
1553 3055 1590 3097 eo

355 3142 542 3206 devenimus
565 3145 602 3204 ut
626 3141 861 3224 suspicaremur
885 3139 1069 3205 Ciceronem
1093 3142 1259 3224 scripsisse

490 3247 572 3312 libro
590 3247 649 3312 illc
665 3246 806 3328 Critolai,
824 3250 879 3329 qui
897 3269 967 3312 cum
985 3249 1020 3311 ia
1040 3249 1173 3312 alteram
1187 3247 1306 3312 lancem
1321 3248 1424 3312 ocimi
1438 3246 1517 3311 boec
1531 3248 1590 3310 tm-

485 3362 593 3439 poca,
611 3356 648 3419 ic
666 3355 798 3420 alteram
816 3357 954 3437 eorporis
969 3361 998 3419 et
1010 3360 1145 3437 meac,
1163 3360 1286 3419 tactum
1293 3355 1487 3436 propendere
1499 3353 1590 3418 illam

490 3463 666 3527 torcorum
689 3463 810 3527 ocimi
828 3462 947 3527 lancem
963 3467 1050 3543 pectet
1066 3466 1235 3526 ulterram
1255 3467 1283 3526 et
1300 3464 1406 3525 morto
1426 3462 1589 3543 deprimat.

355 3570 445 3635 Haec
468 3575 518 3633 est
541 3570 625 3634 enim
647 3573 735 3633 recta
759 3573 791 3633 et
813 3570 945 3653 propria
967 3568 1065 3633 huius
1087 3570 1187 3633 lancis
1212 3570 1395 3652 appellatio,
1420 3592 1501 3653 quae
1524 3590 1590 3633 non

356 3678 425 3741 sine
447 3680 539 3763 grata
563 3677 717 3741 varietate
740 3676 879 3761 affertur,
905 3676 993 3759 quod
1017 3698 1090 3741 cum
1114 3680 1188 3740 ante
1211 3678 1315 3741 ocimi
1338 3676 1419 3741 boec
1436 3677 1590 3760 posuerit,

355 3806 442 3850 nunc
473 3786 621 3849 boccum
651 3784 754 3848 ocimi
781 3783 901 3847 lancem
929 3782 1021 3867 dicit,
1053 3787 1090 3846 ut
1117 3802 1139 3845 v
1163 3783 1221 3866 25,
1246 3784 1288 3846 12
1314 3783 1449 3865 paridem
1476 3782 1590 3847 talibas

356 3891 444 3956 bonis
466 3892 577 3971 animi,
601 3894 634 3954 et
651 3891 705 3973 41,
726 3891 789 3954 119
809 3896 931 3955 teretem
943 3892 1177 3971 praesentiam
1195 3892 1231 3955 ia
1250 3889 1338 3955 bouis
1357 3891 1476 3968 cnimt;
1500 3894 1532 3953 et
1552 3888 1589 3952 de
1604 3914 1631 3955 sc

356 3998 506 4085 genetivo
530 3998 678 4063 bonorem
701 4000 805 4062 ocimi
828 3997 948 4062 lancem
971 3999 999 4061 si
1019 3999 1076 4082 qui
1093 3997 1177 4061 forte
1196 3998 1349 4082 ambigat,
1372 3997 1424 4060 vel
1443 3996 1499 4061 illa
1516 4017 1589 4079 pos-

356 4109 432 4170 sunt
463 4106 559 4169 fidem
591 4105 696 4169 facere
725 4127 806 4189 quae
835 4105 872 4168 de
901 4104 1161 4189 fin.1v27,76
1189 4106 1343 4189 leguntur
1370 4105 1399 4168 si
1419 4103 1589 4185 putescum

353 4234 465 4279 aecem
493 4214 598 4278 evertit
625 4218 653 4277 et
678 4214 709 4277 si
735 4214 817 4278 cuci.
854 4212 1003 4295 Denique
1031 4209 1109 4275 haec
1135 4211 1264 4295 plenior
1292 4212 1394 4275 oratio
1422 4210 1512 4275 illam
1540 4210 1590 4273 bo-

353 4341 466 4385 norum
489 4321 593 4385 ocimi
615 4319 744 4402 lancem,
767 4341 863 4403 quam
889 4319 1065 4383 sententiae
1083 4317 1219 4401 ponderi
1238 4318 1366 4403 egregie
1385 4316 1489 4401 aptari
1509 4315 1589 4380 dixi-

353 4448 440 4510 mus,
466 4428 575 4491 nescio
604 4448 668 4511 quo
696 4430 792 4511 pacto
816 4424 980 4491 Ciceronis
1008 4447 1130 4491 morem
1156 4424 1207 4489 vel
1230 4426 1368 4489 maxime
1392 4424 1502 4489 decere
1520 4423 1589 4487 visa

355 4536 417 4618 est,
437 4534 524 4617 quod
543 4536 637 4618 quale
656 4534 698 4599 sit
716 4534 777 4598 etsi
796 4532 952 4617 exemplis
971 4532 1125 4596 declarari
1143 4533 1198 4596 vix
1216 4536 1332 4616 potest,
1351 4536 1459 4596 temen
1474 4530 1589 4615 siquis

355 4641 405 4703 vel
429 4663 466 4705 ea
488 4642 695 4725 temptaverit
718 4663 800 4725 quae
822 4642 862 4704 de
885 4639 1012 4724 legibus
1036 4640 1110 4722 114,
1130 4638 1149 4703 8
1174 4636 1241 4725 (79,
1256 4636 1305 4726 2),
1330 4636 1588 4725 5,11(81,10);

354 4764 366 4809 1
386 4746 417 4829 6,
437 4746 478 4812 19
494 4747 561 4834 (20,
574 4747 611 4836 4)
634 4749 795 4835 leguntur,
818 4747 984 4832 percipiet,
1008 4746 1186 4829 opinamur,
1210 4745 1288 4829 quid
1306 4725 1349 4809 sit
1369 4746 1456 4829 quod
1474 4746 1507 4810 in
1526 4746 1590 4810 ista

355 4855 500 4920 oratione
523 4854 723 4920 verissimam
746 4876 877 4918 manum
901 4852 1084 4917 Tullianam
1108 4873 1279 4939 agnoscere
1303 4852 1475 4918 videamur.

1322 4957 1374 5010 23⁸
