3967 5725
406 631 447 696 16
573 634 697 685 xxxrv.
716 602 831 685 mnan
850 632 1065 687 munorum
1082 635 1324 687 umnnunuun
1343 631 1468 704 aaran

866 795 907 861 τὰ
930 791 968 860 dl
990 797 1094 880 μυρία
1116 805 1200 880 τῆνα
1222 846 1230 861 .
1253 846 1292 861 ..

536 900 623 987 ἀέρι
645 909 691 990 τᾷ
714 901 894 986 κέκρυπται
918 902 1002 968 ὅθεν
1024 904 1126 969 ιιάλιν
1148 903 1260 969 οὐκέτι
1282 907 1408 981 νόστος.
1758 893 1759 924 ¹

402 1009 466 1087 Qui
496 1008 577 1075 illud
606 1029 673 1074 non
701 1009 815 1091 sensit,
845 1010 923 1073 satis
953 1009 1063 1094 inepte
1089 1014 1231 1095 poetam,
1262 1033 1334 1093 cum
1357 1010 1463 1076 verbis
1486 1017 1527 1097 τᾷ
1550 1010 1635 1075 ὅθεν

402 1117 503 1182 πόλιν
526 1114 638 1181 οὐκέτι
661 1117 781 1192 νόστος
802 1116 923 1181 inferos
948 1117 1173 1203 significasset,
1200 1117 1332 1202 insuper
1360 1116 1432 1201 ἀέρι
1455 1116 1486 1181 h.
1509 1138 1536 1182 e.
1560 1117 1633 1184 culi-
1761 1128 1762 1177 l

402 1224 478 1309 gine
500 1221 684 1287 addilurum
707 1222 815 1287 fuisse.

490 1328 552 1394 His
581 1329 682 1416 igilur
709 1330 899 1395 emendandi
925 1329 1077 1414 periculis
1105 1334 1253 1415 apparet,
1285 1331 1411 1397 etiamsi
1443 1354 1500 1397 sua
1529 1332 1634 1395 forma
1650 1345 1689 1400 15

401 1442 468 1502 tam
490 1436 674 1520 probabilia
697 1441 804 1501 essent
827 1459 923 1522 quam
945 1436 1042 1503 nobis
1064 1436 1172 1502 futilia
1193 1438 1263 1502 visa
1286 1444 1362 1504 sunt
1389 1443 1422 1504 et
1448 1440 1635 1524 reiectanea,

401 1567 470 1609 eam
494 1542 705 1609 offensionem
728 1564 794 1608 non
816 1544 889 1609 tolli
913 1566 1010 1628 quam
1037 1544 1189 1628 diximus,
1216 1545 1321 1628 iisque
1347 1544 1444 1631 louge
1471 1550 1634 1630 praestare

401 1652 605 1735 scripturam,
628 1672 668 1714 ex
693 1672 756 1734 qua
778 1648 916 1734 profecti
935 1671 1056 1733 sumus,
1079 1639 1241 1715 Meinelrio
1259 1651 1436 1734 celerisque
1455 1650 1634 1737 probatam,

361 1781 388 1823 n
403 1778 485 1841 quae
517 1759 630 1823 scitam
663 1756 793 1840 quidem
824 1755 923 1821 habel
954 1760 986 1821 el
1017 1760 1114 1841 poeia
1145 1780 1210 1822 non
1243 1756 1409 1843 indignam
1446 1758 1632 1824 oraticnem.

401 1863 465 1929 Sed
488 1865 641 1948 quoniam
664 1883 705 1927 ne
727 1863 811 1927 hanc
835 1862 964 1947 quidem
988 1864 1166 1928 sententiae
1189 1863 1380 1929 desiderium
1404 1863 1531 1948 explere
1555 1865 1632 1929 vidi-

401 1993 483 2055 mus,
506 1972 699 2035 recurrimus
723 1970 764 2034 ad
787 1970 966 2055 antiquitus
990 1974 1202 2056 propagatam
1225 1971 1361 2036 formam
1386 1971 1542 2037 attentius
1563 1992 1629 2055 per·

401 2078 611 2165 spiciendam‚
639 2078 667 2141 si
694 2077 779 2142 forle
801 2078 935 2143 remotis
959 2076 1035 2142 Orci
1058 2077 1198 2142 tenebris
1221 2077 1372 2162 praebeat
1396 2077 1483 2162 quod
1511 2078 1630 2162 quaeri-

400 2208 471 2251 mus
495 2189 527 2249 ei
550 2188 664 2269 poetae
687 2184 824 2249 consilio
847 2184 1032 2249 satisfaciat.
1083 2218 1091 2223 ·

533 2300 632 2357 τοῦτο
656 2289 710 2357 καὶ
730 2289 939 2376 Ἀτρείδαισι
962 2289 1067 2375 μένει·
1091 2292 1131 2355 τά
1155 2287 1192 2356 dl
1215 2294 1319 2376 μυρία
1342 2301 1434 2375 τῆνα,

534 2398 617 2463 ὅσσα
639 2397 745 2481 μέγαν
768 2398 936 2481 Πριάμοιο
960 2399 1067 2478 δόμον
1088 2398 1284 2463 κτεάτισσαν
1308 2395 1448 2481 ἑλόντες,

533 2503 606 2589 ἀέρι
628 2526 674 2569 ιτα
697 2504 877 2588 κέκρυπται
901 2505 985 2569 ὅθεν
1007 2504 1109 2569 πόλιν
1132 2503 1243 2570 οὐκέτι
1267 2506 1394 2581 νόστος.

399 2610 564 2690 Reislrius‚
597 2612 653 2694 qui
684 2612 808 2695 primus
840 2610 1007 2674 aduolauit
1038 2620 1084 2675 πᾶ
1112 2631 1180 2676 esse
1207 2610 1410 2676 indefinitum
1438 2616 1471 2675 el
1498 2617 1631 2677 accentu

398 2717 610 2800 liberandum,
639 2716 758 2781 ‘nescio
781 2716 839 2780 ubi
862 2720 894 2780 et
917 2715 1106 2802 qu0m0d0'‚
1134 2717 1257 2782 addidit
1279 2739 1374 2802 posse
1398 2718 1494 2783 etiam
1524 2720 1632 2785 πάντα

359 2851 386 2891 ιο
400 2824 497 2890 scribi
521 2824 590 2890 ‘illa
614 2825 722 2889 omnia
745 2823 882 2910 caligine
906 2845 1011 2890 mersa
1035 2825 1141 2891 iacent
1167 2824 1252 2890 unde
1279 2824 1401 2890 reditus
1429 2846 1493 2890 non
1521 2826 1631 2910 patet?

399 2930 475 2997 Non
507 2931 615 3014 inepte
647 2932 702 2996 ille
730 2931 874 3017 quidem,
905 2935 943 2996 ui
971 2932 1055 2997 solet
1082 2935 1170 2997 recto
1198 2936 1231 2997 et
1257 2932 1396 3017 simplici
1424 2932 1542 2998 iudicio
1573 2933 1632 3016 uti,

400 3060 594 3123 quamquam
619 3038 723 3124 caligo
747 3059 861 3121 parum
886 3038 1016 3103 definire
1042 3039 1161 3103 dicitur
1183 3042 1216 3102 el
1237 3040 1410 3104 verendum
1434 3044 1546 3105 estne
1574 3062 1632 3124 per

399 3145 483 3210 hanc
510 3145 681 3232 caliginem
708 3167 818 3210 rursus
846 3145 880 3210 in
909 3143 1027 3211 Orcum
1059 3145 1277 3230 deveniamus,
1310 3167 1349 3210 ex
1381 3169 1445 3231 quo
1478 3146 1631 3232 aufugere

399 3254 557 3336 cupimus.
602 3250 714 3336 Itaque
737 3274 797 3316 nos
821 3251 901 3337 ἀέρα
924 3257 1030 3317 adrem
1054 3274 1122 3317 esse
1141 3252 1276 3319 dicimus
1295 3258 1328 3318 et
1346 3254 1495 3337 sepositis
1514 3255 1632 3337 paulis-

398 3381 457 3444 per
482 3359 585 3424 verbis
609 3360 693 3425 ὅθεν
715 3361 817 3424 πάλιν
836 3358 945 3425 οὐκέτι
964 3361 1094 3442 νόστος,
1117 3358 1179 3423 hoc
1196 3364 1327 3445 poetam
1346 3359 1451 3426 dicere
1469 3365 1631 3445 putemus,

399 3465 518 3533 alicubi
541 3467 663 3553 (nescio
686 3463 757 3554 ubi)
782 3466 816 3530 in
839 3471 910 3530 aere
934 3487 1013 3551 opes
1035 3467 1115 3531 istas
1138 3465 1292 3533 Troianas
1320 3453 1525 3532 absconditas
1553 3490 1630 3534 esse.

398 3572 570 3638 Neminem
592 3573 679 3659 fugit
702 3595 798 3656 quam
822 3573 900 3638 scite
923 3573 969 3638 αά
992 3572 1070 3639 huic
1093 3575 1269 3639 sententiae
1293 3595 1327 3637 se
1345 3573 1499 3658 implicet,
1523 3575 1630 3640 sedet

399 3679 480 3746 illud
498 3680 741 3746 reminiscamur
760 3684 896 3765 oporiet7
915 3680 1101 3764 veteribus,
1114 3704 1185 3746 cum
1205 3685 1261 3745 aut
1278 3702 1313 3744 se
1332 3701 1518 3746 evanescere
1537 3703 1630 3767 cupe-

398 3791 470 3852 rent
492 3792 549 3852 aul
572 3787 635 3852 alia
658 3789 825 3853 evanuisse
848 3809 886 3852 ex
909 3787 1078 3852 hominum
1101 3791 1275 3871 conspectu
1304 3788 1459 3872 dicerent,
1487 3811 1553 3854 non
1581 3811 1630 3854 so-

358 3919 385 3960 εο
398 3893 466 3958 lum
490 3892 608 3960 Orcum
631 3896 773 3978 patuisse
798 3898 854 3958 aut
875 3898 979 3958 terrae
1002 3894 1137 3978 hiatum,
1161 3895 1216 3959 sed
1239 3897 1272 3960 el
1295 3894 1423 3959 aethera
1446 3917 1485 3961 ac
1508 3895 1629 3981 superi·

398 4023 454 4065 cra
480 3999 551 4066 loca
577 4004 691 4086 parata
717 4001 831 4086 fuisse,
860 4023 940 4085 quae
969 4001 1032 4066 duo
1060 4023 1155 4085 saepe
1182 4003 1216 4065 in
1245 4003 1462 4067 exsecraiione
1489 4024 1547 4068 sua
1574 4004 1630 4066 aut

398 4106 516 4192 aliena,
544 4108 599 4171 sed
622 4112 655 4172 ei
677 4107 769 4190 alias,
793 4107 905 4173 afferre
928 4107 1126 4173 coniunctim
1150 4106 1263 4171 solent.
1310 4106 1423 4192 ltaque
1446 4109 1481 4173 iu
1504 4106 1628 4192 Sopho-

398 4214 455 4279 clis
479 4214 578 4279 Aiace
602 4211 719 4300 (1192)
744 4214 859 4279 chorus
882 4213 1104 4280 Alexandrum
1127 4214 1305 4279 detestatur
1328 4215 1434 4280 verbis

532 4322 631 4405 όφελε
645 4325 809 4406 πρότερον
823 4320 943 4405 αἰθέρα
957 4321 1059 4386 δῦναι
1071 4320 1177 4404 μέγαν
1195 4319 1215 4403 ἢ
1229 4304 1289 4387 τὸν
1302 4322 1505 4387 πολύκοινον
1515 4316 1629 4382 Ἅιδαν

530 4438 641 4505 κεῖνος
663 4427 758 4512 ἀνήρ,

353 4551 356 4560 ·
397 4534 467 4601 Iaso
491 4539 599 4599 autem
623 4534 661 4600 de
683 4533 794 4599 Medea
818 4532 921 4621 (1296
941 4531 1002 4618 sq.)
1026 4534 1105 4601 dicii

531 4643 586 4707 δεῖ
606 4643 668 4726 νάρ
691 4666 749 4707 νιν
770 4642 843 4726 ἤτοι
867 4650 927 4725 γῆς
950 4660 1016 4727 σφε
1038 4647 1235 4727 κρυφθῆναι
1257 4641 1355 4722 κάτω,

530 4748 551 4833 ἢ
574 4750 702 4833 πτηνὸν
724 4743 802 4833 ἀραι
826 4747 904 4833 σῶμ’
930 4746 965 4826 ές
988 4747 1126 4834 αἰθέρος
1149 4748 1257 4832 βάθος

531 4858 560 4922 εἰ
583 4857 627 4942 μὴ
651 4906 658 4921 .
682 4907 690 4922 .
713 4857 836 4922 δώσειν
859 4857 957 4939 δίκην
979 4854 1154 4921 πέποιθεν.
