3967 5725
725 596 1009 647 nrmuosrrorns
1027 596 1242 647 rmurmsn.
1557 594 1601 658 23

362 755 442 840 lpse
464 756 552 839 quod
574 756 673 820 scribi
695 758 824 841 maluit,
851 763 933 822 certo
955 764 1030 836 rest,
1060 778 1128 822 non
1149 757 1335 842 infrequens
1358 761 1408 822 est
1430 779 1532 843 genus
1556 756 1602 821 di·

368 863 462 929 cendi
488 864 523 927 in
549 862 669 927 fabulis
696 862 871 947 Plautinis,
899 868 932 927 ct
958 865 1021 927 hoc
1048 864 1194 950 potuisse
1220 886 1294 928 cum
1315 864 1418 929 altero
1442 862 1529 949 quod
1552 868 1601 929 est

360 970 402 1035 in
425 970 528 1052 libris,
551 976 665 1035 mum
688 976 733 1035 est
754 971 842 1049 milri,
865 972 1005 1055 proclivi
1026 993 1134 1037 errore
1156 972 1343 1055 permutari,
1365 970 1435 1035 eius
1453 971 1499 1035 rei
1518 971 1600 1037 indi-

368 1077 454 1141 cium
482 1081 544 1161 est,
572 1075 659 1161 quod
686 1078 720 1141 in
742 1076 932 1143 Trinummo
956 1096 981 1142 11
999 1077 1027 1160 l,
1041 1078 1086 1141 34
1113 1077 1191 1141 libri
1219 1078 1333 1162 scripti
1355 1078 1402 1142 ite
1425 1077 1602 1162 discedunt,

369 1186 407 1247 ut
438 1182 671 1249 Ambrosianus
702 1188 784 1248 omo
815 1190 861 1249 est
889 1206 952 1269 res,
984 1184 1102 1269 reliqui
1134 1185 1211 1250 libri
1244 1191 1388 1250 wionis
1419 1183 1600 1249 exhibeant.

368 1292 654 1375 Acquiesoimusne
676 1291 778 1376 igitur
801 1293 835 1355 iu
857 1291 918 1356 hac
941 1294 1114 1376 scripture,
1143 1314 1240 1375 quam
1267 1291 1412 1357 videmus
1441 1295 1522 1375 quot
1544 1313 1602 1355 no·

368 1398 513 1462 minibus
536 1397 798 1463 commendetur?
833 1397 919 1481 Non,
942 1399 1120 1482 opinamur.
1157 1398 1220 1463 His
1243 1401 1329 1464 enim
1353 1421 1435 1484 quoe
1458 1398 1602 1483 disputa-

325 1518 352 1573 ὅ
370 1506 477 1569 vimus
499 1508 626 1569 tanturn
649 1505 806 1589 apparuit,
834 1527 943 1571 versus
966 1507 1187 1593 integritatem
1210 1528 1276 1571 non
1298 1528 1364 1571 uno
1387 1504 1483 1571 modo
1507 1527 1603 1589 posse

370 1612 448 1676 sotis
476 1611 688 1696 probabiliter
714 1612 856 1695 restitui,
888 1614 1067 1676 sententiae
1094 1617 1216 1695 eutem,
1249 1612 1288 1677 de
1316 1635 1380 1697 que
1407 1634 1473 1678 non
1501 1619 1603 1699 agrrnt

370 1719 485 1803 critici,
507 1720 547 1783 iis
571 1718 633 1782 viis
657 1741 737 1803 quas
761 1718 865 1783 adhuc
883 1720 1021 1805 ingressi
1040 1724 1125 1803 sunt,
1148 1741 1230 1803 quae
1249 1741 1287 1785 eo
1307 1720 1452 1805 tendunt,
1474 1724 1512 1784 ut
1529 1740 1602 1784 oon-
1618 1745 1645 1786 ro

364 1826 437 1891 silii
459 1826 662 1911 significandi
685 1847 796 1891 vocem
815 1828 920 1891 metro
940 1830 1083 1910 aptatem
1101 1833 1234 1912 ponent,
1257 1827 1406 1892 satisfieri
1425 1826 1519 1893 nobis
1538 1849 1604 1891 non

364 1933 504 1997 ridetur.
549 1933 681 1997 Etenim
701 1932 906 2019 Argyrippus
930 1938 1060 2017 ceptum
1085 1934 1256 2000 consilium
1279 1956 1483 2018 quocumque
1506 1932 1602 1999 modo

369 2040 488 2125 viginti
511 2041 614 2105 minas
637 2039 771 2125 parandi
794 2042 841 2104 ite
864 2045 1006 2126 enarrat,
1036 2045 1073 2105 ut
1099 2044 1241 2126 primum
1264 2064 1298 2106 se
1321 2043 1441 2106 amicos
1464 2042 1603 2125 experiri

359 2146 451 2211 uelle
475 2146 560 2211 dicat
582 2151 712 2211 mutuas
735 2151 772 2211 ut
794 2146 835 2211 ab
858 2148 898 2211 iis
922 2146 1073 2232 occipiat,
1097 2170 1179 2232 quos
1202 2149 1342 2213 secundo
1365 2147 1438 2213 loco
1457 2147 1602 2212 aditurus

364 2254 421 2338 sit,
444 2274 517 2319 oum
541 2274 579 2318 eo
602 2254 724 2318 fatetur
747 2254 834 2337 quod
858 2255 903 2319 ait
921 2256 951 2319 si
968 2261 1095 2319 mutuos
1112 2276 1177 2320 eon
1188 2262 1304 2336 potero,
1326 2276 1451 2320 semem
1467 2256 1602 2336 foetore,

359 2364 439 2425 'tum
462 2361 550 2443 quod
572 2362 663 2424 iuxta
686 2362 798 2443 diyoos
822 2362 970 2444 indipoos
997 2360 1152 2446 appellat,
1180 2363 1395 2427 foeneratores
1423 2361 1524 2447 igitur
1551 2360 1604 2425 vel

365 2467 568 2554 argentarios
602 2467 764 2554 designet,
796 2470 853 2551 qui
886 2473 1008 2552 quanto
1042 2491 1138 2552 opere
1166 2468 1315 2534 homines
1343 2468 1469 2555 indigni
1497 2466 1602 2532 habiti

363 2575 489 2639 ‘fuerint
517 2597 589 2638 oum
618 2574 746 2639 aliunde
773 2578 843 2638 tum
872 2597 911 2639 ex
939 2575 980 2639 iis
1009 2578 1215 2661 cognoscitur
1243 2598 1325 2660 quae
1352 2578 1386 2639 in
1410 2573 1604 2640 Curculione

367 2703 436 2746 non
462 2704 528 2747 uno
556 2681 629 2748 loco
653 2683 687 2745 in
710 2703 765 2746 eos
784 2683 960 2766 opprobrie
978 2682 1149 2768 iaciuntur,
1172 2683 1254 2767 1v2,
1269 2682 1312 2747 20
1327 2704 1397 2765 sqq.
1412 2700 1435 2744 v
1450 2682 1480 2765 3,
1497 2681 1599 2772 lsqq.

363 2787 585 2866 Quamobrem
608 2788 776 2873 probabile
799 2810 865 2853 non
889 2810 957 2854 esse
982 2789 1132 2875 diximus,
1154 2790 1307 2855 Plautum
1325 2790 1437 2872 dipnos
1454 2790 1603 2872 indipnos
1616 2798 1644 2854 io

363 2898 460 2962 odire
475 2897 654 2979 precibus
677 2896 850 2981 scripsisse.
897 2895 1001 2981 Atqui
1024 2896 1086 2963 hoc
1108 2920 1210 2984 genus
1233 2898 1369 2962 alterum
1393 2918 1501 2960 eorum
1521 2917 1603 2980 quos

364 3003 516 3068 aditmus
535 3007 618 3069 esset
636 3007 711 3088 post
729 3004 851 3070 amicos
872 3003 1062 3088 simpliciter
1075 3005 1187 3070 efferre
1201 3008 1336 3088 poterat,
1355 3007 1392 3068 ut
1409 3004 1455 3067 ite
1474 3003 1603 3086 diecret,

363 3110 558 3194 supplicabo
592 3111 716 3194 amicis,
749 3114 786 3175 ut
819 3133 979 3195 quemque
1011 3111 1135 3193 vider03
1168 3110 1254 3195 quod
1282 3112 1310 3174 si
1337 3111 1377 3174 ab
1407 3111 1446 3174 iis
1474 3113 1603 3174 mutuas

362 3217 513 3302 accipere
536 3218 638 3282 minas
661 3240 727 3282 non
750 3221 874 3302 potero,
897 3241 916 3282 a
939 3219 1193 3283 foeneratoribus
1217 3238 1341 3282 sumum
1360 3217 1498 3282 faenore.
1543 3215 1602 3281 Ille

365 3345 444 3388 vero
480 3325 657 3389 orationem
694 3324 917 3410 amplificavit,
957 3347 1029 3389 oum
1061 3325 1254 3390 sententiam
1291 3323 1473 3388 universum
1506 3324 1603 3388 inter·

370 3434 512 3515 poneret,
535 3432 588 3495 cui
611 3431 791 3516 explicandi
815 3454 910 3496 eausa
933 3431 1103 3496 adderetur
1122 3431 1230 3514 altera,
1253 3451 1330 3495 nam
1348 3433 1378 3495 si
1396 3437 1522 3496 mutuos
1539 3451 1603 3496 non

360 3545 484 3620 potero,
515 3544 659 3604 certumst
684 3559 808 3604 sumam
834 3540 969 3619 foenore.
1020 3538 1071 3602 Ex
1098 3537 1159 3602 hac
1186 3541 1293 3602 sutem
1321 3559 1403 3621 quse
1430 3537 1526 3622 plana
1553 3542 1603 3601 est

367 3645 573 3729 perspicuum
603 3667 672 3711 esse
699 3649 821 3731 potest,
849 3667 914 3708 non
942 3643 1024 3710 illud
1051 3667 1125 3710 eum
1153 3649 1227 3709 onte
1251 3645 1369 3708 dixisse
1393 3644 1480 3727 quod
1502 3642 1601 3730 vulgo

363 3753 516 3836 credunt,
544 3753 607 3818 sibi
634 3757 757 3818 certum
787 3774 856 3816 esse
883 3751 935 3816 vel
962 3774 998 3816 se
1026 3753 1230 3817 constituisse
1254 3751 1370 3837 dignos
1394 3755 1427 3815 et
1450 3750 1601 3836 indignos

362 3859 469 3942 adire,
499 3859 555 3924 sed
582 3860 644 3925 hoc
671 3860 794 3945 potius,
822 3858 905 3923 nihil
934 3861 1086 3924 interesse
1115 3858 1178 3926 sibi
1207 3857 1296 3943 digni
1320 3879 1362 3921 en
1384 3857 1510 3943 indigni
1533 3857 1600 3922 sint
1614 3884 1642 3924 ro

364 3965 506 4030 adeundi
529 3971 626 4050 etque
649 3966 845 4052 experiundi,
869 3965 966 4049 idque
985 3965 1114 4030 demum
1134 3950 1301 4029 commode
1320 3964 1425 4049 excipi
1444 3964 1483 4027 ab
1503 3985 1601 4027 enun-

365 4075 448 4137 tiato
473 4074 606 4157 causali,
632 4094 709 4138 eom
731 4076 761 4138 si
783 4079 910 4138 mutuos
931 4078 1133 4155 conpotem,
1161 4092 1286 4136 ermom
1307 4073 1442 4152 foenore.
1487 4069 1602 4154 ltaque

366 4201 501 4244 excussa
524 4180 682 4245 sententie
701 4182 746 4245 sic
766 4180 938 4245 statuimus
957 4178 1110 4244 Plautum
1129 4200 1188 4243 nec
1206 4183 1321 4243 certum
1339 4184 1385 4243 cst
1401 4178 1488 4256 mibi,
1513 4178 1601 4262 quod

364 4309 387 4350 a
410 4309 505 4352 versu
532 4285 696 4369 abhorret,
724 4309 782 4351 nec
811 4287 899 4370 quod
926 4287 1003 4351 huic
1031 4285 1299 4379 significationem
1327 4284 1465 4350 similem
1495 4283 1601 4369 habet,

364 4395 474 4460 versui
496 4394 625 4478 quidem
649 4393 935 4478 accommodatum,
957 4394 1013 4460 sed
1037 4391 1124 4477 quod
1147 4393 1268 4476 puriter
1292 4396 1324 4456 et
1347 4391 1455 4461 sensui
1478 4396 1510 4455 et
1532 4413 1600 4456 rer-

363 4502 418 4566 sui
446 4500 603 4565 serviebat
629 4522 729 4566 ocem
755 4507 800 4566 est
826 4501 905 4566 mibi
933 4501 1113 4586 scripsisse,
1140 4503 1306 4584 totamque
1334 4501 1513 4565 cretionem
1542 4520 1601 4582 per

363 4629 442 4672 sues
465 4611 572 4692 portes
594 4608 657 4673 hoc
679 4607 774 4672 modo
798 4609 899 4673 fuisso
923 4607 1126 4692 explicatam.
1182 4642 1184 4645 ·

456 4714 552 4779 Novio
567 4735 700 4798 perporo
724 4715 769 4778 ool
787 4716 893 4796 forum
916 4721 1008 4796 utque
1029 4716 1175 4797 esperiae
1197 4714 1306 4798 opibus
1327 4714 1414 4778 omni
1436 4713 1534 4792 eopia.

455 4819 643 4904 Supplioobo
665 4821 869 4900 exobsecrabo,
891 4828 927 4886 ot
949 4841 1096 4903 quemque
1119 4822 1256 4885 amicum
1279 4820 1401 4884 video:
