3967 5725
406 600 447 664 18
577 603 701 655 XXXIV.
720 604 835 653 INDEX
853 602 1069 654 LEGTIONUM
1085 602 1328 661 HIBERNARUM
1348 601 1471 673 1891s92.

491 762 581 828 Haec
604 786 685 847 quae
704 763 874 849 selegimus
898 787 937 829 ex
960 763 1109 848 plurimis
1132 762 1272 851 (utinam
1293 763 1379 829 iusto
1403 786 1483 829 cum-
1499 764 1641 847 dilectu)

402 871 458 955 qui
483 870 730 960 consideraverit
753 876 793 959 ct
808 875 846 936 ut
869 875 997 956 oportet
1019 893 1059 936 ex
1077 872 1118 935 iis
1138 893 1220 955 quae
1239 871 1420 936 dictasunt
1439 891 1638 958 cognoscere

404 980 483 1042 sciet
501 999 582 1061 quae
602 977 664 1041 dici
683 979 857 1062 potuerint,
874 1000 941 1043 non
959 978 1131 1064 dubitabit,
1154 980 1334 1063 opinamur,
1356 978 1436 1063 quin
1455 1001 1536 1063 quas
1554 1002 1639 1065 opes

402 1083 592 1149 Theocritus
623 1082 763 1168 direptas
798 1105 835 1149 ac
869 1085 1041 1169 dissipatas
1071 1106 1141 1149 esse
1172 1085 1276 1149 dicere
1308 1084 1450 1169 volebat,
1483 1084 1556 1170 ἀέρι
1587 1110 1639 1153 κα.

401 1189 628 1276 κεκρυμμένοις
651 1190 812 1275 appellare
836 1196 922 1255 recte
944 1192 1100 1277 potuerit3
1123 1191 1186 1256 hoc
1209 1214 1338 1276 quoque
1356 1191 1453 1276 dabit,
1477 1214 1550 1257 cum
1569 1192 1638 1259 duo-

402 1296 555 1382 loqucndi
577 1296 666 1362 modi
688 1298 810 1363 firerint
832 1300 866 1362 in
889 1321 960 1381 usu,
983 1320 1050 1363 non
1073 1321 1142 1365 esse
1165 1299 1252 1383 quod
1269 1299 1460 1385 flagitemus,
1483 1305 1520 1365 ut
1538 1304 1635 1385 poeta

403 1428 442 1469 ex
464 1410 575 1470 nostro
600 1404 759 1468 arbitratu
782 1407 919 1471 alterum
941 1406 1101 1489 adhibeat,
1124 1408 1261 1471 alterum
1280 1410 1479 1492 aspernetur,
1502 1411 1534 1472 et
1552 1430 1634 1491 quac

403 1512 547 1578 funditus
579 1512 701 1597 perisso
733 1511 867 1578 dicenda
894 1518 997 1598 erant,
1030 1516 1077 1590 εἰς
1100 1511 1214 1597 Ἅιδην
1240 1515 1348 1597 potius
1377 1515 1506 1579 detrusa
1538 1537 1633 1598 quam

403 1641 530 1683 sursum
554 1619 681 1683 sublata
700 1621 754 1706 aig=
765 1618 845 1704 ἀέρα
863 1621 915 1684 vel
934 1622 1017 1704 πρὸς
1035 1620 1157 1705 αἰθέρα
1174 1621 1268 1685 dicat
1304 1621 1435 1688 Electra
1454 1621 1641 1707 Sophoclea.

363 1752 389 1792 ιο
404 1728 567 1811 optionem
590 1726 670 1791 facit
693 1726 797 1791 sorori
820 1728 854 1790 in
877 1728 917 1791 iis
941 1749 1023 1811 quae
1046 1728 1164 1793 auferri
1188 1730 1277 1812 cupit
1295 1726 1391 1814 (435)

875 1835 895 1918 ἢ
918 1844 1077 1899 πνοαῖσιν
1100 1832 1120 1916 ἢ
1143 1837 1360 1919 βαθυσκαφεῖ
1381 1837 1472 1912 κόνει

753 2002 757 2009 .
783 1942 915 2025 κρύψον
938 1965 1004 2023 νιν,

402 2048 576 2131 eademque
600 2068 718 2133 genera
742 2047 804 2113 duo
825 2049 987 2113 communi
1006 2070 1066 2112 usu
1085 2048 1224 2112 maxime
1243 2048 1320 2112 trita
1338 2045 1449 2110 Fausti
1469 2046 1633 2131 tragoedia
1679 2091 1681 2096 -

402 2155 574 2238 componit.

535 2261 606 2325 Mc.
769 2263 839 2327 Hal
861 2262 920 2327 er’s
941 2263 1092 2328 υάοάαίοάό
1113 2263 1303 2346 ccryroben?

536 2368 602 2433 Me.
655 2370 729 2435 Wer
751 2371 849 2447 κιοάεε,
872 2390 919 2434 ccc
942 2391 1010 2435 ναν
1033 2392 1065 2434 cs
1087 2371 1138 2434 dic
1159 2372 1226 2434 cler
1254 2370 1370 2435 Wiude
1392 2368 1499 2433 ἀοδοκ.

491 2474 612 2539 Verum
645 2481 753 2541 tumen
785 2496 850 2539 non
881 2476 949 2539 sine
980 2498 1077 2541 causa
1107 2476 1224 2542 accidit
1253 2481 1289 2540 ut
1318 2476 1379 2539 viri
1410 2474 1497 2540 docti
1526 2478 1634 2560 spreta

400 2579 558 2646 librorum
578 2582 747 2668 scriptura,
770 2604 866 2666 quam
885 2605 944 2647 nos
962 2582 1163 2667 postliminio
1181 2581 1411 2646 restituendam
1431 2581 1634 2665 arbitramur,

401 2689 465 2751 alia
488 2690 703 2773 anquirerent.
749 2687 917 2775 Augustus
935 2687 1114 2774 Pfluglrius,
1137 2688 1239 2772 quia.
1261 2688 1348 2752 1830
1370 2687 1494 2772 primus
1517 2687 1691 2773 propo-1⁷

362 2821 388 2859 ao
403 2796 469 2859 suit
492 2796 578 2880 quod
601 2818 620 2859 a
638 2796 800 2862 Meinekio
825 2800 857 2859 et
875 2819 894 2861 a
911 2794 1023 2861 multis
1043 2794 1192 2881 deinceps
1210 2800 1374 2881 receptum
1393 2799 1451 2880 est,
1464 2794 1548 2868 ’Άιδο
1568 2793 1634 2881 (vel

392 2901 497 2990 Ἅιδῃ)
520 2904 638 2986 πάντα,
661 2904 724 2968 nisi
749 2905 834 2988 quod
857 2904 965 2969 πάντα
988 2903 1139 2969 Reislrius
1162 2905 1351 2990 praeiverat,
1373 2905 1514 2968 rationes
1538 2903 1634 2968 etiam

401 3009 511 3074 attulit
535 3010 652 3094 quibus
676 3033 709 3074 se
733 3015 857 3076 motum
876 3033 943 3075 esse
963 3009 1084 3075 diceret
1101 3016 1138 3074 ut
1160 3015 1309 3076 testatam
1328 3011 1522 3096 scripturam
1541 3009 1635 3087 relin-

402 3117 561 3202 quendam
580 3139 648 3182 csse
668 3123 819 3183 censeret.
857 3117 918 3194 Qui
938 3117 1077 3201 primum
1092 3117 1254 3182 Friderico
1268 3116 1414 3184 lacobsio
1429 3117 1525 3181 fidem
1538 3116 1638 3181 habe-⁴

401 3225 458 3288 bat
477 3223 595 3289 dicenti
613 3224 712 3289 rerba
731 3225 820 3291 ὅθεν
833 3227 934 3290 οτάλον
952 3224 1063 3289 οὐκέτι
1082 3228 1200 3301 νόστος
1218 3246 1276 3288 sua
1295 3226 1454 3289 sententia
1467 3230 1501 3289 et
1515 3221 1635 3288 Catulli

402 3353 495 3396 versu
514 3336 697 3415 comparato
717 3333 800 3396 ακάο
817 3338 931 3414 cecant
949 3333 1052 3396 redire
1069 3353 1252 3414 ρυανκρααοκ
1266 3354 1332 3396 non
1346 3353 1442 3417 posse
1456 3331 1518 3396 nisi
1532 3331 1573 3394 ad
1588 3329 1634 3394 in-

283 3503 285 3508 ,
401 3438 487 3504 feros
515 3438 642 3522 referri3
669 3439 782 3502 deinde
810 3438 1087 3503 ita-existimabat
1109 3437 1287 3523 κέκρυπται
1311 3439 1444 3504 verbum
1468 3461 1550 3504 cum·
1564 3444 1639 3503 cire

401 3567 515 3628 parum
539 3549 629 3630 apte,
656 3549 788 3630 perapte
812 3567 884 3609 cum
901 3543 1018 3611 “Audeo
1042 3546 1172 3610 nomine
1196 3547 1349 3631 coniungi
1371 3567 1475 3630 posse.
1520 3543 1636 3629 Itaque

402 3675 440 3715 ex
464 3655 599 3735 utraque
620 3656 711 3737 parte
734 3651 797 3718 hoc
821 3652 947 3717 suaderi
964 3652 1141 3731 videbatur,
1164 3656 1202 3716 ut
1221 3657 1345 3718 semoto
1364 3659 1435 3718 circ
1452 3655 1486 3717 in
1505 3675 1543 3718 eo
1561 3653 1634 3716 loco

393 3757 508 3841 Ἅιδης
524 3763 741 3843 reponeretur.
769 3758 950 3843 Utrumque
966 3762 1094 3844 oportet
1107 3758 1348 3845 perspiciamus.
1375 3758 1425 3826 Ao
1438 3764 1551 3825 notum
1567 3758 1635 3843 qui-

360 3889 387 3932 ec
402 3864 474 3929 dem
488 3869 546 3947 est,
561 3865 677 3948 quibus
684 3863 792 3949 ’Ἅιδης
802 3867 911 3929 omari
920 3865 1072 3949 epithetis
1083 3868 1194 3932 soleat.
1217 3866 1390 3952 Euripides
1400 3865 1454 3954 (dc
1465 3865 1639 3951 qchila—

401 3971 583 4035 mowitzius
602 3971 758 4036 nonnulla
776 3971 942 4037 adnotavit
960 3972 1001 4037 ad
1019 3971 1147 4038 Hercul.
1166 3996 1194 4037 v.
1217 3972 1318 4062 1202)
1336 3975 1398 4039 τάν
1417 3973 1598 4058 ἀνόστιμον
1610 4021 1638 4036 ..

401 4081 476 4161 βίον
491 4077 655 4143 κέλευθον
670 4078 810 4164 appellat
825 4079 859 4144 in
868 4078 1008 4146 Hercule
1017 4080 1096 4167 4303
1110 4079 1190 4145 alibi
1204 4083 1347 4165 ζοφερὰν
1361 4080 1524 4146 ἀδίαυλον
1533 4078 1641 4163 ἕδραν

404 4184 529 4249 dixerat
544 4188 623 4249 teste
638 4187 849 4272 grammatico
865 4189 898 4252 in
912 4187 1089 4253 Anecdotis
1103 4186 1243 4253 Bekkeri
1261 4210 1292 4272 p.
1307 4187 1382 4272 343,
1402 4189 1457 4272 qui
1476 4187 1641 4263 ἀδόαυλος

402 4292 509 4375 inquit
531 4294 646 4375 τόπος,
675 4293 758 4359 ὅθεν
781 4294 824 4378 μὴ
853 4297 945 4360 ἔστιν
973 4293 1185 4379 &usveihaim
1212 4294 1403 4360 Theocritus
1430 4296 1499 4379 ipsc
1520 4294 1571 4378 12,
1592 4294 1634 4356 19

402 4396 563 4476 ἀνέξοδον
597 4402 644 4476 είς
675 4397 859 4484 Ἀχέροντα;
896 4401 1040 4466 Philetas
1077 4401 1110 4464 in
1146 4399 1307 4465 Mercurio
1342 4401 1492 4485 ἀτραπὸν
1520 4398 1637 4465 Ἅιδου

401 4507 463 4589 τὴν
491 4507 583 4572 οὕτω
612 4532 662 4583 τις
690 4506 844 4572 ἐναντίον
868 4503 977 4590 ,ἦλθεν
1005 4506 1132 4590 ὁδίτης,
1160 4507 1199 4572 de
1227 4530 1291 4592 quo
1319 4530 1413 4574 versu
1437 4512 1469 4572 et
1489 4507 1636 4574 carmine

401 4612 581 4678 Meinelrius
606 4613 673 4699 egit
696 4615 729 4677 in
751 4613 915 4678 Analectis
934 4614 1162 4679 Alexandrinis
1181 4638 1211 4699 p.
1231 4615 1305 4680 350.
1346 4615 1399 4678 Ad
1417 4616 1495 4680 talia
1515 4613 1637 4678 Catulli

401 4733 513 4814 uersus
536 4721 620 4786 αυάο
641 4722 880 4803 peraccedere
902 4743 1087 4803 quemquam
1110 4721 1240 4786 accedit.
1288 4721 1349 4786 Sed
1369 4717 1517 4787 accedere
1536 4721 1635 4786 etiam

402 4825 566 4892 Theocriti
594 4827 691 4892 verba
720 4827 803 4892 ὅθεν
830 4829 940 4893 πάλιν
958 4825 1069 4894 οὐκέτι
1095 4820 1213 4906 νόστος
1237 4829 1371 4894 ethaeo
1394 4851 1464 4894 esse
1487 4829 1527 4893 de
1550 4826 1640 4893 Orco
