3967 5725
793 620 843 670 DE
856 620 1034 672 PLATONIS
1048 621 1194 673 cosam.
1574 618 1617 683 13

516 782 594 862 βίον
624 780 807 865 εὐδαίμονα
837 780 995 867 παρέχειν
1026 780 1125 869 (conf.
1152 780 1339 848 Aristotelis
1367 784 1520 849 πολιτικά
1548 802 1569 846 v
1595 784 1616 848 8

515 909 545 971 p.
568 886 680 952 1308b
695 885 762 975 21).

382 990 530 1077 Utroque
552 995 624 1059 loco
647 994 723 1061 τινά
746 994 858 1059 abesse
881 996 999 1080 potuit,
1026 997 1184 1061 removeri
1206 1018 1273 1063 non
1296 1000 1404 1081 potest
1427 997 1495 1062 sine
1519 996 1617 1062 detri-

381 1103 491 1164 mento
511 1100 674 1166 orationis.
712 1100 763 1166 Et
774 1101 838 1168 hoc
856 1124 960 1187 genus
979 1124 1074 1168 omne
1093 1104 1326 1189 appositorum,
1349 1126 1431 1188 quae
1450 1108 1616 1189 tamquam

381 1208 606 1291 supplementa
629 1208 785 1292 quaedam
808 1208 1004 1293 praemissae
1027 1210 1167 1275 orationi
1190 1210 1416 1297 subiiciuntur,
1438 1212 1504 1276 late
1526 1215 1616 1296 patet

380 1313 557 1397 multisque
584 1314 648 1380 fuit
675 1315 768 1380 valde
795 1315 963 1381 familiare.
1013 1314 1105 1381 Talia
1131 1316 1268 1382 dicimus
1297 1317 1405 1401 qualia
1432 1318 1512 1383 haec
1539 1324 1616 1383 sunt

380 1417 535 1499 Platonis,
558 1443 661 1506 pauca
685 1422 723 1487 de
746 1422 857 1487 multis
882 1421 1009 1507 selecta,

516 1530 642 1593 οὔκουν
669 1530 751 1595 ἀλλο
779 1528 833 1595 καὶ
862 1532 963 1613 ἔργον
989 1529 1130 1619 έκατέρφ
1153 1535 1314 1616 προσήκει
1336 1534 1553 1617 προστάττειν
1575 1534 1614 1598 τὸ

514 1638 597 1700 κατά
619 1637 680 1720 τὴν
702 1637 807 1701 αὑτοῦ
831 1638 938 1721 φύσιν
960 1640 1076 1703 Πολιτ.
1107 1656 1131 1700 v
1146 1638 1220 1723 223,
1235 1638 1270 1724 33

515 1741 704 1825 ἐκλέγονται
733 1742 769 1808 ἐκ
796 1746 967 1810 τοσούτων
994 1743 1176 1828 χρωμάτων
1207 1748 1288 1827 μίαν
1321 1748 1427 1831 φύσιν
1456 1748 1518 1831 τὴν
1545 1759 1614 1812 τῶν
1628 1772 1654 1812 ιο

515 1853 644 1914 λευκῶν
666 1850 742 1915 ibid.
766 1851 892 1934 1ν184,
909 1853 941 1937 13

514 1954 569 2021 καλ
593 1958 660 2041 ἀμα
683 1962 743 2042 μία
765 1956 820 2024 καὶ
840 1958 922 2043 αὕτη
941 1970 1010 2023 τῶν
1028 1961 1185 2043 βασάνων
1204 1959 1265 2045 οὐχ
1285 1959 1449 2045 ἐλαχίστη,
1471 1964 1522 2037 τίς
1541 1960 1614 2025 ἕκα-

515 2080 592 2140 στος
615 2063 653 2129 έν
676 2076 747 2143 τοῖς
769 2068 967 2149 γυμνασίοις
990 2076 1144 2150 φανεῖται
1166 2066 1243 2131 ibid.
1262 2084 1314 2131 vu
1330 2067 1405 2153 368,
1420 2070 1454 2151 23

514 2182 581 2236 τῶν
611 2172 649 2236 δὲ
679 2173 840 2256 φυλάκων
868 2174 947 2249 τοὺς
976 2168 1039 2257 μὲν
1071 2172 1170 2251 νέους
1199 2162 1274 2239 οἷον
1304 2173 1341 2238 έν
1369 2176 1453 2260 ἀκρηι
1480 2185 1613 2260 κορυφῇ

515 2277 794 2362 ἀπειλημμένους,
822 2282 901 2356 τοὺς
928 2279 1189 2362 εὐφυεστάτους,
1220 2279 1378 2364 ὀξύτητας
1401 2279 1439 2346 ἐν
1461 2282 1549 2367 πάση
1572 2292 1612 2367 τῇ

513 2395 602 2470 ψυχῇ
631 2382 769 2470 ἔχοντας
795 2387 870 2471 περὶ
900 2386 982 2470 ὅλην
1008 2387 1119 2475 κάκλφ
1146 2388 1208 2470 τὴν
1234 2390 1333 2452 πόλιν
1361 2387 1445 2472 ὁρᾶν
1467 2387 1543 2473 Leg.
1563 2406 1613 2451 xii

403 2476 405 2481 '
512 2514 542 2575 p.
558 2492 633 2575 325,
650 2493 699 2557 ιο.

378 2597 441 2662 Vel
463 2597 701 2665 haeo.Diodori

490 2705 568 2796 1καὶ
596 2718 665 2772 τῶν
691 2706 890 2791 θυγατέρων
917 2711 999 2791 μίαν
1021 2709 1215 2785 συνοικίσας
1238 2708 1326 2795 αὐτῷ
1346 2710 1408 2791 τὴν
1430 2709 1611 2792 πρεσβυτά-

511 2838 572 2898 την
601 2816 709 2880 Φίλαν
731 2815 936 2901 xv11118,l;
1625 2840 1652 2881 ιο

512 2920 688 3005 ἐπέκρινον
712 2921 744 2999 ἐξ
769 2920 896 2987 ἑαυτῶν
919 2921 978 2988 ἕνα
1001 2924 1061 2987 τὸν
1084 2924 1221 3007 ἀριστον
1244 2922 1324 3007 175,
1338 2923 1374 3008 43

512 3029 691 3112 τριάκοντα
715 3025 751 3094 dt
775 3039 843 3094 τῶν
865 3035 1013 3094 πολιτῶν
1036 3031 1084 3106 είς
1101 3031 1140 3095 τὸ
1159 3028 1340 3113 συνέδριον
1357 3031 1436 3106 τοὺς
1455 3029 1612 3114 ἀρίστους

510 3133 690 3213 κατατάξας
709 3137 836 3220 x1v79‚
853 3137 881 3201 1.

377 3240 467 3318 Quae
493 3241 634 3326 plurima
662 3246 738 3306 sunt
765 3243 800 3307 in
828 3243 977 3308 omnibus
1000 3231 1138 3307 Diodori
1159 3242 1266 3328 libris3
1294 3243 1494 3326 eundemque
1516 3249 1611 3306 usum‘

375 3349 578 3432 frequentem
602 3371 671 3413 esse
695 3349 779 3432 apud
802 3348 1038 3434 Thucydidem,
1065 3350 1157 3415 cuius
1179 3349 1243 3415 hoc
1267 3350 1311 3414 sit
1332 3351 1434 3413 instar
1456 3349 1611 3431 omnium,

375 3455 468 3540 12,6

511 3562 546 3628 ἐκ
574 3573 633 3647 τῆς
660 3565 761 3647 ἀλλης
786 3561 951 3640 Ἑλλάδος
978 3565 1010 3629 οἱ
1043 3563 1176 3652 πολέμφ
1203 3563 1365 3647 ἢλστάσει
1398 3563 1609 3638 ἐκπίπτοντες

509 3668 581 3753 παρ’
601 3668 812 3754 Ἀθηναίους
831 3671 866 3736 ol
882 3671 1108 3736 δυνατώτατοι
1127 3672 1171 3748 ὡς
1190 3670 1327 3755 βέβαιον
1345 3670 1386 3735 ὃν
1404 3669 1608 3754 ἀνεχώρουν,

375 3779 568 3862 interpretes
588 3779 686 3842 semel
705 3788 738 3842 et
756 3779 873 3842 iterum
885 3777 1096 3841 adnotarunt.
1139 3775 1363 3861 Quoniamque
1381 3776 1443 3840 hoc
1461 3775 1607 3840 nativum

320 3895 360 3951 18
376 3905 477 3970 genus
507 3888 556 3948 est
583 3884 722 3968 dicendi,
745 3907 812 3949 non
839 3883 1012 3949 artificiose
1040 3884 1234 3967 quaesitum,
1262 3884 1325 3948 hoc
1351 3883 1436 3948 idem
1462 3883 1496 3947 in
1523 3903 1607 3947 com·
1621 3909 1648 3949 ω

375 3992 465 4056 muni
487 3992 578 4056 fonte
601 3991 745 4057 cultioris
766 3990 957 4056 Graecitatis
982 3992 1131 4075 reperias,
1154 3989 1312 4055 Homero:
1339 3991 1386 4055 sic
1414 3990 1499 4054 enim
1522 3988 1607 4075 Aga-

374 4119 501 4164 memno
525 4098 716 4164 Diomedem
740 4099 882 4182 appellat
906 4099 940 4162 in
962 4096 1063 4162 Iliade
1086 4115 1111 4160 x
1126 4097 1190 4162 235

508 4207 568 4271 τὸν
590 4206 653 4290 μὲν
676 4207 717 4290 δὴ
741 4204 859 4290 ἕταρόν
882 4201 907 4288 γ’
935 4207 1097 4289 αἱρήσεαι,
1121 4204 1161 4270 ὅν
1183 4202 1208 4269 κ’
1236 4203 1417 4289 ἐθέλῃσθα,

508 4311 722 4397 φαινομένων
745 4313 804 4377 τὸν
827 4314 972 4397 ἀριστον.
1520 4320 1522 4324 “

372 4418 581 4484 Laetabimur
604 4421 631 4484 si
654 4420 740 4484 forte
767 4418 906 4506 Gorgiae
932 4419 1044 4504 verba,
1072 4441 1153 4503 quae
1181 4418 1289 4483 nescio
1318 4439 1382 4503 quo
1410 4421 1505 4502 pacto
1534 4439 1606 4481 rore

372 4548 455 4610 puro
479 4525 606 4592 divinae
629 4527 807 4592 venustatis
831 4548 1004 4610 conspersa
1027 4548 1096 4591 esse
1119 4527 1288 4608 sentimus,
1317 4526 1395 4590 satis
1423 4523 1521 4588 tutati
1545 4523 1606 4587 dis-

371 4633 517 4716 putando
540 4633 720 4698 videbimur
743 4654 816 4698 cum
840 4633 911 4698 aliis
930 4635 1000 4697 tum
1018 4633 1089 4698 viro
1108 4632 1284 4697 venerabili
1303 4632 1393 4696 cuius
1413 4629 1605 4695 sententiam

372 4738 503 4816 ἑκόντες
533 4738 668 4806 ἀέκοντί
693 4765 735 4823 γε.
758 4747 857 4827 θυμῷ
881 4740 1133 4825 impugnandam
1162 4739 1321 4802 duximus.
1369 4734 1469 4801 Ἀλλὰ
1501 4744 1605 4800 ταῦτα

369 4841 435 4929 μὲν
457 4846 521 4933 ὅπη
545 4855 590 4936 τῷ
610 4854 680 4934 θεῷ
705 4852 807 4933 φίλον
829 4847 931 4932 ταύτη
956 4844 1054 4931 έχέτω
1082 4869 1117 4911 τε
1143 4844 1198 4911 καλ
1227 4843 1385 4928 λεγέσθω.
1430 4839 1500 4904 Νοε
1528 4863 1604 4904 vero
