3967 5725
456 1505 548 1579 LVI.
575 1501 728 1578 INDEX
755 1499 1037 1576 LEOTIONUM
1063 1493 1393 1576 HIBERNARUM
1421 1497 1582 1598 1902s03.

492 1663 527 1726 L.
546 1660 637 1727 Accii
659 1664 773 1746 poetae
795 1661 912 1747 tragici
934 1680 1047 1725 versus
1065 1658 1240 1725 nonnullos
1263 1660 1324 1725 hec
1343 1659 1565 1744 prooemiandi
1585 1672 1673 1728 oo·8

402 1770 532 1836 casiose
554 1772 693 1834 tractare
716 1769 842 1833 enimus
865 1769 924 1852 est,
947 1786 1029 1849 quos
1052 1786 1093 1829 ne
1116 1764 1333 1830 cltibbeckio
1355 1765 1486 1848 quidem
1504 1765 1637 1829 tertium

404 1878 612 1962 ‘tragicorum
639 1874 860 1951 Romanorum
888 1872 1094 1959 fragmentis'
1124 1872 1218 1938 editis
1246 1873 1325 1936 satis
1352 1875 1438 1937 recte
1466 1872 1637 1937 adornatos

403 1982 624 2069 intelligimus.
660 1981 792 2046 Etenim
813 1984 892 2046 sota
914 2001 965 2045 res
988 1983 1039 2044 est
1061 1982 1206 2044 veterum
1228 1982 1395 2062 poetarum
1417 1979 1636 2044 Romanorum

403 2111 513 2156 versus
533 2091 721 2174 superstites
741 2110 760 2152 a
778 2087 996 2174 grammaticis
1015 2090 1071 2150 aut
1087 2085 1270 2172 glossarum
1290 2085 1501 2170 scriptoribus
1521 2087 1636 2151 citatos

404 2197 445 2261 ab
473 2199 577 2263 acutis
604 2195 738 2279 criticis,
765 2198 804 2260 ut
829 2216 907 2278 prae
935 2193 1048 2258 ceteris
1077 2214 1229 2258 versuum
1256 2194 1375 2258 formas
1401 2193 1534 2258 testium
1556 2192 1636 2257 vitio

402 2303 530 2370 luxatas
556 2304 798 2387 recessissent,
824 2304 860 2368 in
885 2301 1029 2367 diversas
1057 2321 1152 2384 saepe
1178 2303 1286 2384 par-tes
1309 2300 1393 2385 rapi,
1421 2321 1458 2364 ac
1481 2299 1638 2382 nonnulli,

404 2433 469 2495 quo
492 2413 661 2497 angustius
686 2414 792 2477 estet
815 2408 953 2480 debilius
975 2406 1237 2493 fundamentum,
1264 2407 1299 2471 in
1322 2428 1386 2491 quo
1408 2406 1489 2472 boec
1511 2427 1562 2472 ree
1586 2427 1638 2492 ge-

364 2521 507 2601 roratur,
539 2540 578 2583 eo
609 2517 730 2583 maiore
758 2516 821 2582 sibi
846 2516 944 2581 licere
971 2514 1122 2579 libertate
1148 2514 1339 2579 emendandi
1366 2514 1415 2578 uti
1444 2513 1637 2578 existimant.

404 2623 434 2689 Α
463 2624 579 2708 quibus
606 2629 718 2689 nostra
744 2645 835 2689 mens
862 2623 959 2708 longe
988 2621 1137 2707 discedit,
1164 2621 1220 2706 qui
1248 2643 1322 2685 curn
1349 2641 1475 2706 semper
1498 2621 1543 2684 ita
1567 2641 1639 2685 ces-

403 2752 531 2796 seamus
553 2730 637 2794 nihil
659 2731 763 2816 magis
787 2729 963 2795 cavendum
986 2749 1057 2794 esee
1080 2750 1178 2814 quom
1200 2751 1241 2793 ne
1265 2750 1346 2813 quae
1369 2728 1530 2812 corrigere
1552 2727 1639 2811 cupi-

404 2861 476 2904 mus
500 2841 611 2903 nostro
637 2836 794 2902 arbitratu
818 2836 1029 2922 depravemus
1052 2835 1139 2901 ultro
1162 2855 1200 2901 ac
1222 2835 1402 2921 perdamus,
1425 2838 1495 2901 tum
1514 2833 1638 2900 inistis

403 2946 550 3011 versibus
574 2944 801 3031 singularibus,
827 2944 883 3027 quii
907 2966 971 3028 quo
995 2966 1079 3009 nexu
1103 2945 1138 3009 is
1160 2943 1226 3009 suis
1249 2943 1368 3009 fabulis
1391 2943 1496 3007 habiti
1519 2942 1639 3008 fuerint

405 3052 594 3137 plerumque
616 3053 769 3136 nescitur,
790 3074 857 3117 non
876 3050 916 3116 ab
935 3073 974 3116 eo
992 3051 1213 3136 incipiendum
1231 3072 1300 3116 esse
1318 3054 1356 3115 ut
1374 3050 1505 3133 aliquod
1523 3053 1639 3115 metro-

404 3181 477 3224 rum
504 3180 605 3245 genus
624 3181 674 3223 ex
701 3158 891 3244 vulgaribus
914 3158 1137 3243 restituemus,
1165 3158 1221 3223 eed
1244 3157 1318 3223 inde
1341 3157 1450 3242 potius
1474 3156 1639 3223 exordien-

404 3267 482 3332 dum
510 3267 645 3332 dicimus
672 3270 711 3331 ut
737 3266 837 3330 verba
865 3287 947 3349 quae
975 3266 1096 3349 scripte
1123 3269 1200 3329 sust
1228 3286 1324 3349 quarn
1352 3264 1421 3329 fieri
1447 3265 1550 3347 possit
1573 3263 1639 3349 ple·

403 3373 536 3437 nissime
564 3372 804 3459 perspiciamus.
841 3370 896 3438 Sic
918 3373 1005 3437 enim
1028 3376 1180 3456 putemus
1202 3394 1243 3437 ex
1266 3371 1372 3436 verbis
1396 3393 1466 3436 esee
1489 3370 1639 3436 versiculi

404 3480 536 3544 modurn
563 3480 819 3565 percipiendum,
845 3502 912 3545 non
938 3479 1037 3544 verba
1064 3478 1105 3543 ad
1132 3479 1200 3543 ficti
1227 3480 1323 3544 metri
1346 3479 1566 3544 necessitatem
1591 3499 1639 3542 re·

364 3586 517 3674 regenda.
558 3585 661 3671 Atqui
692 3587 772 3651 haec
802 3608 870 3652 non
901 3587 1061 3651 nescimus
1094 3585 1241 3673 vulgaria
1271 3606 1339 3651 esec
1367 3590 1400 3651 et
1427 3588 1552 3669 aperta,
1584 3583 1639 3649 sed

405 3697 513 3758 tamen
534 3693 631 3759 nimis
654 3715 748 3777 saepe
772 3692 885 3758 doctos
907 3692 1055 3759 homines
1078 3692 1186 3758 videas
1210 3693 1245 3757 in
1262 3694 1326 3759 hoc
1344 3715 1460 3778 genere
1478 3692 1526 3758 ita
1543 3713 1638 3779 agere

405 3802 497 3885 quasi
528 3801 608 3867 baec
637 3800 784 3887 vulgaria
810 3822 988 3884 numquam
1016 3801 1258 3887 cognovissent3
1290 3821 1327 3866 ac
1354 3821 1414 3865 nos
1441 3821 1507 3865 son
1535 3799 1639 3866 doctis

404 3908 592 3973 hominibus
611 3908 789 3991 scribimus,
807 3907 865 3973 sed
883 3908 917 3972 in
935 3930 1030 3973 usum
1046 3906 1296 3992 adulescentum,
1314 3908 1371 3992 qui
1386 3908 1427 3975 ad
1440 3906 1519 3973 haec
1534 3906 1641 3972 studia

406 4036 439 4079 se
467 4015 541 4080 dare
570 4014 717 4099 cupiunt,
745 4015 862 4098 quibus
891 4016 1031 4080 solemus
1055 4017 1202 4080 auctores
1226 4036 1308 4094 esse,
1336 4018 1372 4079 ut
1396 4016 1424 4079 si
1448 4015 1576 4098 quando
1599 4013 1641 4077 ad

405 4121 463 4187 has
482 4121 665 4187 tractandas
683 4121 865 4186 fabulamm
881 4121 1100 4187 Romanarum
1117 4121 1272 4205 reliquiae
1287 4121 1448 4207 accedant,
1465 4144 1506 4186 ne
1521 4121 1641 4205 scripta

405 4230 516 4312 verba,
547 4229 581 4292 in
610 4250 746 4312 quorum
776 4229 931 4294 memoria
960 4232 1036 4293 sunt
1064 4230 1185 4313 omnia,
1217 4249 1335 4313 susque
1364 4228 1466 4313 deque
1492 4228 1640 4312 habeant,

406 4335 578 4401 dummodo
602 4335 748 4400 addendo
772 4334 928 4400 demendo
949 4335 1104 4401 mutando
1124 4335 1329 4401 simulacrum
1349 4335 1510 4423 quoddam
1529 4356 1640 4401 versus

406 4446 513 4525 exeat,
540 4442 596 4507 sed
623 4446 660 4506 ut
687 4464 821 4507 excussa
848 4442 1130 4528 grammaticorum
1153 4443 1216 4509 fide
1239 4443 1337 4508 verba
1359 4443 1479 4507 tradita
1502 4442 1641 4526 simplici

406 4568 443 4612 ao
469 4548 572 4614 libera
598 4553 706 4614 mente
729 4548 924 4633 expendant,
952 4550 980 4613 si
1003 4549 1088 4614 forte
1111 4571 1177 4615 non
1200 4549 1304 4615 solum
1328 4550 1520 4615 sententiam
1543 4571 1641 4633 quam

366 4654 549 4721 accendunt
581 4655 635 4720 sed
668 4655 765 4720 etiam
797 4657 892 4721 metri
924 4656 1062 4721 formam
1091 4678 1109 4720 a
1137 4660 1233 4741 poeta
1260 4657 1299 4721 iis
1326 4657 1526 4740 impertitam
1553 4656 1641 4721 ultro

406 4762 611 4846 patefaciant.
650 4760 712 4826 Sed
739 4784 925 4847 promamus
953 4761 1113 4847 exempla,
1142 4763 1259 4847 quibus
1288 4783 1362 4846 spes
1386 4766 1434 4827 est
1456 4763 1536 4828 haec
1559 4784 1641 4846 quae

407 4868 542 4933 dicimus
565 4868 635 4933 fore
659 4869 828 4952 apertiore.
