3967 5725
377 624 445 688 346
567 628 600 678 1..
619 627 737 678 INDEX
753 626 969 678 LECTIONUM
985 627 1226 678 HIBERNARUM
1246 624 1414 694 189971900.

375 790 500 853 tionem
522 792 607 853 recte
629 811 688 873 per
711 788 821 854 eudem
843 787 988 853 membra
1011 787 1129 853 evolvi:
1153 789 1265 854 demde
1286 789 1374 854 bomo
1393 794 1509 872 omme,
1532 809 1610 854 cmm

375 901 596 974 occurreret,
624 896 704 960 tolio
731 896 826 985 fieri,
842 895 1076 960 tramittem
1099 897 1409 962 commenticiam:
1437 897 1539 961 dicit
1560 897 1612 961 de-

374 1005 496 1084 clinare
509 1009 655 1068 atomum.
688 1001 1018 1086 Quaoomparatione
1037 1003 1149 1068 confisi
1165 1003 1348 1068 dubitamus
1359 1004 1460 1068 etiam
1474 1001 1610 1068 Useneri

375 1111 555 1176 sententiae
583 1109 745 1193 accedere,
773 1109 830 1194 qui
857 1109 892 1174 in
918 1109 1122 1174 nobilissimo
1145 1107 1380 1194 Epicureorum
1406 1109 1508 1194 libro,
1537 1131 1610 1175 cum

311 1298 316 1307 ⁸
374 1218 456 1282 haec
478 1218 564 1282 inter
585 1217 767 1303 fragmenta
789 1217 918 1282 afferret
941 1240 970 1301 p.
993 1215 1066 1300 199,
1088 1218 1194 1298 itaque
1210 1216 1370 1300 particula
1387 1216 1610 1301 adsuperiora

374 1326 478 1389 relata
490 1329 576 1408 'po'st
598 1344 668 1387 eam
693 1323 851 1388 defectum
871 1324 1026 1388 orationis
1045 1323 1181 1406 notavit,
1205 1323 1283 1408 quid
1301 1323 1375 1389 addi
1395 1327 1527 1408 cuperet
1545 1346 1610 1389 uon

375 1431 539 1497 indicavit.
580 1430 651 1496 Nos
678 1452 743 1514 quo
771 1429 874 1516 magis
897 1429 1109 1516 intelligimus
1133 1429 1247 1494 inille
1271 1431 1429 1496 sententia
1451 1430 1534 1495 nihil
1558 1431 1610 1496 de·

375 1538 509 1603 siderari
536 1537 723 1622 nullumque
751 1558 862 1602 vocem
889 1546 987 1620 prave
1011 1537 1163 1620 scriptam
1185 1558 1268 1620 esse,
1293 1560 1401 1618 unam,
1414 1541 1518 1619 oaqm
1540 1560 1610 1622 par.

375 1645 510 1710 ticulum
533 1645 662 1709 officere
682 1648 715 1709 et
733 1644 862 1709 obstare
880 1643 1112 1728 scrupulosque
1131 1666 1171 1708 ex
1189 1665 1223 1708 se
1241 1666 1361 1730 parere,
1385 1665 1423 1709 eo
1441 1644 1609 1729 proniores
1668 1683 1670 1690 ,

334 1775 363 1816 ro
377 1774 486 1819 sumus
514 1753 549 1816 in
576 1773 646 1818 eam
670 1752 868 1836 opinionem,
895 1755 932 1815 ut
954 1755 1122 1835 peccatum
1145 1773 1211 1816 non
1234 1773 1304 1816 esse
1327 1751 1391 1816 nisi
1414 1775 1432 1816 a
1456 1749 1609 1817 Cicerone

376 1860 448 1944 ipso
471 1862 631 1944 putemne,
654 1859 709 1943 qui
732 1862 943 1943 posteaquam
967 1857 1117 1942 exposuit
1140 1857 1266 1942 plenius
1290 1858 1347 1923 illa
1367 1880 1448 1942 quae
1466 1858 1608 1943 Epicuro

375 1966 553 2033 occurrisse
576 1964 621 2054 (h.
641 1988 667 2030 e.
690 1967 725 2030 in
746 1970 886 2031 mentem
908 1962 1048 2052 venisse)
1064 1965 1159 2049 dicit,
1183 1965 1210 2029 si
1235 1966 1342 2040 omnia
1361 1965 1509 2031 deorsum
1528 1988 1545 2031 e
1564 1988 1611 2030 re:

374 2075 472 2160 gione
495 2073 664 2156 ferrentur,
687 2095 863 2156 numquam
882 2072 954 2138 fore
971 2076 1009 2136 ut
1027 2076 1154 2137 atomus
1174 2077 1317 2138 atomum
1335 2073 1517 2160 attingeret,
1537 2093 1611 2155 con·
1658 2107 1659 2110 ¹

373 2181 516 2245 tinuerit
542 2181 721 2246 orationem
744 2180 852 2245 verbis
874 2182 979 2261 itaque
1001 2180 1106 2244 acme
1126 2201 1193 2245 rem
1216 2182 1474 2260 commenticiam,
1502 2203 1610 2246 errore

308 2349 311 2361 ,
374 2289 535 2373 seductus,
558 2290 649 2373 quasi
673 2311 740 2354 non
763 2287 991 2373 praemisisset,
1013 2288 1101 2352 bomo
1124 2293 1241 2367 amima,
1265 2308 1334 2353 mm
1356 2294 1531 2367 cccmreret
1554 2287 1610 2352 sed

374 2394 433 2460 illa
454 2398 563 2481 potius
587 2397 700 2462 deiude
722 2396 838 2460 ibidem
861 2395 983 2459 bomini
1006 2397 1256 2460 emmeramme.

464 2503 541 2568 Non
568 2503 751 2588 quaerimus
780 2503 821 2566 de'
847 2500 1114 2567 anacoluthorum
1139 2500 1421 2567 Ciceronianorum
1446 2503 1549 2566 modis
1573 2523 1609 2566 ae

375 2611 560 2696 generibus,
588 2609 781 2693 dequibus,
808 2612 884 2693 post
910 2608 991 2674 alios
1020 2612 1052 2673 et
1077 2609 1225 2693 inprimis
1250 2607 1287 2673 G.
1307 2607 1509 2693 Schuppinm
1532 2609 1609 2673 olim

374 2716 579 2804 philologum
606 2737 693 2784 nunc
720 2715 951 2800 philosophum
979 2715 1090 2780 multis
1119 2721 1151 2780 et
1179 2717 1305 2802 magnis
1333 2716 1455 2781 meritis
1478 2715 1609 2799 clarum,

333 2845 362 2892 ιι
377 2823 548 2911 diligenter
575 2825 727 2909 exposuit
754 2821 789 2887 F.
809 2820 1040 2889 Gustafssonus
1067 2824 1102 2889 in
1129 2823 1240 2890 libello
1264 2825 1302 2889 de
1322 2825 1426 2907 primo
1452 2822 1610 2890 Ciceronis

375 2934 413 2997 de
442 2931 560 3014 ficibus
587 2929 844 3017 Helsingforsiae
871 2952 897 2994 a.
924 2929 1010 2994 1878
1039 2930 1135 3015 edito,
1168 2932 1225 3014 qui
1258 2932 1387 3015 quidem
1419 2931 1481 2996 hoo
1508 2932 1609 3016 probe

375 3037 526 3120 ostendit,
544 3059 638 3121 saepe
657 3038 759 3102 multa
777 3060 843 3103 non
861 3042 947 3102 recte
960 3037 1009 3101 ad
1026 3037 1112 3103 hunc
1130 3060 1298 3103 nnmerum
1318 3038 1465 3104 adscribi.
1494 3037 1608 3123 Neque

373 3145 437 3211 hoc
460 3144 539 3209 adeo
562 3144 709 3223 adhunc
727 3168 912 3230 remquam
931 3145 1058 3231 agimus
1076 3146 1237 3230 pertinere
1256 3145 1459 3230 arbitramur,
1482 3151 1607 3211 exstare
1653 3168 1656 3175 ·

373 3252 452 3317 alibi
463 3252 560 3337 ,apud
580 3250 765 3333 Ciceronem
788 3253 995 3337 imperfectae
1019 3254 1174 3318 orationis
1193 3255 1341 3337 exempla
1359 3257 1416 3317 aut
1434 3275 1527 3337 posse
1546 3252 1609 3318 hoc

372 3364 519 3425 nostrum
548 3360 589 3425 ad
613 3364 736 3426 certum
760 3360 921 3444 quoddam
944 3382 1046 3446 genus
1070 3382 1180 3425 eorum
1204 3361 1324 3425 referri.
1354 3358 1426 3425 ¹Sed
1449 3360 1534 3424 illud.
1552 3380 1608 3444 po·

372 3467 440 3531 tius
465 3466 682 3553 indagandum
706 3488 774 3533 esse
797 3467 946 3550 dicimus,
974 3467 1079 3533 sicubi
1102 3467 1207 3533 oratio
1229 3489 1296 3532 non
1320 3472 1378 3532 suo
1402 3466 1512 3533 ordine
1535 3487 1607 3551 pros

374 3574 472 3658 cedit,
495 3596 560 3658 quo
584 3596 690 3640 errore
714 3596 816 3658 quave
840 3574 987 3639 socordia
1009 3574 1072 3639 hoc
1095 3575 1164 3639 fieri
1187 3573 1342 3659 potuerit,
1366 3579 1409 3639 ut.
1427 3576 1541 3658 coepta
1563 3572 1608 3637 di-

374 3681 466 3746 cendi
489 3680 765 3747 formaderelicta
782 3703 887 3765 neque
904 3682 967 3746 rite
985 3681 1027 3745 ad
1046 3702 1138 3744 ruum
1158 3681 1254 3745 finem
1275 3680 1410 3746 deducta
1428 3681 1478 3746 sit.
1503 3679 1607 3757 Quare

375 3788 462 3872 quod
490 3790 678 3854 coniicimus
707 3789 769 3854 isto
793 3788 864 3852 loco
888 3788 1042 3853 accidisse
1064 3810 1106 3853 ne
1129 3789 1202 3872 quis
1225 3792 1419 3873 aspernetur
1436 3792 1607 3874 propterea

331 3913 360 3959 ιι
374 3896 461 3979 qnod
488 3896 639 3961 credibile
666 3918 732 3959 non
759 3896 802 3961 sit
829 3896 861 3959 in
891 3896 1019 3960 tantulo
1046 3894 1216 3961 intervallo
1245 3896 1291 3963 sio
1319 3897 1501 3962 aberratum
1528 3920 1607 3979 esse,

373 4001 436 4069 hoc
462 3986 704 4088 respondemus,
732 4002 880 4086 spatium.
900 4004 966 4068 nun
989 4008 1058 4067 esse
1081 4002 1169 4087 quod
1191 4008 1390 4069 momentum
1413 4004 1607 4089 iaciat,'sed

373 4108 617 4193 explicationem
651 4111 746 4173 istem
779 4117 813 4173 et
844 4109 991 4194 pluribus
1025 4110 1172 4195 partibus
1201 4111 1386 4176 distinctum
1414 4112 1605 4177 sententiam

373 4239 457 4301 quae
479 4216 655 4281 mediaest
679 4217 846 4281 interiecta
869 4217 1021 4283 fefellisse
1044 4218 1234 4303 scriptorem
1255 4223 1292 4281 ut
1310 4217 1481 4283 inducente
1500 4218 1605 4303 specie

373 4323 522 4388 crederet.
540 4345 574 4387 se
592 4345 659 4388 non
678 4346 759 4407 quae
777 4325 945 4407 praemisit
961 4326 1163 4409 praemisisse
1183 4326 1238 4403 sed
1257 4326 1375 4391 similia
1393 4326 1465 4389 istis
1484 4330 1516 4391 et
1535 4324 1605 4409 qui-

372 4432 441 4495 bus.
458 4452 540 4516 quse
563 4432 777 4515 insequuntur
800 4432 926 4496 adnecti
945 4435 1086 4515 possent.
1124 4430 1338 4508 Quamobrem
1357 4432 1419 4499 hoc
1438 4454 1540 4519 genus
1559 4454 1604 4496 er·

372 4539 456 4604 roris
490 4538 577 4623 quod
604 4532 927 4622 statuimusssuapte
960 4543 1075 4603 natura
1107 4538 1273 4623 probabile
1306 4562 1374 4605 esse
1398 4532 1513 4627 negari
1540 4560 1606 4605 non

372 4649 495 4731 posset,
522 4646 619 4711 etiam
647 4646 674 4710 si
703 4647 866 4731 singulare
894 4650 977 4711 esset
1005 4646 1040 4711 in
1068 4646 1196 4731 seriptis
1219 4646 1389 4725 'indlianisz
1409 4648 1473 4713 sed
1500 4652 1549 4713 est
1572 4648 1607 4711 in
1622 4656 1659 4713 lo

373 4756 528 4837 promptu
546 4752 738 4836 exemplum,
756 4752 920 4839 geminum
939 4752 1026 4837 quod
1046 4752 1141 4817 nobis
1161 4753 1295 4837 videtur,
1314 4755 1491 4837 quodlicet
1506 4755 1605 4819 alium

372 4857 555 4942 explicandi
582 4858 713 4924 modum
740 4881 807 4925 non
829 4860 978 4944 recipiet,
1006 4863 1114 4925 temen
1136 4860 1271 4944 nemini,
1300 4866 1455 4945 quantum
1479 4863 1605 4945 scimus,
