3967 5725
336 1542 533 1655 XXXVHI.
561 1547 715 1621 INDEX
742 1546 1026 1620 LEOTIONUM
1053 1546 1386 1621 HIBERNARUM
1413 1545 1575 1640 1893l94.

297 1728 318 1783 8
430 1721 582 1788 semestri
610 1724 732 1788 aestivo
756 1744 856 1807 paene
880 1725 991 1787 exacto
1016 1722 1116 1787 studii
1139 1723 1313 1790 academici
1334 1724 1575 1789 institutionem

339 1851 422 1914 quae
450 1852 506 1894 sex
534 1829 700 1895 mensibus
730 1830 787 1913 qui
814 1830 1029 1913 insequuntur
1054 1827 1200 1895 bibernis
1227 1830 1350 1895 valebit
1378 1832 1576 1897 sollemniter

333 1936 509 2002 indicimus
537 1937 768 2021 hortemurque
796 1937 1033 2002 commilitones
1061 1939 1098 2000 nt
1126 1959 1167 2001 ex
1190 1938 1373 2002 admirabili
1395 1938 1457 2003 hae
1479 1960 1575 2022 quam

338 2044 529 2127 exponimus
558 2043 740 2109 scholarum
768 2044 964 2108 abnndantia
992 2064 1030 2107 ac
1060 2038 1213 2109 varietate
1242 2044 1305 2109 sibi
1332 2044 1468 2128 quisque
1494 2065 1576 2127 quae

338 2150 478 2215 maxime
509 2151 685 2216 conducere
707 2149 877 2216 videantur
900 2150 1039 2235 seligant
1062 2151 1244 2234 selectaque
1268 2152 1347 2216 totis
1370 2151 1493 2216 viribus
1512 2174 1576 2215 am-

338 2257 523 2342 plectantur
545 2257 632 2322 haud
654 2259 857 2323 immemores
882 2259 915 2321 in
938 2256 1118 2321 litterarum
1142 2257 1259 2322 studiis
1282 2260 1356 2342 plus
1379 2258 1487 2341 putari
1504 2280 1576 2341 pro-

338 2362 453 2430 fecisse
469 2366 526 2448 qui
539 2366 678 2429 multum
693 2387 790 2449 quam
805 2364 863 2448 qui
877 2365 981 2428 multa
996 2367 1162 2429 assecutus
1177 2364 1284 2430 fuerit.
1314 2364 1453 2449 Copioso
1469 2368 1577 2429 autem

335 2474 514 2537 'lectionum
538 2473 867 2555 exercitationumque
889 2472 1035 2537 recensui
1054 2493 1143 2536 more
1161 2473 1323 2537 tralaticio
1342 2471 1575 2556 praefationem

339 2581 576 2663 praemittimus
591 2601 608 2644 e
623 2579 787 2645 doctrinae
802 2578 916 2643 studiis
931 2578 1066 2663 petitam
1080 2600 1216 2663 eamque
1230 2581 1315 2663 parti
1325 2579 1455 2663 quidem
1466 2600 1576 2643 eorum
1592 2604 1619 2644 ro

341 2687 397 2770 qui
424 2686 459 2750 in
486 2686 546 2752 bac
573 2687 756 2751 litterarum
780 2685 854 2751 sede
878 2685 998 2752 scholis
1021 2685 1176 2751 interesse
1199 2688 1335 2770 cupiunt
1358 2684 1578 2751 accommoda·

338 2798 416 2857 tam.
457 2792 598 2870 Quarum
621 2794 858 2879 praefationum
882 2797 1072 2878 argumenta
1091 2798 1128 2857 ut
1146 2794 1338 2879 plerumque
1356 2796 1391 2858 in
1408 2797 1578 2878 poetarum

340 2905 484 2968 veterum
516 2901 608 2967 libris
640 2901 889 2985 interpretandis
923 2902 1044 2965 versari
1075 2902 1252 2984 voluimus,
1284 2903 1329 2966 ita
1356 2924 1442 2965 nunc
1470 2898 1578 2965 Ovidii

339 3007 480 3074 Nasonis
499 3007 589 3072 Fasti
608 3007 763 3072 dederunt
778 3007 896 3091 dequo
912 3008 1163 3091 disputaremus:
1182 3008 1370 3073 videbamur
1384 3009 1470 3074 enim
1484 3007 1578 3072 nobis

340 3116 490 3180 nonnihil
513 3115 657 3181 conferre
680 3136 775 3199 posse
799 3114 838 3178 ad
862 3115 959 3180 huius
984 3116 1090 3198 operis
1113 3137 1265 3179 versuum
1289 3115 1490 3199 quorundam
1510 3116 1578 3179 sive

341 3222 534 3287 sententiam
562 3221 782 3287 declarandam
806 3223 873 3286 sive
897 3223 1090 3306 scripturam
1114 3222 1353 3307 stabiliendam3
1382 3244 1577 3306 quamquam

340 3331 443 3394 multa
469 3351 535 3394 non
563 3332 638 3393 sunt
666 3349 748 3412 quac
776 3331 995 3413 expromimus
1022 3351 1127 3412 neque
1158 3353 1195 3393 ea
1221 3351 1339 3415 magna
1365 3331 1509 3394 novitate
1532 3329 1578 3393 in-

341 3442 510 3502 ventorum
534 3436 674 3521 insignia
698 3436 753 3500 sed
775 3435 912 3501 fortasse
936 3458 974 3500 eo
999 3437 1130 3500 nomine
1153 3457 1219 3499 non
1241 3435 1371 3501 inutilia
1394 3435 1470 3519 quia
1493 3444 1579 3500 com-

341 3543 482 3631 ponendi
509 3548 611 3609 artem
634 3541 824 3608 Ovidianam
853 3543 886 3606 in
914 3542 1184 3607 hiscarminibus
1209 3545 1348 3608 maxime
1372 3545 1577 3626 conspicuam

341 3656 375 3717 et
398 3671 478 3736 quae
503 3673 596 3735 saepe
616 3650 718 3714 doctis
739 3673 848 3715 ansam
868 3671 1011 3714 errorum
1031 3649 1155 3714 dederit
1173 3671 1238 3713 uno
1259 3656 1291 3714 et
1310 3649 1409 3714 altero
1430 3651 1619 3733 exemplos>

341 3760 503 3824 illustrare
528 3759 695 3842 contingit.
739 3756 822 3820 Sunt
846 3761 953 3821 autem
976 3755 1065 3821 haec.

434 3867 461 3930 1.
497 3863 536 3929 In
559 3864 729 3929 Fastorum
752 3857 858 3948 primo
880 3867 977 3947 poeta
997 3886 1070 3929 cum
1089 3887 1107 3926 a
1126 3862 1203 3927 lano
1224 3885 1305 3946 quae
1324 3866 1373 3927 est
1391 3863 1466 3926 anni
1486 3862 1578 3947 origo

343 3973 473 4038 initium
498 3973 604 4056 capiat
627 3971 796 4035 sollemnia
819 3969 958 4035 calendis
981 3968 1141 4035 Ianuariis
1159 3972 1229 4035 fieri
1248 3972 1344 4035 solita
1362 3969 1413 4032 his
1433 3968 1578 4034 versibus

340 4080 502 4145 describit.

414 4186 456 4250 75
478 4247 481 4254 ,
503 4185 615 4252 Cernis
636 4187 775 4251 odoratis
797 4192 832 4250 ut
854 4187 953 4250 luceat
974 4185 1100 4268 siquibus
1123 4186 1225 4249 cetto

425 4311 427 4316 ·
546 4293 591 4358 Et
612 4299 697 4358 sonet
719 4295 855 4358 accensis
877 4295 964 4375 spico
989 4292 1107 4357 Cilissa
1127 4292 1228 4373 focis?

501 4401 658 4466 Flamma
680 4402 780 4464 nitore
802 4421 856 4464 suo
880 4401 1062 4481 templorum
1085 4399 1223 4464 reboat
1245 4421 1359 4464 aarum

355 4553 358 4557 -
483 4554 485 4558 ι
545 4507 593 4572 Et
613 4508 779 4572 tremulum
802 4527 927 4572 monaco
948 4509 1072 4589 sporpit
1094 4509 1129 4570 io
1152 4507 1228 4570 aede
1250 4506 1350 4570 labor.

508 4615 648 4680 Vestibus
669 4616 797 4680 tatonis
821 4615 976 4696 Tarpeios
998 4616 1063 4678 itur
1086 4616 1121 4677 iu
1144 4633 1231 4678 orces

304 4735 325 4791 4
417 4722 460 4788 80
549 4723 595 4787 Et
611 4721 747 4805 popum
766 4723 844 4803 festo
867 4722 1005 4786 concolor
1026 4723 1093 4804 ipse
1114 4742 1174 4787 suo,
1193 4727 1244 4785 est.
1502 4760 1504 4763 -
1594 4742 1620 4780 30

375 4875 377 4878 -
479 4831 634 4912 eramque
655 4831 728 4895 aovi
745 4834 900 4910 praeeunt
919 4829 1032 4909 focem,
1056 4850 1137 4894 novo
1155 4849 1304 4910 perporo
1325 4828 1434 4908 salpe,
1497 4830 1506 4839 ²

398 4943 525 4985 Vahlcni
539 4945 649 4994 opuscula
663 4945 693 4984 11.
1346 4936 1362 4982 6
