3967 5725
692 623 742 672 nn
760 621 1024 673 amerornmrs
1042 622 1247 684 domninus.
1517 619 1588 684 275

352 783 458 846 monis
486 783 662 848 eximentes
690 805 729 846 ex
756 805 793 848 ea
820 782 1025 868 colligamus,
1052 805 1134 866 quae
1159 786 1330 848 contextus
1353 783 1423 868 ipse
1447 784 1589 849 excludit

352 893 385 953 et
407 911 491 954 vana
513 911 583 954 esse
605 889 785 974 persuadet.

409 1004 411 1008 '
444 995 521 1060 [nde
541 1018 559 1058 a
577 1018 671 1062 versu
685 995 862 1080 Euripideo
882 995 922 1058 ad
941 1016 1031 1059 suam
1051 994 1159 1059 sedem
1177 998 1316 1061 retracto
1336 997 1460 1081 relique
1476 1001 1589 1084 suapte

353 1107 469 1188 sponte
496 1102 602 1167 fluunt
628 1124 732 1188 neque
758 1101 957 1167 inhibentur.
995 1099 1058 1166 Sed
1084 1102 1179 1166 nobis
1203 1101 1243 1165 ad
1267 1105 1433 1188 superiora
1456 1105 1591 1169 redeun-

354 1210 431 1273 dum
454 1213 511 1273 est.
548 1209 680 1274 Etenim
700 1208 870 1294 Scioppius,
894 1213 930 1272 ut
953 1208 1036 1273 ratio
1060 1212 1222 1273 constaret
1245 1230 1342 1293 quam
1365 1211 1439 1275 inde
1458 1235 1477 1276 a
1495 1233 1590 1276 versu

356 1318 398 1381 14
416 1317 542 1401 inierat,
563 1317 597 1382 in
615 1317 778 1401 prioribus
797 1304 867 1381 eam
886 1315 1134 1400 descriptionem
1154 1318 1310 1380 sermonis
1329 1321 1362 1382 et
1378 1339 1587 1402 personarum

354 1428 482 1490 secutus
511 1428 559 1488 est
587 1445 669 1507 quae
697 1424 774 1489 olim
801 1422 996 1509 vulgabatur
1019 1426 1051 1487 et
1074 1443 1156 1506 quae
1179 1426 1228 1487 est
1252 1423 1324 1508 ipse
1346 1423 1504 1489 librorum
1528 1423 1590 1489 dis-

353 1531 499 1596 tributio.
1183 1527 1185 1530 ¹

356 1638 395 1702 11
443 1642 519 1703 ΔΗ.
543 1641 577 1703 τί
597 1635 793 1723 κινυρόμεθ’
820 1638 944 1717 talea
967 1637 1030 1702 οὐκ
1053 1637 1153 1724 ἐχρῆν
1178 1640 1285 1721 ζητεῖν
1308 1662 1384 1703 τινα

542 1747 708 1828 σωτηρίαν
730 1753 812 1832 νῷν,
836 1743 919 1809 ἀλλὰ
941 1745 985 1828 μὴ
1009 1743 1123 1808 κλάειν
1146 1741 1208 1830 ἕεις
1604 1771 1631 1812 ιο

458 1855 520 1915 ΝΙ.
543 1854 594 1928 τίς
618 1847 682 1917 οὖν
704 1850 832 1935 γένοιτ’
855 1853 911 1928 ἄνς
936 1850 1010 1933 λέγε
1034 1853 1085 1915 σύ.
1109 1855 1186 1916 ΔΗ.
1206 1854 1249 1917 σὺ
1267 1852 1329 1934 μὲν
1348 1847 1412 1917 οὖν
1430 1875 1486 1937 μοι
1506 1851 1590 1937 λέγε.

356 1958 460 2036 Quare
484 1958 522 2023 de
546 1980 584 2023 ee
605 1981 641 2023 rc
663 1958 747 2024 nihil
767 1963 837 2023 erat
856 1959 942 2043 quod
962 1958 1059 2022 verba
1077 1956 1206 2023 faceret.
1244 1957 1307 2024 Sed
1324 1963 1439 2042 postea
1456 1959 1590 2042 exititit,

355 2066 422 2130 sive
450 2064 581 2130 Beerius
610 2065 677 2129 sive
701 2065 876 2152 Bergkius‚
904 2065 961 2149 qui
988 2085 1061 2129 cum
1089 2086 1183 2129 versu
1208 2065 1250 2128 13
1274 2087 1356 2148 quae
1378 2066 1475 2130 unius
1500 2069 1591 2130 crant

355 2173 389 2237 in
412 2173 491 2237 duas
516 2172 673 2237 divideret
695 2194 860 2257 personas,
886 2175 945 2236 NI.
963 2174 1013 2248 τίς
1037 2166 1100 2235 οὖν
1123 2169 1243 2255 γένοιτ’
1267 2171 1322 2257 ἅνς
1347 2176 1423 2236 ΔΗ.
1443 2171 1517 2255 λέγε
1536 2173 1590 2254 σύ,

355 2280 417 2344 hoc
444 2283 610 2345 assecutus
639 2284 702 2364 est,
730 2283 766 2344 ut
793 2281 827 2342 in
855 2279 1012 2364 proximis
1040 2277 1124 2341 nihil
1149 2279 1212 2343 iem
1236 2283 1323 2344 recto
1348 2279 1414 2343 talo
1439 2283 1523 2344 stare
1546 2280 1591 2343 vi·

356 2387 491 2452 deretur.
524 2387 577 2451 Ex
594 2387 652 2452 illo
672 2388 758 2452 enim
774 2386 935 2471 principio
948 2385 1094 2451 manavit
1107 2386 1171 2450 ista
1186 2407 1393 2469 personarum
1408 2385 1591 2471 descriptio,

355 2516 453 2578 quam
483 2494 599 2559 falsam
631 2516 700 2560 esse
728 2497 760 2558 ot
786 2497 901 2578 poetae
928 2494 1029 2558 menti
1057 2494 1250 2558 contrariam
1278 2492 1498 2558 demonstrare
1526 2497 1592 2557 stu·

357 2600 493 2666 duimus.
533 2598 596 2666 Sed
624 2600 722 2665 semel
749 2601 834 2664 iacto
857 2600 980 2666 infelici
1009 2603 1204 2683 commento,
1231 2621 1326 2664 nemo
1354 2605 1467 2685 postea
1494 2621 1592 2665 ausus

356 2713 406 2773 est
432 2708 480 2773 sb'
501 2708 565 2772 isto
594 2729 702 2772 errore
729 2706 770 2770 ad
797 2729 908 2772 sanam
936 2709 1129 2772 sententiam
1155 2707 1266 2772 redire.
1305 2706 1389 2783 Quid
1417 2708 1501 2771 enim
1530 2705 1593 2770 De

356 2815 518 2881 mostheni
541 2816 677 2880 salutem
700 2814 841 2899 aliquam
864 2813 1078 2899 quaerendam
1104 2835 1173 2880 esse
1196 2816 1392 2901 proponenti
1414 2815 1522 2899 aptius
1545 2835 1591 2879 re
1605 2840 1633 2881 ιο

357 2921 507 3007 sponderi
529 2924 638 3007 potuit
660 2923 701 2987 ab
724 2924 826 2987 altero
851 2944 947 3006 quam
970 2924 1019 2998 τίς
1043 2918 1107 2987 οὖν
1130 2920 1258 3005 γένοιτ’
1280 2923 1336 3007 θέας
1359 2922 1434 3006 λέγε
1453 2923 1496 2986 σύ
1514 2922 1546 2986 h.
1566 2942 1592 2987 e.

356 3054 396 3096 ne
412 3033 484 3115 quis
498 3052 677 3115 pronomen
690 3030 813 3094 frustra
826 3029 986 3094 adiectum
1002 3051 1071 3094 esse
1086 3029 1182 3094 ducat
1197 3029 1245 3093 ‘tu
1260 3031 1316 3114 qui
1330 3030 1426 3095 modo
1440 3050 1592 3113 quaerere

357 3141 493 3204 salutem
517 3137 670 3211 iubebas?
708 3136 753 3201 Et
770 3136 833 3201 hoc
852 3137 939 3221 quod
958 3137 1040 3201 ratio
1061 3136 1183 3220 suadet,
1206 3136 1419 3219 comprobant
1437 3136 1592 3219 exempla.

357 3246 404 3311 Ut
427 3247 513 3310 enim
536 3246 703 3309 mittamus
726 3245 824 3308 toties
847 3243 996 3309 adhunc
1019 3244 1152 3309 modum
1175 3244 1314 3308 formata
1337 3243 1502 3308 enuntiate

546 3360 606 3417 τοῦ
631 3350 662 3415 δ’
688 3350 796 3435 οὕνεχ’
823 3351 908 3435 ἡμᾶς
930 3348 1021 3415 ταῦτ’
1045 3347 1204 3436 luperam
1228 3349 1301 3415 εἰπέ
1316 3374 1373 3432 μοι
1392 3348 1464 3414 Pac.
1481 3349 1547 3413 210

544 3456 617 3544 φέρ’
647 3460 724 3542 loe,
749 3461 791 3523 σὺ
814 3468 935 3524 τοῦτον
957 3459 992 3522 τί
1010 3457 1191 3542 ὀνομάζεις;
1216 3456 1288 3522 εἰπέ
1304 3481 1360 3541 μοι
1379 3456 1465 3522 Nub.
1481 3456 1544 3521 847

546 3570 589 3632 σὺ
613 3563 650 3632 δὲ
673 3567 715 3649 δὴ
738 3568 773 3631 τί
793 3567 947 3647 βουλεύει
970 3575 1092 3649 acastre
1116 3562 1183 3647 λέγ’
1211 3565 1358 3647 Αἰσχύλε
1381 3562 1461 3627 Ran.
1482 3562 1547 3628 865

542 3672 719 3757 Ἀγολθοινα
737 3686 848 3738 κεῖσαι
864 3724 889 3737 ..
904 3672 937 3748 ἐς
954 3673 1186 3757 θεσμοφόροιν
1201 3670 1323 3735 ἐλθεῖν.
1347 3674 1458 3735 ΚΗΛ.
1470 3671 1504 3733 τί
1517 3670 1595 3756 θρά-

408 3773 410 3776 ’
873 3781 875 3783 ’
900 3778 1006 3862 oovr'3
1030 3777 1103 3843 εῖτιέ
1123 3800 1179 3862 μοι
1202 3776 1396 3860 Thesmoph.
1417 3776 1468 3858 89,

361 3911 441 3973 quae
464 3890 633 3952 innumera
656 3892 745 3971 sunt,
772 3887 867 3970 plane
891 3886 1024 3951 eandem
1048 3885 1206 3949 rationem
1229 3905 1306 3969 prae
1330 3905 1363 3947 se
1385 3882 1493 3946 ferunt
1515 3882 1594 3946 hacc
1609 3908 1637 3949 so

362 4018 443 4080 quae
465 3997 618 4081 leguntur
643 3996 676 4058 in
695 3992 814 4077 Vespis
833 3994 899 4057 346

327 4118 342 4171 ῖ
550 4100 620 4166 ἀλλ’
648 4100 684 4166 ἐκ
708 4102 837 4166 τούτων
860 4100 930 4182 ὥρα
952 4100 1027 4165 τινα
1050 4118 1104 4165 σοι
1128 4103 1236 4182 ζητεῖν
1259 4098 1378 4181 καινὴν
1402 4095 1567 4176 ἐπίνοιαν,

492 4277 494 4280 ,
548 4210 620 4291 η’τις
648 4224 684 4273 σε
709 4208 820 4292 λοῖθρηι
841 4206 984 4291 τάνδρὸς
1007 4207 1101 4271 τουδὶ
1125 4208 1308 4288 καταβῆναι
1332 4205 1432 4286 δεῦρο
1454 4204 1596 4285 ποιήσει.

467 4320 526 4380 ΦΙ.
550 4319 610 4392 τίς
644 4314 690 4379 ἂν
718 4310 790 4382 οὖν
819 4320 894 4396 alm
922 4311 1068 4396 ζητεῖθ’
1100 4313 1224 4396 ὑμεῖς,
1257 4311 1301 4387 ὡς
1328 4319 1395 4375 πᾶν
1423 4308 1464 4373 ἂν
1491 4305 1596 4392 έγωγε

559 4456 562 4461 ,
1319 4421 1461 4500 ποιοίην.

362 4530 445 4606 Quid
473 4531 558 4595 enim
587 4528 725 4594 similius
753 4550 821 4593 esse
848 4531 957 4613 potest
984 4528 1128 4592 versibus
1153 4548 1233 4610 quos
1258 4523 1473 4607 disceptamus
1496 4522 1595 4608 Equi·

361 4639 454 4703 tum?
486 4635 608 4721 Itaque,
631 4642 665 4701 εῖ
683 4660 715 4701 τι
739 4635 798 4718 ἐμὴ
822 4635 1001 4719 teutonia,
1024 4634 1131 4718 inquit
1153 4633 1257 4715 Plato,
1280 4629 1507 4715 Aristophanis
1532 4631 1594 4695 edi-

362 4745 487 4810 toribus
515 4748 663 4809 auctores
687 4743 786 4807 simus
808 4747 846 4807 ut
869 4742 902 4805 in
927 4746 1092 4827 posterum
1117 4740 1199 4804 hano
1223 4738 1379 4803 sermonis
1402 4742 1526 4822 partem
1550 4739 1596 4800 ita

363 4851 604 4937 exprimendam
628 4871 740 4915 curare
762 4849 864 4913 velint

1331 4950 1382 5003 18*
