3967 5725
391 577 455 642 186
583 579 668 628 XLII.
687 578 803 630 INDEX
821 577 1036 629 LEOTIONUM
1054 577 1295 628 HIBERNARUM
1315 575 1437 645 1895sao.

388 741 478 804 tione
496 739 575 825 poni
595 740 650 804 sed
668 738 709 803 ad
727 737 998 824 comparationem
1017 759 1083 804 non
1097 739 1265 823 pertinere.
1298 737 1385 815 Quae
1400 738 1623 822 conformatio,

389 868 583 931 quamquam
596 868 662 910 non
677 845 811 932 indigna
824 867 905 930 quae
920 846 1112 930 attendatur,
1126 845 1210 910 nihil
1223 849 1330 910 tamen
1341 845 1439 910 habat
1449 845 1622 910 admodum

385 955 463 1018 miri
480 957 537 1019 aut
556 952 719 1040 singulare
736 974 841 1037 nequa
860 953 946 1036 quod
960 951 1253 1017 Alexandrinorum
1271 957 1439 1037 poetarum
1454 953 1623 1038 proprium

386 1060 597 1144 existimetur,
620 1081 702 1144 quae
724 1058 860 1143 Hauptii
883 1060 947 1124 fuit
970 1059 1137 1142 sententia,
1161 1061 1217 1142 qui
1241 1081 1322 1143 quae
1345 1063 1460 1144 poetae
1484 1060 1623 1125 Romani

385 1167 505 1233 similia
527 1167 690 1251 exhibent,
713 1164 860 1232 Catullus
879 1188 903 1232 o.
924 1167 983 1250 64,
1003 1167 1067 1231 238

545 1275 620 1340 λαοι
642 1275 797 1340 mandato
812 1275 908 1356 ρνίαε
930 1276 1085 1340 constanti
1107 1280 1206 1340 ικοιιίο
1227 1280 1376 1340 ίοκοκαννι
1639 1301 1657 1358 g

548 1382 669 1448 Τλοεοα
691 1402 744 1446 νεα
760 1381 874 1464 ραίεαο
895 1387 1054 1446 ommam
1076 1381 1207 1462 flumine
1228 1382 1323 1447 κκόοε

547 1491 670 1555 αονίαννι
692 1490 777 1554 nivei
799 1489 914 1554 νκοκλίε
935 1486 1060 1571 liquere
1083 1507 1242 1568 caedmon,

386 1594 582 1682 Horatius*)
601 1617 625 1660 ο.
645 1614 682 1660 1v
700 1596 732 1678 4,
750 1596 794 1660 42

898 1702 1029 1785 ραλολον
1049 1704 1169 1785 ίαραλίε

690 1811 743 1876 tue
766 1811 833 1876 dies
855 1811 949 1876 Latio
972 1809 1104 1876 tenebre

688 1937 744 2018 qui
760 1938 889 2018 ρνίνκαε
911 1936 999 2000 almo
1020 1937 1094 2002 rtatt
1115 1936 1245 2018 οάονοιι,

689 2044 780 2108 dirus
795 2063 857 2125 ρον
878 2043 968 2108 urbes
991 2041 1072 2124 Afer
1093 2048 1129 2107 ut
1151 2043 1255 2108 Italas

689 2171 742 2215 ιοα
764 2149 897 2230 flammo
913 2170 974 2232 ρον
996 2150 1106 2215 taedas
1128 2150 1175 2214 oet
1197 2169 1291 2215 αινκε

684 2277 744 2338 ρον
766 2255 893 2323 Stratos
915 2255 1073 2340 equitavit
1096 2257 1213 2335 ακάαε,

384 2362 426 2426 ad
448 2362 579 2427 illorum
602 2363 741 2429 maxime
763 2366 932 2447 poetarum
956 2362 1139 2447 exemplum
1163 2363 1367 2428 artificiosius
1390 2363 1530 2428 formata
1550 2384 1621 2427 oen-

384 2469 484 2534 eebat.
522 2467 584 2535 Sed
612 2471 795 2553 exemplum
822 2472 851 2535 si
879 2471 1093 2554 quaerebatur
1121 2472 1185 2536 iam
1209 2469 1381 2536 Homerica
1405 2471 1545 2536 earmina
1568 2470 1620 2534 da-

384 2576 472 2657 bant,
494 2576 584 2642 velut
607 2574 664 2641 Od.
683 2576 841 2641 xv11397
1024 2561 1026 2564 ⁵
1532 2601 1534 2606 ’

538 2681 690 2766 Ἀντίνο’,
713 2678 734 2766 d
758 2707 820 2768 μευ
843 2685 927 2748 καλά
949 2685 1055 2768 πατήρ
1080 2683 1124 2760 ὣς
1145 2685 1284 2769 κήδεαι
1306 2674 1381 2761 υἷος

344 2790 415 2867 roh·
435 2813 460 2855 a.
484 2788 569 2855 καλά
591 2813 653 2875 μευ
676 2791 791 2875 κήδεαι
815 2789 859 2867 ὡς
881 2792 986 2877 πατήρ
1011 2791 1144 2875 κήδεται
1168 2781 1255 2870 υλοςς
1278 2789 1329 2856 vel
1352 2789 1388 2856 Il.
1408 2791 1507 2856 11121

545 2898 606 2963 τδν
629 2895 659 2963 δ’
687 2898 732 2974 ὡς
755 2894 818 2964 οὖν
841 2896 980 2982 ἐνόησεν
1003 2898 1180 2983 άρηίφιλος
1202 2897 1376 2975 Μενέλαος

545 3004 726 3091 ἐρχόμενον
749 3006 981 3092 προπάροιθεν
1003 3005 1121 3089 ὁμίλου
1145 3008 1253 3091 μακρά
1276 3005 1435 3089 βιβάντα,
1565 3028 1567 3031 ·

546 3113 591 3189 ὥς
613 3136 645 3177 τε
670 3111 755 3177 λέων
778 3111 895 3198 ἐχάρη
919 3114 1051 3201 μεγάλην
1074 3111 1128 3178 ἐπὶ
1153 3113 1278 3197 σάματι
1301 3114 1492 3197 κύρσας...

546 3214 591 3297 ὧς
614 3218 714 3306 ἐχάρη
737 3218 912 3297 Μενέλαος

385 3348 466 3410 quae
490 3324 570 3409 (non
593 3327 679 3392 enim
702 3349 766 3391 uno
790 3327 886 3392 modo
911 3324 1177 3411 interpretantur)
1202 3329 1249 3393 sio
1272 3349 1341 3392 esse
1364 3327 1549 3411 accipienda
1572 3351 1619 3392 ar·

383 3433 541 3498 bitramur
563 3433 737 3510 Μενέλαος
765 3432 865 3518 ἐχάρη
894 3434 977 3501 ὥστε
1006 3434 1091 3500 λέων
1116 3438 1222 3519 χαίρει
1245 3432 1376 3519 μεγάλην
1401 3432 1526 3518 σώματι
1550 3433 1618 3500 ε’πι-

383 3541 518 3623 αύρσας.
555 3539 670 3625 Neque
693 3562 785 3605 saeue
808 3539 1001 3607 11.x11154

545 3651 580 3713 οἳ
601 3646 632 3713 δ’
659 3650 723 3731 άρα
745 3648 975 3734 χερμαδίοισιν
999 3645 1173 3731 ἐυδμήτων
1197 3646 1260 3713 άπὸ
1284 3649 1423 3733 πύργων

543 3756 754 3839 βάλλον...

342 3896 369 3938 ,0
910 3863 1051 3945 νιφάδες
1074 3859 1105 3927 δ’
1132 3862 1176 3937 ὣς
1199 3873 1342 3928 πῖπτον
1365 3858 1457 3947 ἔραζε

544 3970 583 4047 ug
605 3968 633 4034 τ’
661 3971 780 4052 άυεμος
803 3971 880 4054 ζαὴς
902 3968 1006 4052 νέφεα
1030 3971 1182 4034 σκιόεντα
1206 3970 1350 4053 δονήσας
1433 3978 1436 3984 ’

543 4080 703 4164 ταρφείας
726 4075 901 4160 κατέχευεν
925 4074 978 4141 ἐπὶ
1002 4077 1102 4160 χδονλ
1126 4079 1369 4162 πουλυβοτείρῃ

381 4184 414 4251 h.
428 4206 454 4250 e.
478 4183 640 4271 χερμάδια
662 4195 784 4249 πῖπτον
807 4183 852 4259 ὡς
874 4181 1015 4267 νιφάδες
1037 4186 1218 4249 πίπτουσιν
1236 4179 1329 4268 ἔραζε
1347 4183 1386 4261 ἃς
1404 4184 1524 4270 άνεμος
1542 4208 1618 4249 κατ-

383 4290 488 4377 έχευει
510 4291 557 4356 aio
580 4290 665 4356 enim
688 4289 768 4355 haee
790 4288 978 4374 explicanda
1001 4310 1071 4354 esse
1094 4310 1168 4354 oum
1192 4290 1263 4374 ipsa
1280 4312 1338 4375 per
1358 4313 1392 4357 se
1411 4296 1481 4357 tum
1499 4290 1618 4357 collata

473 4483 519 4554 ⁸9)
538 4482 617 4538 Idem
635 4483 667 4537 in
680 4483 779 4538 eodem
792 4498 895 4555 genero
908 4484 962 4538 hoo
976 4500 1062 4539 aurun
1077 4482 1164 4538 estin
1179 4482 1266 4538 satira
1280 4482 1347 4539 libri
1361 4484 1446 4553 primi
1459 4484 1546 4539 tertia
1560 4503 1584 4539 v.
1600 4490 1616 4539 9

632 4574 675 4627 ait
693 4574 807 4641 aequale
823 4574 929 4628 homiui
946 4573 1005 4640 tuit
1022 4574 1080 4628 tut:
1097 4588 1176 4643 εαορι
1194 4574 1266 4629 uelut
1284 4574 1333 4643 qui

632 4662 759 4717 currebat
776 4663 886 4734 tuqiem
903 4662 1012 4727 hortem,
1026 4678 1157 4731 persaepe
1175 4663 1249 4718 velut
1266 4664 1314 4733 ηαί

632 4752 752 4809 Iunonie
769 4768 851 4807 εοονα
868 4752 993 4818 ferreas

381 4838 409 4895 h.
425 4856 448 4895 e.
467 4838 599 4894 currebat
616 4838 693 4894 velut
712 4840 762 4909 qui
780 4838 892 4911 fugiens
910 4839 1021 4895 hortem
1040 4840 1134 4894 ourrit.
