3967 5725
704 591 988 643 nrfflnnfflonns
1006 592 1221 644 PLAUTINAE.
1535 588 1579 652 25

346 750 612 844 Acroteleutium,
636 776 669 818 se
693 753 836 838 deperire
861 752 998 819 militem
1021 753 1173 818 simulare
1196 754 1292 834 iussa,
1316 752 1372 817 ubi
1391 753 1442 817 sui
1460 751 1581 817 amoris

347 860 466 925 indicia
488 859 590 925 multa
613 859 702 925 dedit
723 864 891 943 praesente
913 860 1016 924 milite
1040 859 1096 924 sed
1119 882 1212 944 qnam
1238 859 1293 923 illa
1316 860 1427 924 adesse
1446 881 1480 924 se
1499 858 1582 923 scire

347 966 540 1052 dissimulat,
563 968 681 1032 sensim
705 966 745 1031 ad
767 967 882 1032 militis
902 966 1033 1031 domum
1051 967 1187 1051 propina
1206 966 1336 1048 accedit,
1359 988 1432 1030 cum
1450 965 1582 1030 interim

347 1073 505 1138 sermonis
529 1074 615 1139 vices
638 1074 684 1137 ita
707 1094 741 1138 se
765 1074 939 1157 excipiunt.

777 1180 999 1265 Milphidippa

608 1289 693 1371 Quid
714 1290 843 1353 astitisti
865 1286 1053 1369 obstupida?
1077 1308 1132 1351 cur
1154 1308 1218 1352 000
1234 1287 1366 1370 pultes?

778 1395 1019 1460 Acroteleutium

438 1501 482 1564 40
534 1502 617 1583 Quia
639 1521 702 1565 000
725 1507 769 1566 est
790 1503 876 1566 ictas
898 1522 987 1582 00000
1011 1522 1063 1583 epo
1085 1501 1160 1566 coto.

779 1607 1001 1690 Mihibidcppo

1105 1715 1274 1797 Quietis?
1596 1742 1623 1781 ro

777 1822 1018 1887 Acroteleutium

1205 1929 1277 1993 Scio
1300 1927 1415 2013 edepol
1437 1927 1535 1993 facio:

437 2038 479 2100 41
528 2038 616 2101 Nom
639 2039 730 2103 odore
752 2058 866 2101 acaum
889 2039 1011 2115 scotist,
1033 2038 1063 2102 si
1085 2039 1172 2101 intus
1193 2039 1242 2101 sit.

779 2143 1034 2227 Pyrgopolinices

1171 2250 1368 2315 Hariolotor.

532 2358 614 2439 Quia
637 2364 803 2442 meamet,
820 2363 987 2440 propterea
1012 2358 1116 2423 Venus
1131 2359 1206 2439 fecit
1222 2379 1291 2421 com
1309 2363 1345 2421 at
1367 2358 1530 2421 divinaret.

775 2464 1019 2531 Acroteleutium

528 2572 640 2638 Nescio
658 2572 712 2637 ubi
729 2573 779 2637 liic
793 2593 890 2655 prope
908 2573 996 2637 odeat
1013 2594 1102 2654 00000
1117 2578 1220 2653 cepeto
1234 2573 1353 2636 vidae:
1372 2572 1429 2647 olet
1436 2573 1582 2654 profecto.

777 2679 1032 2762 Pyrgopolinices

438 2786 483 2849 44
529 2785 691 2869 Nosopol
713 2786 874 2868 templus
896 2786 970 2850 baec
992 2788 1118 2868 quidem
1140 2788 1341 2869 videt-quom
1364 2785 1468 2852 000440.
1596 2812 1625 2851 ao

347 2893 468 2980 Agitur
496 2894 534 2958 de
561 2915 656 2958 versu
684 2880 945 2979 quadragesime,
975 2895 1066 2958 cuins
1095 2896 1237 2958 extrema
1265 2916 1328 2957 vox
1355 2894 1389 2958 in
1417 2893 1583 2958 codicibus

348 2999 525 3065 Decurtato
545 2999 767 3084 Vaticanoque
788 3001 872 3082 focio
897 3005 955 3084 est,
977 3002 1012 3066 in
1033 3000 1149 3065 Vetere
1173 2999 1347 3065 camerarii
1369 3002 1438 3083 scio.
1484 2999 1520 3064 In
1546 3023 1583 3064 ea

339 3128 426 3186 ¹voce
449 3111 617 3192 peccatum
640 3127 710 3171 esse
733 3111 878 3191 apertum
903 3112 961 3190 est,
985 3107 1040 3172 sed
1064 3107 1148 3172 unde
1172 3107 1353 3172 emendatio
1377 3107 1513 3191 petenda
1540 3108 1584 3171 ait

312 3223 328 3278 7
350 3215 548 3301 ambiguum.
595 3211 677 3280 Cum
700 3215 786 3279 enim
804 3216 949 3298 plerique
972 3216 1019 3279 ita
1038 3217 1192 3298 statuant,
1212 3217 1297 3296 focio
1316 3235 1385 3279 esse
1404 3215 1583 3298 antiquitus

348 3321 499 3386 traditam
523 3323 724 3405 scripturam,
752 3343 791 3386 ex
816 3344 888 3405 qua,
916 3323 944 3385 si
967 3322 1100 3386 tolerari
1123 3321 1194 3405 ipsa
1216 3343 1283 3386 non
1305 3322 1419 3405 possit,
1446 3321 1584 3385 efficien-

349 3428 425 3492 dum
448 3429 500 3510 sit,
523 3429 610 3511 quod
633 3433 729 3513 poeta
752 3429 885 3514 dignum
909 3429 1065 3514 videatur,
1088 3450 1192 3513 nuper
1211 3428 1399 3492 Theodorus
1417 3427 1584 3511 Hesperus

348 3536 383 3600 in
403 3534 734 3602 commentationibus
755 3535 1033 3618 Fleckeisenianis,
1057 3557 1129 3600 cum
1147 3535 1231 3600 hanc
1255 3535 1396 3600 fabulam
1419 3534 1583 3600 luculenta

349 3643 443 3727 copia
466 3643 721 3709 coniecturarum
744 3647 885 3729 augeret,
908 3667 939 3726 p.
960 3642 1024 3707 183
1049 3641 1087 3706 de
1109 3642 1173 3707 hoc
1195 3642 1267 3708 loco
1291 3643 1336 3706 ita
1359 3642 1523 3726 iudicavit,
1546 3645 1583 3705 ut

349 3773 368 3813 a
385 3751 445 3831 scio
459 3747 587 3814 Veteris
606 3751 766 3833 scriptura
779 3748 1047 3835 proficiscendum
1064 3752 1164 3832 ratus,
1178 3749 1261 3814 hanc
1276 3749 1431 3814 orationis
1444 3749 1582 3814 formam

348 3855 465 3920 Plauto
497 3856 674 3923 vindicaret
706 3856 777 3922 Scio
809 3856 927 3939 edepol,
959 3858 1009 3938 sot
1039 3857 1108 3937 [cub.
1165 3854 1224 3920 Oui
1256 3858 1388 3930 invento
1421 3856 1582 3942 ingeniosi
1597 3881 1625 3920 so

348 3961 489 4027 hominis
515 3963 688 4046 quominus
712 3963 871 4028 calculum
895 3961 1049 4026 addamus
1073 3983 1138 4026 non
1165 3985 1228 4026 una
1256 3985 1306 4026 res
1334 3984 1395 4028 nos
1422 3962 1581 4047 prohibet.

347 4067 407 4132 Ille
435 4069 577 4155 quidem,
608 4091 673 4154 quo
701 4071 757 4135 vix
780 4092 860 4155 opus
883 4069 984 4134 fuisse
1009 4069 1111 4153 dicas,
1138 4076 1189 4134 sot
1209 4072 1272 4134 scio
1295 4070 1433 4134 multum
1457 4091 1525 4135 esse
1548 4070 1583 4136 in

349 4198 409 4241 usu
432 4175 583 4241 Plautino
608 4176 865 4262 Terentianoque
889 4176 1046 4260 exemplis
1074 4177 1236 4261 congestis
1266 4175 1388 4262 docuit3
1415 4176 1471 4241 sed
1497 4177 1583 4241 idem

348 4285 411 4348 scio
434 4285 523 4348 etin
549 4287 692 4348 extremo
715 4306 809 4351 versu
832 4282 1093 4367 monosyllabum
1122 4304 1191 4348 esse
1218 4305 1312 4367 posse
1340 4305 1445 4367 neque
1473 4284 1584 4348 docuit

349 4411 453 4472 neque
473 4389 624 4456 credibile
644 4395 699 4455 est.
742 4390 835 4467 Quod
854 4391 980 4455 etiamsi
999 4391 1045 4454 ita
1063 4411 1133 4455 esse
1152 4389 1353 4475 concedatur,
1376 4393 1486 4455 tamen
1503 4389 1584 4455 haec

350 4500 421 4562 tota
439 4498 543 4561 oratio
562 4519 627 4560 non
646 4500 756 4583 potest
772 4499 908 4581 placere,
927 4498 973 4562 sic
993 4497 1099 4563 soluta
1117 4501 1149 4562 04
1166 4497 1229 4562 hoc
1248 4497 1358 4562 ordine
1377 4519 1584 4581 componens,

349 4625 487 4687 quorum
511 4603 713 4688 utrumlibet,
736 4604 803 4669 sive
826 4611 877 4670 sot
898 4605 969 4683 scic,
993 4605 1070 4688 sive,
1094 4605 1180 4689 qnod
1199 4608 1284 4676 certe
1302 4604 1505 4693 praestabat,
1519 4605 1584 4668 scio

348 4710 465 4792 edepol,
498 4733 556 4794 per
588 4732 622 4774 se
656 4711 733 4776 satis
766 4716 847 4795 erat3
880 4712 946 4775 sive
980 4710 1059 4793 quid
1085 4711 1203 4775 fortius
1232 4711 1584 4792 asseverandumerat,

347 4817 531 4901 aptioribus
558 4819 608 4881 uti
636 4818 741 4903 licuit,
769 4817 1032 4902 velut116,103
1060 4824 1111 4882 sot
1132 4818 1236 4900 edepol
1260 4823 1338 4882 certo
1366 4818 1440 4894 scic,
1468 4814 1519 4879 vel
1548 4817 1583 4877 in
