3967 5725
401 623 469 687 466
629 625 714 677 LVII.
734 625 850 674 INDEX
868 624 1087 676 LEOTIONUM
1105 625 1337 676 AESTIVARUM
1356 627 1434 678 1903.

402 787 497 851 unius
506 785 692 872 interpretis
702 807 832 851 manum
842 807 919 869 prae
933 807 966 849 se
977 786 1107 850 ferrent.
1122 785 1243 852 Verum
1256 787 1406 851 tamenin
1415 787 1522 852 verbis
1532 787 1637 871 editis,

403 915 484 979 quas
502 894 702 978 praefatione
720 893 900 978 posteriora
919 913 987 957 esse
1004 897 1147 978 apparet,
1161 893 1331 978 pristinam
1346 894 1531 978 opinionem
1545 895 1636 960 resti-

400 1001 465 1066 tuit
484 1005 517 1066 et
534 1001 690 1066 orationis
706 1001 838 1066 mutilae
853 999 1010 1064 indicium
1024 1000 1111 1084 fecit,
1129 1001 1185 1065 ubi
1200 999 1279 1064 haec
1292 1001 1391 1066 verba
1405 1001 1445 1065 ab
1460 998 1636 1066 Aristotele

400 1109 510 1194 posita
535 1113 707 1175 retractata
734 1107 864 1173 demum
890 1108 1053 1173 rhetorica
1079 1109 1151 1173 loco
1180 1111 1268 1173 mota
1296 1129 1364 1172 esse
1388 1108 1510 1173 statuit.
1548 1106 1636 1184 Quae

307 1258 310 1264 ·
401 1239 473 1282 oum
488 1216 534 1280 ita
549 1217 623 1298 sint,
636 1215 773 1280 fortasse
787 1236 854 1280 non
867 1216 969 1300 inepti
983 1215 1176 1281 habebimur
1190 1215 1277 1299 quod
1290 1215 1374 1280 hanc
1387 1217 1637 1282 controversiam

399 1323 627 1388 vacillantibus
650 1323 755 1388 adhuc
777 1327 815 1387 ut
838 1322 965 1387 videtur
988 1326 1155 1388 doctorum
1178 1323 1346 1388 sententiis
1366 1323 1406 1388 sd
1426 1325 1544 1389 certam
1562 1344 1636 1386 nor-

400 1453 486 1496 mam
509 1451 659 1501 revocare
682 1429 880 1508 conabimur,
905 1452 979 1495 cum
1002 1430 1191 1513 praesertim
1215 1429 1294 1513 quid
1315 1450 1427 1495 verum
1449 1430 1547 1495 fuerit
1568 1451 1637 1495 non

400 1539 505 1622 possit
527 1559 592 1602 non
616 1543 811 1622 magnopere
835 1558 908 1602 cum
927 1536 1156 1602 Demosthenis
1178 1541 1247 1601 tum
1266 1534 1453 1601 Aristotelis
1472 1537 1633 1601 interesse.

490 1643 599 1708 Verba
617 1643 733 1708 scholii
751 1666 834 1727 quae
853 1644 899 1709 sic
917 1643 1036 1708 tradita
1055 1647 1132 1708 sunt
1150 1643 1260 1728 ὥσπερ
1280 1645 1343 1729 γάρ
1363 1645 1396 1709 ol
1415 1643 1452 1709 ἐν
1470 1651 1516 1732 τῷ
1528 1647 1637 1732 πλοίῳ

360 1778 387 1819 ιι
401 1753 496 1827 ὄντες
523 1751 589 1815 ὑπὸ
617 1760 678 1816 τοῦ
707 1753 811 1817 σάλου
838 1762 906 1816 τῶν
932 1749 1088 1833 κυμάτων
1115 1753 1358 1836 ταρασσόμενοι
1385 1762 1545 1818 ναυτιῶσι
1570 1749 1636 1816 καὶ

400 1858 530 1935 ἁπλῶς
548 1858 710 1944 ἀφορῶν
727 1859 810 1944 πρὸς
828 1860 890 1942 τὴν
908 1859 1093 1943 θάλασσαν,
1113 1858 1199 1924 οὕτω
1219 1859 1273 1923 καὶ
1292 1857 1310 1924 ὁ
1329 1860 1432 1942 δῆμος
1445 1866 1565 1944 ναυτιᾷ
1579 1855 1636 1922 καὶ

401 1969 527 2053 ίλιγγιᾷ
545 1965 686 2054 ἀφορῶν
702 1967 786 2050 πρὸς
803 1967 844 2031 τά
858 1967 1034 2050 πράγματα
1047 1967 1152 2030 labem
1166 1970 1344 2050 traxerunt,
1363 1988 1460 2050 quam
1474 1965 1637 2049 Reiskius,

399 2074 448 2140 uti
471 2074 622 2157 diximus,
646 2075 692 2140 ita
715 2074 962 2160 abstergendam
984 2078 1074 2138 ratus
1098 2078 1147 2138 est
1170 2077 1207 2138 ut
1228 2072 1382 2139 scriberet
1400 2083 1560 2139 ναυτιῶσι
1578 2069 1634 2136 καὶ

400 2183 509 2266 ἀηδῶς
534 2181 701 2267 ἀφορῶσι,
725 2203 807 2266 quae
830 2180 991 2266 Sanppius
1015 2181 1149 2265 recepit,
1172 2181 1227 2245 sed
1250 2181 1440 2266 praestabit,
1463 2181 1526 2246 nisi
1549 2180 1672 2251 falli-5

399 2311 480 2372 mur,
504 2287 696 2372 ἀφορῶντες
719 2289 896 2372 restituere,
919 2311 938 2351 a
961 2286 1066 2351 Rabio
1089 2287 1307 2373 propositum3
1330 2311 1406 2353 nam
1428 2288 1462 2352 in
1486 2286 1540 2352 καὶ
1563 2311 1633 2373 par-

399 2395 499 2458 ticula
520 2417 587 2459 non
610 2400 679 2459 erat
701 2394 788 2478 quod
811 2395 1036 2478 offenderetur,
1060 2394 1115 2460 sed
1139 2396 1298 2460 sententia
1320 2395 1381 2460 hac
1404 2396 1508 2461 forma
1530 2394 1636 2480 proba

400 2504 448 2565 est
478 2521 538 2566 nec
565 2501 800 2585 vituperabilis:
833 2513 994 2567 ναυτιῶσι
1022 2500 1076 2567 καὶ
1105 2501 1216 2578 ἁπλῶς
1244 2501 1436 2586 ἀφορῶντες
1463 2503 1547 2586 πρὸς
1573 2503 1637 2585 τὴν

400 2606 576 2673 θάλασσαν
598 2607 629 2671 11.
649 2630 674 2671 e.
697 2612 854 2671 nauseant
874 2608 959 2673 nihil
981 2610 1045 2674 nisi
1068 2612 1310 2694 prospectantes
1334 2612 1478 2694 pontum.
1515 2608 1564 2672 De
1582 2609 1634 2673 his

400 2713 519 2797 verbis,
546 2714 580 2778 in
604 2714 721 2799 quibus
745 2715 849 2780 inesse
872 2716 1040 2798 sentimus,
1069 2716 1156 2799 quod
1179 2716 1387 2800 interpretem
1411 2717 1514 2802 magis
1537 2737 1634 2800 quam

359 2843 386 2884 so
400 2826 560 2888 oratorem
592 2824 649 2885 aut
678 2820 868 2906 scriptorem
895 2822 1125 2907 philosophum
1154 2823 1277 2908 deceat,
1304 2821 1573 2889 Wilamowitzius
1600 2827 1634 2889 et

399 2928 575 2994 Roemerus
594 2933 753 3016 negarunt
771 2930 889 2994 certius
909 2929 1086 2995 existimari
1105 2952 1201 3014 posse
1219 2930 1283 2995 nisi
1301 2930 1418 2997 horum
1437 2932 1634 2997 scholiorum

397 3040 514 3100 natura
533 3036 699 3121 operosius
718 3035 893 3121 explorata
927 3036 1015 3113 Quae
1034 3038 1138 3122 qualis
1158 3039 1201 3103 sit
1219 3040 1462 3123 utaperiamus,
1481 3060 1522 3103 ne
1535 3038 1635 3103 nimis

397 3144 494 3229 longe
518 3144 747 3227 exspatiemur,
771 3145 850 3208 satis
873 3146 942 3227 erit,
967 3146 1146 3228 opinamur,
1169 3168 1349 3231 proponere
1372 3167 1409 3210 ea
1432 3168 1514 3230 quae
1536 3146 1634 3209 inter·

397 3273 470 3335 pres
494 3251 535 3315 ad
557 3251 616 3315 has
639 3252 866 3316 similitudines
885 3251 925 3315 ab
945 3251 1121 3317 Aristotele
1140 3256 1341 3317 enumeratas
1361 3252 1533 3318 adnotavit.
1558 3252 1633 3317 1114

400 3357 485 3425 1406
500 3359 521 3422 b
536 3358 579 3422 26

558 3464 644 3532 εἰσὶν
668 3464 705 3530 δ’
724 3468 849 3553 εἰκόνες
867 3458 941 3532 οἷον
960 3467 1003 3550 ἣν
1016 3465 1214 3551 Ἀνδροτίων
1233 3470 1280 3544 τίς
1294 3466 1424 3553 Ἱδριέα,
1448 3467 1500 3532 ὅτι
1520 3468 1635 3548 ὅμοιος

558 3584 627 3649 τοῖς
647 3572 682 3638 έκ
701 3584 769 3638 τῶν
788 3575 919 3658 δεσμῶν
933 3575 1111 3650 κυνιδίοις·
1132 3572 1241 3639 ἐκεῖνά
1255 3598 1290 3640 τε
1304 3577 1368 3661 γάρ
1383 3575 1631 3659 προσπίπτοντα

558 3681 704 3764 δάκνειν,
723 3681 778 3745 καλ
793 3678 915 3764 Ἰδριέα
934 3680 1082 3746 λυθέντα
1101 3680 1137 3745 έκ
1150 3692 1217 3746 τῶν
1232 3683 1365 3765 δεσμῶν
1379 3672 1464 3746 εἶναι
1478 3682 1635 3765 χαλεπόν,

398 3786 504 3852 Schol.
526 3787 598 3871 178,
619 3786 709 3852 1511.
732 3788 851 3870 ἥντινα
874 3790 986 3853 εἰκόνα
1009 3786 1027 3852 ὁ
1046 3786 1251 3874 Ἀνδροτίων
1273 3794 1321 3865 εἰς
1343 3790 1403 3857 τὸν
1427 3786 1534 3873 ίδριέα
1556 3788 1631 3869 ἢτοι

357 3921 383 3961 so
558 3896 782 3979 συκοφάντην,
806 3894 857 3959 ὅτι
881 3894 898 3960 ὁ
924 3896 1050 3978 ίδριεὺς
1072 3894 1185 3977 ὅμοιός
1203 3894 1273 3961 ἐστι
1291 3907 1361 3972 τοῖς
1379 3897 1544 3971 κυνιδίοις
1561 3904 1635 3970 τοῖς

556 4002 779 4068 ἀπολυθεῖσιν
802 4001 929 4066 ἐκτῶν
953 4002 1094 4086 δεσμῶν,
1117 4000 1172 4067 καὶ
1195 4002 1213 4067 ὁ
1238 4004 1365 4088 ίδριεὺς
1388 4000 1570 4078 ἀπολυθεὶς
1593 4000 1633 4067 ἐκ

557 4120 623 4174 τῶν
637 4110 779 4192 δεσμῶν,
793 4110 866 4193 ἤτοι
881 4110 913 4173 εί
925 4107 1137 4193 ἀπολύσομεν
1152 4108 1187 4175 έκ
1202 4118 1262 4175 τοῦ
1275 4111 1514 4194 δεσμωτηρίου,
1528 4110 1633 4173 πάλιν

555 4216 755 4299 καταβλάυει
779 4215 876 4299 ἡμᾶς·
899 4214 920 4299 ἢ
940 4217 977 4281 τὸ
995 4214 1133 4301 Ἱδριεὺς
1151 4216 1294 4300 ληπτέον
1313 4216 1357 4294 ὡς
1376 4218 1481 4301 ὄνομα
1499 4216 1629 4299 κύριον.

394 4321 540 4407 Apparet
568 4323 752 4407 interpreti,
781 4323 837 4407 qui
863 4322 947 4387 nihil
969 4322 1034 4387 nisi
1058 4322 1323 4387 circumscribens
1347 4345 1428 4407 quae
1452 4321 1534 4387 dixit
1556 4320 1632 4385 Ari·

395 4430 528 4495 stoteles
557 4430 683 4513 dilatat,
711 4434 838 4514 praeter
865 4452 903 4495 ea
929 4429 1014 4495 nihil
1036 4433 1149 4494 notum
1172 4430 1287 4515 fuisse,
1314 4434 1528 4514 poterantque
1550 4429 1631 4493 haec

394 4536 434 4600 ad
458 4538 528 4621 ipsa
551 4538 730 4602 rhetoricae
752 4538 851 4602 verba
873 4540 908 4602 in
931 4537 1077 4624 margine
1101 4536 1261 4622 adscripta
1285 4559 1361 4602 esse.

453 4642 532 4707 bra
556 4644 610 4709 καὶ
639 4645 683 4721 ῶς
708 4645 880 4728 Θεοδάμας
905 4645 1032 4723 εἴκαζεν
1050 4642 1250 4728 Ἀρχίδαμον
1273 4642 1408 4732 Εὐξένῳ
1431 4653 1633 4729 γεωμετρεῖν

556 4751 617 4816 οὐκ
635 4749 840 4840 ἐπισταμένῳ
860 4750 897 4815 ἐν
915 4759 960 4839 τῷ
976 4750 1158 4833 ἀνάλογον·
1179 4747 1271 4817 ἔσται
1290 4752 1353 4838 γάρ
1372 4748 1428 4816 καὶ
1447 4750 1465 4816 ὁ
1484 4749 1634 4828 Εὔξενος
1672 4765 1674 4769 ’

551 4856 747 4944 Ἀρχίδαμος
770 4860 997 4943 γεωμετρικός.
