3967 5725
343 1798 368 1838 1⁰

341 2868 368 2907 20

340 3935 366 3975 ³0

383 647 450 712 430
587 651 632 702 LI.
658 650 775 700 INDEX
793 648 1009 699 LEOTIONUM
1027 647 1270 699 HIBERNARUM
1290 646 1422 716 1901J02.

384 832 465 894 quae
484 810 577 874 affert
598 808 727 875 Servius
746 810 786 874 ad
808 810 869 873 111
891 809 935 873 ‘et
956 809 1097 874 cereale
1118 809 1254 874 satum:
1277 809 1377 874 soburu
1397 809 1512 873 citatur
1530 829 1620 872 oruue

382 918 465 1000 quod
486 917 611 999 aliquid
636 919 778 1000 sustiuet,
809 917 893 981 uude
915 917 953 981 cte
975 918 1061 980 uari
1083 937 1181 999 supra
1210 918 1258 980 ait
1287 915 1620 996 “subtrahiturque

381 1024 536 1103 saturu’',
563 1026 609 1089 sic
630 1045 714 1089 uuuc
734 1024 886 1105 pauiuas
912 1016 1039 1090 mussas
1060 1025 1095 1088 ici
1121 1029 1165 1088 est
1192 1023 1355 1105 epularum
1378 1022 1619 1088 sustentacuhuu

382 1132 499 1197 solum
521 1131 660 1196 rocarh?
699 1130 823 1207 Quibus
847 1129 995 1195 addimus
1015 1152 1096 1214 quae
1115 1130 1155 1195 ad
1175 1133 1311 1195 alterum
1331 1127 1492 1195 Aeneidos
1511 1131 1618 1194 locum

385 1237 522 1326 (ν197)

855 1345 911 1410 otti
933 1347 1100 1409 certarruue
1122 1364 1243 1409 summo

517 1452 745 1518 Procumbunt:
768 1453 866 1517 acatis
888 1452 992 1517 tremit
1015 1451 1124 1516 ictibus
1147 1471 1239 1516 auca
1256 1452 1377 1534 praua

408 1558 471 1624 199
518 1558 826 1640 subtrahiturque
848 1559 965 1624 soturu

382 1666 467 1731 idem
491 1663 622 1730 Servius
649 1664 829 1730 adnotavit:
862 1664 1187 1746 ‘subtrahiturque
1213 1664 1346 1730 notura:
1378 1665 1545 1747 uuicuique
1571 1666 1619 1730 rei

382 1773 466 1856 quod
486 1773 622 1838 subiacet
642 1772 759 1838 sotum
782 1778 826 1838 est
848 1773 946 1837 eicui
967 1771 1118 1837 subiacet
1141 1772 1225 1836 uude
1242 1777 1287 1837 est
1301 1772 1402 1836 satura
1420 1773 1513 1836 navis
1531 1792 1619 1836 mare

375 1886 411 1944 et
432 1900 487 1945 aer
504 1881 629 1945 coium:
652 1885 681 1944 et
697 1884 741 1945 cet
758 1879 883 1945 ruburu
901 1881 991 1943 cuius
1004 1879 1171 1960 perhccicta
1189 1879 1379 1961 siquiqtcatio
1390 1899 1451 1959 per
1468 1884 1618 1944 uaturaru

382 1983 477 2073 (non)
505 1985 683 2051 iuaeuitur?
728 1983 821 2050 Adde
850 1983 974 2050 Goetzii
1004 2006 1119 2070 corpus
1148 1987 1328 2071 glossarum
1356 1984 1543 2049 Latinarum
1567 2003 1617 2049 vn

381 2116 411 2178 p.
431 2093 506 2158 278.
552 2093 604 2158 Ex
631 2092 684 2157 his
712 2096 820 2157 autem
844 2093 917 2176 quis
939 2113 1006 2156 non
1029 2091 1118 2157 videt
1139 2112 1235 2176 posse
1264 2093 1361 2156 etiam
1385 2091 1424 2156 de
1451 2092 1533 2157 ocuti
1553 2092 1617 2158 sobo

383 2200 460 2286 dici,
487 2223 528 2266 ue
552 2199 590 2264 de
615 2221 693 2265 cavo
718 2199 803 2265 oculi
827 2200 949 2286 cogites
973 2199 1060 2282 qnod
1083 2198 1222 2263 alienum
1246 2201 1304 2263 est.
1349 2198 1495 2284 Eamque
1519 2198 1617 2285 signi-

381 2308 564 2374 ficationem
579 2307 668 2372 vocis
682 2305 871 2371 videbamur
888 2306 983 2372 nobis
1002 2306 1189 2371 confirmare
1208 2327 1303 2391 posse
1322 2289 1469 2389 exemplo
1485 2305 1616 2372 Graeco,

381 2414 527 2480 Dicimus
550 2415 631 2479 haec
653 2436 735 2498 quoe
758 2417 834 2478 sunt
857 2414 892 2479 in
915 2412 1016 2478 Iliade
1040 2411 1115 2500 (mv
1133 2410 1215 2499 493)

516 2523 576 2586 τὸν
599 2519 674 2585 τόθ’
701 2518 758 2585 ὑπ’
785 2519 913 2605 ὀφρύος
936 2515 1019 2586 οὖτα
1042 2517 1120 2584 κατ’
1148 2518 1377 2605 ὀφθαλμοῖο
1401 2519 1593 2604 θέμεθλα,

516 2626 552 2693 bu
577 2626 606 2693 θ’
635 2622 699 2692 ὦσε
723 2629 863 2711 γλήνην·
888 2628 971 2712 ὀόρυ
996 2625 1026 2690 δ’
1054 2626 1248 2712 ὀφθαλμοῖο
1272 2628 1392 2711 διαπρὸ

516 2732 570 2798 καλ
595 2735 651 2798 dcii
675 2735 764 2799 iuiov
788 2727 905 2817 ἦλθεν,
929 2733 947 2798 ὁ
972 2733 1004 2798 d'
1029 2733 1116 2812 ἕζετο
1140 2745 1228 2819 χεῖρε
1251 2734 1415 2814 πετάσσας

517 2842 624 2927 άμφω.

382 2948 508 3027 Quibus
532 2949 732 3015 adnectimus
756 2949 866 3013 statim
890 2948 1027 3013 similem
1049 2950 1157 3015 locum
1181 2949 1318 3014 alterum
1342 2948 1431 3037 (xvn
1448 2948 1507 3036 45)

708 3055 726 3121 ὁ
751 3056 788 3121 δέ
812 3056 966 3141 δεύτερος
988 3057 1119 3142 ὤρνυτο
1143 3062 1251 3145 χαλκῷ

509 3161 674 3248 Ἀτρείδης
696 3161 881 3246 Μενέλαος,
905 3161 1125 3245 ἐπευξάμενος
1147 3162 1207 3229 Aa
1231 3166 1340 3248 πατρί,

515 3269 562 3349 ἂν
586 3268 616 3335 d’
644 3268 900 3355 ἀναχαζομένοιο
924 3272 1019 3335 κατὰ
1041 3270 1254 3355 στομάχοιο
1277 3270 1456 3356 θέμεθλα

514 3376 599 3460 νύξ’,
623 3375 675 3442 ἐπὶ
700 3375 729 3443 d'
757 3377 858 3454 αὐτὸς
880 3373 987 3461 ἔρεισε
1010 3378 1126 3463 βαρείῃ
1151 3378 1236 3462 χειρὶ
1259 3380 1417 3462 πιθήσας·

514 3483 654 3569 ἀντικρὺ
680 3481 711 3547 d’
738 3483 878 3549 ἁπαλοῖο
902 3482 946 3548 δι’
974 3483 1113 3569 αὐχένος
1126 3483 1236 3569 ’ἤλυθ’
1265 3485 1383 3568 ἀκωκή.

379 3590 433 3655 Ad
452 3612 533 3675 quae
552 3591 675 3655 suntin
695 3590 827 3656 scholiis
841 3579 980 3656 Bekkeri
1000 3591 1041 3655 ad
1059 3593 1167 3675 priora
1185 3592 1277 3657 haec:
1296 3590 1459 3677 θέμεθλαι
1479 3594 1614 3677 βάσεις

381 3694 436 3783 ἐφ’
460 3692 513 3764 ὧν
535 3698 728 3782 ἥόρασται
752 3696 770 3762 b
793 3696 1000 3781 ὀφθαλμός
1023 3697 1061 3763 D.
1081 3698 1179 3764 θέσιν
1199 3698 1292 3784 ῥίζαν
1310 3701 1463 3785 θεμέλια·
1486 3702 1614 3784 γλήνην

380 3801 418 3869 dt
440 3805 502 3888 τὴν
524 3806 627 3888 κόρην
649 3810 709 3869 κτλ
732 3803 800 3889 BL,
826 3805 864 3869 ed
889 3804 990 3870 alteru
1018 3810 1125 3870 autem
1148 3806 1326 3891 στομάχοιο
1349 3805 1513 3891 θέμεθλαε
1541 3824 1612 3872 στο-

379 3912 487 3996 μάχου
509 3911 662 3994 θέμεθλα
685 3911 725 3976 οὐ
749 3910 837 3994 λέγει
861 3911 898 3975 τὸ
922 3914 1028 3996 στόμα
1051 3920 1107 3994 τῆς
1127 3915 1254 3989 κοιλίας
1278 3913 1362 3977 ἀλλὰ
1379 3914 1439 3980 τὸν
1458 3917 1613 4000 βρόγχον,

379 4008 454 4083 οἷον
481 4019 526 4083 τά
553 4014 696 4103 ἔσχατα
722 4016 817 4103 μέρη
841 4026 911 4082 τοῦ
935 4022 1091 4099 λαιμοῦ·
1119 4016 1271 4105 ἐπιφέρει
1293 4030 1378 4103 γοῦν
1401 4019 1553 4106 ’ἀντικρὺ
1578 4019 1608 4086 δ’

380 4123 518 4190 άπαλοῑο
544 4122 585 4189 δι’
610 4122 769 4208 αὐχένος.’
802 4124 953 4206 θέμεθλα
976 4124 1014 4189 δέ
1037 4125 1057 4209 ἡ
1076 4125 1171 4203 θέσις
1191 4124 1228 4190 Α.
1262 4124 1386 4203 Quibus
1406 4128 1433 4191 si
1453 4127 1611 4193 addideris

380 4253 462 4315 qnae
484 4231 540 4296 alii
563 4231 765 4318 grammatici
787 4230 934 4315 tradunt,
961 4234 1003 4297 τά
1030 4231 1182 4318 θέμεθλα
1205 4254 1272 4299 esse
1300 4236 1341 4299 τά
1364 4230 1508 4319 έσώτερα
1530 4233 1611 4321 μέρη

379 4339 447 4403 sive
470 4339 511 4403 τά
535 4337 571 4403 έν
589 4339 701 4422 βάθει,
724 4339 788 4403 iam
806 4358 908 4423 paene
926 4338 1096 4424 dispicitur
1115 4339 1297 4425 ὀφθαλμοῦ
1315 4341 1467 4425 θέμεθλα
1485 4343 1519 4406 in
1539 4363 1611 4407 eum

379 4466 506 4510 sensnm
536 4444 599 4509 dici
627 4467 722 4529 quem
750 4444 867 4511 habore
893 4446 993 4511 schira
1020 4446 1102 4512 auiti
1127 4446 1335 4530 probavimus
1364 4451 1396 4512 st
1423 4446 1611 4513 Peniculum

380 4573 453 4617 oum
471 4551 534 4617 hoo
553 4550 661 4617 iubeat
678 4550 923 4617 Menaechmum
941 4553 1063 4618 οοαίινια
1083 4554 1212 4635 ecfodito
1230 4574 1290 4636 qur
1307 4554 1407 4619 sotum
1426 4555 1489 4619 hoc
1507 4555 1612 4621 <licere

379 4677 452 4721 oum
470 4657 612 4743 pondere
631 4658 771 4724 ‘oculum
790 4658 930 4725 ecfodito
945 4660 1025 4724 mihi
1040 4660 1169 4744 penitus
1184 4681 1241 4743 per
1254 4661 1389 4726 intimus·
1399 4661 1469 4726 eius
1482 4662 1611 4747 partes’.

380 4762 445 4828 Sor.
465 4786 506 4828 m.
524 4762 628 4849 April
648 4787 674 4829 a.
693 4781 855 4831 nnccco1.

887 4910 1101 4918 ————.

1629 3378 1668 3435 18
