3967 5725
602 657 782 710 SERMONIS
801 659 997 711 PLATONICI
1016 659 1310 713 OBSERVATIONES
1329 664 1364 712 Π.
1550 661 1616 726 393

382 819 519 883 versiam
538 840 698 884 vocemus.
732 817 802 896 Quo
821 820 925 904 magis
944 825 1053 885 autem
1072 843 1173 908 genus
1193 823 1300 906 ipsum
1314 825 1456 907 palefiel‚
1473 824 1616 909 primum

381 925 461 990 haee
484 926 656 990 afferimus.
1416 965 1423 976 =
1563 934 1566 940 '

516 1032 639 1118 Legum
657 1052 670 1097 1
688 1056 719 1117 p.
741 1034 791 1117 10,
810 1035 852 1098 28
877 1034 1004 1118 ἀνάγκη
1028 1037 1087 1100 τὸν
1110 1037 1298 1122 νομοθέτην
1322 1039 1380 1116 τὰς
1402 1043 1532 1124 κτήσεις
1551 1051 1618 1105 τῶν

595 1143 820 1206 πολιτῶνκαὶ
843 1143 883 1205 τά
907 1141 1105 1227 ἀναλώματα
1129 1145 1320 1228 φυλάττειν,
1344 1145 1467 1212 ὅντιν’
1493 1145 1540 1212 ἀν
1559 1151 1617 1230 γί-

587 1273 737 1332 -γνηται
760 1251 907 1330 τρόπον
930 1254 997 1315 κτλ.

517 1353 663 1438 Sympos.
678 1378 709 1439 p.
726 1356 755 1438 1,
769 1355 789 1419 8
808 1352 946 1440 έναγχός
965 1372 1002 1420 σε
1018 1355 1154 1440 ἐζήτουν
1168 1360 1373 1440 βουλόμενος
1387 1360 1617 1426 διαπυθέσθαι

596 1464 657 1546 τὴν
680 1461 869 1545 Ἀγάθωνος
902 1465 1089 1528 συνουσίαν
1121 1462 1176 1529 καὶ
1204 1467 1405 1550 Σωκράτους
1437 1466 1492 1532 καὶ
1516 1466 1617 1533 Ἀλκι-

596 1568 717 1652 βιάδου
736 1571 791 1634 καί
809 1582 877 1635 τῶν
896 1571 1008 1635 ἀλλων
1026 1581 1093 1635 τῶν
1112 1573 1184 1636 τότε
1204 1571 1240 1637 έν
1255 1580 1299 1660 τῷ
1312 1575 1501 1662 συνδείπνῳ
1515 1597 1617 1660 παρα-

597 1675 786 1761 γενομένων
808 1677 883 1762 περὶ
907 1688 974 1742 τῶν
998 1675 1166 1761 ἐρωτικῶν
1191 1683 1314 1763 λόγων,
1337 1683 1443 1758 τίνες
1466 1677 1572 1765 ἦσαν.

410 1839 413 1842 ,
515 1781 593 1847 Ione
607 1806 639 1867 p.
655 1781 707 1867 55,
722 1783 763 1847 37
784 1784 866 1849 ὅταν
883 1789 1018 1849 πολλῶν
1037 1788 1204 1868 λεγόντων
1222 1785 1298 1870 περὶ
1317 1787 1476 1872 ὑγιεινῶν
1492 1793 1616 1873 σιτίων,
1631 1821 1658 1860 10

596 1889 861 1974 ὁποῑάέστιν,
885 1881 932 1967 εἷς
955 1917 1005 1968 τις
1029 1893 1148 1976 ἀριστα
1172 1892 1259 1980 λέγη.

434 2027 436 2029 ·
515 1997 708 2082 Euthydem.
718 2020 748 2081 p.
760 1998 841 2082 321
857 1994 878 2082 ᾗ
893 1997 948 2064 καὶ
963 2000 1155 2064 τὰτοιαῦτα
1170 1999 1416 2088 (ἐπίστασθον),
1436 2006 1513 2080 τοὺς
1528 2003 1618 2069 ἀστέ-

596 2129 666 2190 ρας,
691 2104 831 2171 ὁπόσοι
855 2109 949 2189 είσί,
972 2105 1028 2172 καί
1051 2107 1111 2191 τὴν
1136 2108 1254 2192 ἀμμον.

515 2211 631 2295 Lysiae
650 2211 746 2296 31,3
775 2211 838 2297 ἐγὼ
867 2223 987 2279 τοῦτον
1016 2212 1134 2296 ἐλέγξω
1163 2204 1246 2290 οἷός
1275 2213 1371 2300 ἑστι;
1403 2217 1425 2280 4
1453 2217 1505 2281 δεῖ
1532 2217 1617 2302 ὑμᾶς

595 2320 671 2404 περὶ
694 2319 799 2384 αὐτοῦ
822 2318 936 2396 ὁποῖός
960 2318 1029 2385 ε’στι
1054 2319 1249 2399 σκέψασθαι.
1287 2323 1325 2386 of.
1345 2322 1402 2407 30,
1422 2323 1450 2387 6.

514 2426 638 2512 Legum
657 2445 670 2490 1
688 2449 719 2510 p.
741 2427 796 2510 18,
815 2427 855 2490 21
887 2416 961 2491 οίον
987 2426 1019 2491 εί
1040 2452 1090 2504 τις
1114 2426 1347 2506 ἐπαινέσαντός
1369 2453 1461 2507 τινος
1483 2431 1617 2514 τυρούς,

595 2535 713 2619 βρῶμα
732 2535 776 2610 ὡς
795 2533 936 2617 ἀγαθόν,
955 2534 1062 2611 εὐθὺς
1078 2534 1176 2619 ψέγοι
1191 2537 1234 2620 μὴ
1249 2537 1498 2622 διαπυθόμενος
1513 2539 1617 2603 αὐτοῦ

595 2643 676 2725 μήτε
698 2643 760 2725 τὴν
779 2640 939 2726 ἐργασίαν
957 2645 1037 2726 μήτε
1056 2644 1116 2727 την
1137 2643 1348 2729 προσφοράν,
1372 2644 1511 2710 ὅντινα
1529 2647 1617 2729 τρό-

595 2771 670 2813 πον
697 2746 760 2813 καὶ
789 2738 941 2814 οἷστισι
969 2748 1033 2814 καὶ
1062 2748 1145 2832 μεθ’
1179 2742 1232 2817 ὧν
1259 2751 1322 2816 καὶ
1351 2751 1454 2828 ὅπως
1476 2748 1616 2835 έχοντα

595 2853 659 2922 καὶ
683 2856 785 2933 ὅπως
808 2855 1055 2942 προσφέρειν
1076 2853 1254 2942 ἔχουσιν,

381 2962 412 3027 h.
427 2985 453 3027 e.
472 2964 533 3047 την
551 2964 761 3048 προσφοράν,
780 2963 896 3028 ὅντινα
914 2967 1040 3049 τρόπον
1057 2966 1261 3049 προσφέρειν
1280 2964 1392 3053 (ἐστί);
1412 2989 1516 3051 neque
1531 2970 1617 3033 enim

381 3069 547 3157 Madvigio
579 3070 791 3138 accedendum
825 3070 1031 3156 προσφέρειν
1063 3072 1201 3154 delenli,
1238 3074 1324 3156 quod
1356 3075 1410 3138 vix
1444 3074 1617 3140 desiderari

381 3200 476 3261 posse
503 3177 538 3241 in
564 3177 626 3244 hae
654 3180 798 3243 oratione
827 3178 952 3263 eredas,
982 3200 1088 3261 oeque
1116 3200 1192 3243 vero
1221 3199 1259 3242 eo
1286 3180 1359 3243 looo
1387 3180 1530 3263 posilum
1559 3180 1617 3244 im-

382 3285 492 3368 pedire
515 3286 686 3368 quominus
710 3289 795 3351 recle
817 3285 1020 3371 intelligatur
1043 3284 1131 3361 ὅπως
1154 3281 1273 3369 ἔχοντα
1291 3286 1345 3350 καὶ
1365 3286 1454 3362 ὅπως
1471 3283 1616 3371 ἔχουσιν.

517 3389 639 3477 Gorgia
655 3415 686 3476 p.
706 3391 778 3475 5‚1
808 3393 850 3475 νὴ
878 3394 939 3476 τὴν
958 3390 1084 3474 Ἥραν,
1117 3387 1142 3455 ὦ
1172 3395 1311 3477 Γοργία,
1344 3394 1470 3477 ἀγαμαί
1494 3418 1532 3476 γε
1554 3396 1617 3471 τάς

596 3498 798 3584 ἀποκρίσεις,
822 3500 873 3565 ὅτι
896 3500 1070 3585 ἀποκρίνει
1093 3500 1138 3576 ὡς
1160 3490 1234 3565 οἷόν
1256 3523 1292 3565 τε
1315 3500 1371 3565 διά
1390 3501 1615 3586 βραχυτάτων.

381 3603 420 3670 ln
442 3605 494 3670 his
518 3628 646 3689 quoque
670 3606 757 3689 quod
780 3628 945 3691 superesse
968 3606 1139 3672 videbatur
1159 3629 1225 3671 non
1243 3608 1422 3673 tolerarunt
1441 3608 1541 3674 doctis
1565 3631 1616 3673 ex·

382 3713 477 3797 pulso
499 3714 783 3797 interpretamento
808 3735 880 3778 oum
899 3713 1086 3799 Hirsohigio
1106 3714 1303 3779 Harlmsnus
1322 3714 1496 3801 (Emblem.
1511 3739 1541 3801 p.
1558 3714 1615 3803 94)
1690 3772 1697 3786 .

382 3821 429 3884 sic
452 3819 549 3885 scribi
572 3818 669 3884 iussit
692 3821 816 3904 ἀγαμαί
838 3819 877 3903 γε’
898 3840 962 3886 σου
985 3822 1036 3886 ὅτι
1058 3820 1230 3906 ἀποκρίνει
1249 3826 1316 3886 κτλ.
1351 3820 1443 3887 Certe
1463 3845 1500 3887 eo
1520 3822 1616 3887 modo

381 3928 510 3991 loculus
538 3930 586 3990 est
615 3924 763 3991 Socrates
791 3927 825 3990 in
852 3926 976 4012 Hippia
1004 3930 1125 3993 maiore
1152 3951 1182 4012 p.
1210 3928 1267 4013 15,
1284 3929 1328 3993 24
1356 3932 1397 4013 νὴ
1426 3930 1487 4013 τὴν
1506 3928 1617 4014 Ἥραν
1630 3958 1657 3997 ιο

381 4035 508 4117 ἀγαμαί
529 4051 592 4099 σου
615 4034 665 4099 ότι
689 4058 745 4118 μοι
770 4035 880 4110 δοκεῖς
903 4034 1062 4111 εὐνοικῶς
1085 4038 1235 4119 βοηθεῖν.
1274 4034 1337 4100 Sed
1359 4036 1442 4101 idem
1464 4035 1550 4120 quod
1569 4036 1616 4100 ita

382 4140 461 4205 dicit
484 4141 518 4204 in
540 4138 704 4227 Apologia
726 4163 756 4223 p.
774 4139 873 4218 59‚2
897 4140 995 4225 ὁρᾶτε
1018 4144 1081 4226 γάρ
1105 4143 1146 4225 δὴ
1170 4144 1402 4227 τὴνὴλικίαν,
1426 4142 1477 4208 ὅτι
1500 4146 1615 4228 πόρρω

381 4248 444 4330 ἤδη
469 4246 539 4312 ἐστὶ
562 4255 623 4312 τοῦ
645 4248 733 4329 βίον,
756 4248 856 4311 tutari
878 4247 1028 4311 traditam
1053 4250 1190 4313 formem
1214 4250 1367 4315 videelur.

515 4353 639 4437 Hippia
662 4353 784 4439 moip.
806 4352 901 4436 7,16
929 4352 1004 4438 περὶ
1033 4365 1100 4419 τῶν
1128 4366 1235 4438 γενῶν
1263 4368 1330 4422 τῶν
1357 4380 1391 4421 τε
1420 4356 1538 4441 ἡρώων
1560 4355 1615 4421 καὶ

596 4471 663 4525 τῶν
687 4459 877 4544 ἀνθρώπων
899 4459 954 4525 καὶ
978 4472 1045 4525 τῶν
1068 4463 1292 4545 κατοικίσεων,
1317 4464 1365 4540 ὡς
1388 4464 1429 4528 τὸ
1451 4462 1623 4548 ἀρχαῖον

598 4566 840 4650 ἐκτίσθησαν
863 4568 902 4631 αἱ
926 4570 1069 4643 πόλεις.
1304 4576 1305 4582 ’

381 4672 471 4738 Ηιιοο
498 4673 722 4758 praemisimus
751 4674 779 4736 si
802 4673 1083 4759 forle'oontigerit
1106 4675 1266 4740 vindicare
1291 4698 1374 4760 quae
1398 4680 1524 4763 soripla'
1541 4682 1616 4743 sunt

381 4779 416 4842 in
439 4777 517 4845 Ione
540 4802 570 4865 p.
588 4779 641 4863 55,
663 4781 702 4844 11

544 4886 585 4951 οὐ
613 4887 688 4969 περὶ
715 4885 863 4970 πολέμου
890 4910 924 4951 τε
952 4888 992 4953 τά
1016 4889 1122 4954 πολλὰ
1146 4890 1345 4973 διελήλυθεν
1368 4889 1537 4978 (Ὅμηρος)
1560 4890 1615 4957 καὶ
