3967 5725
764 602 814 651 na
832 600 1015 653 suammrs
1032 600 1213 652 annonas.
1555 594 1600 659 55

359 763 541 827 liberorum
568 748 694 843 tantum
723 764 836 829 caedes
864 784 901 827 ac
929 785 993 828 uon
1018 763 1120 846 ipsius
1144 783 1274 845 quoque
1297 765 1331 825 et
1352 759 1600 844 Amphitryonis

358 873 528 955 ageretur,
552 891 633 953 quaa
656 874 764 934 tamen
787 870 897 935 statim
920 869 1029 933 omnia
1051 868 1267 952 complectens
1291 869 1376 932 dicat
1399 874 1402 879 ’
1491 917 1493 922 .

528 971 554 1040 ὦ
578 974 678 1059 τέκν’,
701 976 853 1060 ἀγόμεθα
877 979 990 1059 ζεῦγος
1012 975 1054 1040 οὐ
1077 975 1181 1040 καλὸν
1203 986 1345 1059 νεκρῶν,

528 1082 613 1167 ὁμοῦ
637 1082 790 1166 γέροντες
811 1080 867 1148 καὶ
891 1082 961 1147 νέοι
985 1084 1040 1147 καί
1062 1080 1208 1166 μητέρες.

359 1192 412 1253 ‚At
434 1190 486 1253 his
508 1211 618 1254 rursus
643 1211 724 1273 quae
748 1189 964 1254 subiiciuntur
988 1187 1068 1275 (456
1079 1186 1141 1275 sq.)

528 1293 553 1361 ὦ
577 1306 678 1381 μοῖρα
702 1294 895 1361 δυστάλαιν’
921 1295 982 1378 ἐμή
1005 1296 1118 1360 τεκαὶ
1141 1294 1267 1361 τέκνων

526 1401 638 1487 τῶνδ’,
661 1403 721 1479 οὓς
743 1401 930 1468 πανύστατ’
953 1406 1098 1487 ὄμμασιν
1121 1402 1382 1487 προσδέρκομαι,

358 1511 423 1595 oui
450 1510 635 1593 attenderit,
663 1514 795 1574 matrem
825 1509 987 1575 videbitur
1010 1510 1120 1573 audire
1144 1531 1225 1593 quae
1250 1510 1312 1575 sibi
1335 1510 1421 1574 filios
1444 1532 1525 1594 quos
1549 1532 1602 1594 pe-

358 1618 485 1701 pererit
503 1617 646 1681 violenta
662 1639 741 1682 nece
759 1618 878 1681 auferri
897 1620 1121 1701 conqueratur,
1139 1639 1205 1681 non
1224 1639 1306 1701 quae
1325 1618 1395 1702 ipsa
1414 1617 1511 1682 simul
1529 1639 1602 1682 cum

358 1724 406 1788 iis
434 1727 571 1788 mortem
600 1723 728 1788 obitura
751 1725 802 1789 sit.
843 1724 887 1789 Et
914 1726 977 1789 hoc
1006 1746 1063 1808 per
1090 1725 1228 1808 primam
1255 1729 1380 1809 partem
1403 1723 1532 1789 fabulae·
1554 1725 1602 1789 ita
1615 1750 1643 1789 ιο

359 1835 588 1915 comparatum
612 1835 674 1914 est,
697 1835 742 1915 ut,
767 1831 914 1915 quamvis
936 1832 1057 1907 παῖδας
1076 1828 1294 1917 Ἡρακλείους
1315 1854 1381 1896 una
1402 1854 1476 1897 cum
1498 1835 1603 1896 matre

359 1943 399 2003 et
421 1938 522 2023 patris
545 1942 637 2021 patre
660 1939 792 2023 tyranni
815 1937 965 2023 superbia
987 1938 1120 2003 acerbae
1144 1939 1243 2003 morti
1262 1938 1404 2022 obiiciat,
1426 1943 1533 2004 tamen
1553 1938 1602 2002 illi

359 2046 446 2110 ,adeo
475 2046 589 2110 ceteris
606 2048 799 2130 ¹superiores
827 2049 906 2131 sint,
933 2051 971 2111 ut
998 2067 1093 2129 saepe
1121 2046 1183 2109 soli
1207 2044 1422 2130 appellentur,
1450 2046 1539 2110 velut
1561 2046 1604 2109 ab

360 2152 604 2237 Amphitryone
628 2176 656 2217 v.
675 2153 739 2218 317
756 2175 780 2217 s.
805 2157 837 2217 et
860 2153 939 2239 343,
962 2157 1019 2217 aut
1042 2175 1061 2216 a
1084 2151 1214 2217 senibus
1238 2152 1329 2217 chori
1353 2175 1380 2216 v.
1399 2152 1467 2217 430
1491 2151 1604 2236 στέγαι

360 2258 395 2323 «δ’
418 2256 534 2344 ἔρημοι
554 2262 672 2344 φίλων,
691 2260 753 2325 τάν
772 2258 801 2324 δ’
825 2259 1007 2343 ἀνόστιμον
1025 2258 1151 2323 τέκνων
1165 2259 1323 2342 Χάρωνος
1337 2257 1482 2342 ἐπιμένει
1496 2258 1604 2324 πλάτα

366 2370 444 2451 βίον
468 2366 633 2432 κέλευθον
656 2367 761 2432 άθεον
784 2368 902 2432 άδικον
926 2372 958 2430 et
976 2366 1052 2449 439,
1075 2364 1108 2429 et
1130 2367 1182 2429 vel
1200 2366 1246 2429 ibi
1264 2366 1322 2430 ubi
1340 2370 1405 2430 tres
1423 2370 1532 2449 partes
1551 2366 1605 2429 de-

367 2475 553 2559 signantur,
581 2477 689 2537 tamen
716 2495 834 2559 pueros
863 2474 1065 2559 potissimam
1094 2494 1176 2557 esse,
1204 2477 1241 2537 ut
1263 2477 1367 2557 erant,
1395 2476 1603 2559 agnoscatur:

329 2605 350 2659 ς
370 2580 480 2665 quales
504 2584 579 2645 sunt
602 2602 712 2645 versus
736 2580 779 2644 39
803 2584 836 2645 et
858 2582 912 2664 47,
935 2580 973 2644 de
998 2580 1115 2664 quibus
1138 2580 1200 2645 hoc
1224 2580 1311 2664 quod
1334 2580 1483 2645 volumus
1502 2579 1604 2644 Wila-

369 2689 547 2753 mowitaius
572 2688 642 2772 ipse
666 2686 841 2771 adnotavit,
864 2692 896 2752 et
920 2711 1001 2773 quae
1020 2686 1176 2751 Hercules
1195 2710 1245 2751 vv.
1265 2686 1388 2770 574sq.
1407 2686 1471 2752 577
1492 2692 1524 2751 et
1538 2686 1605 2751 580

368 2794 447 2859 dicit
476 2794 677 2859 memorabili
706 2795 861 2861 varietate
889 2818 965 2861 usus
994 2795 1050 2859 sed
1077 2799 1115 2859 ut
1141 2793 1261 2859 liberos
1289 2794 1469 2880 principem
1495 2797 1604 2859 locum
1619 2816 1648 2861 ao

302 2984 307 2993 Ι
367 2902 513 2967 obtinere
532 2906 693 2987 appareat.
730 2901 832 2968 Porro
847 2903 978 2988 Megara
997 2903 1074 2967 filiis
1092 2902 1242 2966 funebria
1260 2906 1296 2965 ut
1315 2902 1481 2986 impertire
1495 2903 1606 2968 liceret

366 3010 529 3094 flagitavit
547 3033 575 3074 r.
596 3009 661 3100 329
681 3012 807 3093 κόσμον
825 3011 928 3094 πάρες
945 3033 1003 3093 μοι
1022 3008 1116 3075 παισὶ
1136 3014 1337 3093 προσθεῖναι
1355 3021 1484 3093 νεκρῶν
1502 3031 1606 3094 eoque

366 3117 488 3181 vestitu
510 3115 641 3182 indutos
664 3116 784 3182 liberos
808 3119 1015 3202 conspicatur
1033 3115 1190 3181 Hercules
1208 3139 1237 3179 v.
1252 3115 1317 3180 525
1336 3118 1370 3180 τί
1387 3126 1495 3201 χρῆμα
1513 3115 1607 3182 τέκν’

364 3221 435 3306 δρῶ
467 3225 532 3307 πρὸ
566 3223 728 3304 δωμάτων
761 3228 933 3309 στολμοῖσι
964 3235 1093 3308 νεκρῶν
1125 3235 1247 3307 κρᾶτας
1279 3220 1507 3307 ἐξεστεμμένα,
1539 3221 1605 3288 548

365 3331 489 3410 κόσμος
508 3329 553 3394 δὲ·
564 3330 694 3394 παίδων
712 3333 761 3407 τίς
781 3331 837 3395 ὅδε
856 3330 1025 3416 νερτέροις
1043 3329 1190 3413 πρέπων,
1208 3334 1361 3414 putamus
1376 3329 1462 3394 enim
1475 3332 1606 3396 παίδων

367 3440 454 3500 recte
474 3437 629 3521 scriptum
650 3458 719 3501 esse
738 3459 841 3521 neque
857 3440 1028 3522 quicquam
1044 3437 1249 3502 efficiendum
1263 3460 1303 3500 ex
1318 3458 1356 3500 eo
1370 3438 1458 3520 quod
1472 3435 1607 3502 πέπλων

345 3545 403 3608 -in
428 3543 535 3608 codice
559 3565 667 3607 errore
691 3548 856 3608 exaratum
880 3548 930 3608 est
953 3567 1013 3628 pro
1032 3542 1219 3630 πρέπων*);
1243 3565 1346 3627 neque
1366 3543 1501 3628 impedit
1520 3544 1606 3627 quod

365 3649 500 3736 Megara
518 3651 733 3736 interroganti
752 3651 808 3714 illa
827 3648 960 3716 Herculi
979 3651 1152 3736 respondet
1169 3651 1321 3715 θανάτου
1340 3649 1410 3715 τάδ’
1433 3651 1496 3735 ἤδη
1515 3673 1607 3735 περι-

366 3755 475 3840 βόλαί
503 3755 693 3841 ἐνήμμεδα,
709 3764 763 3822 aut
788 3757 875 3841 quod
898 3757 1014 3840 Lycus,
1037 3779 1111 3821 cum
1129 3756 1278 3843 Megarae
1301 3757 1364 3821 hoc
1386 3758 1510 3841 petenti
1534 3779 1607 3821 con-

366 3863 467 3949 cedit,
498 3865 676 3950 generatim
708 3865 806 3928 verba
837 3864 916 3929 facit
944 3863 1010 3928 333
1042 3863 1217 3948 κοσμεῖσθ’
1251 3861 1316 3928 ἔσω
1349 3866 1507 3945 μολόντες
1536 3869 1605 3947 κτλ,
1620 3894 1650 3935 so

364 3970 454 4034 idem
476 3970 540 4036 702
551 3993 611 4054 sq.‹
630 3975 743 4054 Itaque
762 3974 800 4040 ut
818 3992 908 4034 senes
928 3970 1073 4034 Thebani
1093 3993 1127 4035 se
1145 3971 1350 4036 advenientes
1369 3971 1498 4036 funesta
1516 3976 1605 4036 veste

449 4133 575 4140 ..ω-.--

458 4235 521 4304 *27)
541 4233 776 4289 Wilamowitaius
795 4233 871 4290 enim
890 4235 964 4288 hunc
984 4251 1095 4288 versum
1113 4233 1205 4287 edidit

619 4321 723 4394 κόσμος
740 4322 772 4379 δὲ
790 4322 903 4378 πέπλων
921 4319 964 4386 τίς
983 4321 1030 4378 ὅδε
1049 4321 1190 4391 νερτέροις
1208 4320 1325 4391 πρέπων

364 4410 481 4468 πέπλων
500 4415 561 4483 (pro
580 4410 702 4483 παίδων)
720 4413 872 4468 restituens
889 4413 947 4467 sive
960 4412 1099 4482 recipiens
1115 4412 1191 4481 quod
1204 4415 1237 4466 A.
1252 4411 1398 4466 Nauckius
1413 4413 1443 4466 in
1457 4412 1508 4465 illa
1522 4412 1607 4466 docta

365 4515 487 4558 censura
506 4501 598 4570 operis
613 4501 864 4568 Wilamowitaiani
883 4503 913 4554 in
931 4501 1013 4556 libris
1032 4501 1203 4571 quibusdam
1216 4500 1330 4570 scriptis
1346 4504 1375 4555 et
1388 4501 1538 4569 impressis
1548 4501 1608 4569 legi

366 4593 498 4647 testatur.
532 4591 586 4646 Sed
606 4592 681 4660 quod
699 4591 730 4644 in
749 4593 873 4646 extremo
891 4607 972 4646 versu
991 4590 1104 4646 πέπλων
1118 4591 1255 4669 scriptum
1269 4592 1313 4646 est
1326 4590 1477 4657 innodiae,
1488 4590 1525 4665 Ιἰο
1540 4606 1610 4657 apo-

363 4679 485 4751 graphis
504 4683 661 4735 correctum
672 4679 802 4756 πρέπων,
822 4681 848 4734 ei
867 4680 954 4734 errori
973 4696 1008 4735 ne
1027 4679 1145 4733 nimium
1163 4679 1314 4748 tribuatur,
1334 4697 1357 4734 v.
1374 4685 1445 4754 925,

619 4757 702 4840 χορός
721 4769 757 4824 δὲ’
771 4767 961 4838 καλλίμορφος
980 4767 1100 4836 εἱστήκει
1117 4767 1231 4823 πέπλων

364 4861 515 4915 σκοπείτω
534 4861 576 4912 est
596 4859 627 4912 in
647 4859 752 4928 codice,
772 4857 790 4912 τ’
808 4842 1244 4913 Centeno-restitutam'rinvuv}
