3967 5725
572 659 821 712 ΑΘΕΤΟΥΜΕΝΑ
838 663 876 712 IN
897 619 1089 713 CICERONIS
1108 662 1361 714 ORATIONIBUS.
1524 661 1590 726 319

356 823 553 906 meluerunt,
581 821 789 887 coniectando
817 827 970 908 vagantes
998 826 1036 887 ut
1062 822 1182 887 assolet
1209 845 1243 888 ro
1271 845 1385 907 parum
1413 824 1590 910 intellecta3

302 924 342 992 lh
356 930 412 994 sed
439 951 477 993 ea
503 929 602 994 verba
629 931 739 1014 spuria
765 950 834 994 esse
861 929 999 1014 primus,
1026 929 1061 993 ni
1088 929 1246 1008 ieilimur,
1274 930 1456 1016 Madvigius
1479 933 1590 1016 posuit

355 1035 593 1120 Muellerusque
625 1034 773 1121 credidit3
804 1036 933 1120 putavit
960 1036 1047 1100 enim
1062 1035 1126 1100 ¹his
1154 1036 1260 1101 verbis
1288 1043 1505 1104 enarratorem
1533 1039 1590 1104 ali·

356 1164 452 1226 quem
484 1144 685 1227 superiorum
718 1143 922 1228 sententiam,
955 1143 1074 1227 quibus
1107 1165 1188 1227 quae
1217 1143 1333 1209 Caesar
1366 1145 1444 1210 bene
1477 1147 1589 1212 feeerit

357 1249 492 1315 Rabirio
516 1254 758 1334 enumerantur,
780 1250 930 1316 meum
953 1251 1077 1333 excepit,
1099 1271 1239 1316 corruere
1260 1273 1324 1317 non
1346 1254 1427 1333 sicit
1448 1255 1590 1334 futeitet

354 1358 505 1422 sustinuit
526 1378 560 1423 re
579 1359 709 1438 fortune
727 1358 790 1440 fide
807 1357 954 1439 hodieque
970 1360 1108 1436 stistinet,
1132 1358 1166 1421 in
1180 1359 1329 1445 'margine
1347 1359 1487 1425 breviter
1506 1382 1589 1425 corn·

355 1463 561 1548 prehendere.
594 1463 717 1541 Quare
736 1463 798 1529 hoc
817 1464 946 1547 quidem
961 1463 1112 1547 efficitur,
1131 1465 1164 1528 in
1179 1465 1288 1530 eadem
1304 1466 1589 1550 comprehensione

355 1594 395 1635 ne
418 1571 497 1636 haec
520 1572 583 1636 duo
607 1572 771 1656 comparia
793 1572 944 1657 legantur
965 1592 1105 1637 mrauere
1126 1592 1190 1637 non
1211 1574 1286 1638 sinit
1305 1571 1378 1660 (12)
1402 1578 1435 1637 et
1452 1595 1508 1640 nec
1525 1595 1589 1640 cen·

354 1700 443 1744 nuere
458 1681 585 1762 potitur
609 1676 691 1766 (14),
713 1679 747 1742 id
770 1680 858 1762 quod
881 1678 962 1744 alios
985 1678 1158 1744 adduxisse
1177 1679 1326 1765 diximus,
1349 1684 1387 1744 ut
1404 1681 1515 1764 priora
1533 1681 1589 1745 illa

348 1786 528 1859 ,reiicienda
551 1788 725 1870 censerent,
749 1807 831 1869 quae
855 1790 962 1850 tamen
986 1787 1084 1851 series
1107 1788 1178 1870 ipse
1198 1787 1320 1871 optime
1339 1787 1486 1853 ordinatu
1505 1788 1630 1856 inerim

355 1892 533 1957 videbatur.
571 1891 776 1957 Probabilius
795 1890 987 1978 Madvigius
1010 1893 1039 1957 si
1058 1895 1195 1958 alterum
1213 1898 1322 1959 utrum
1341 1894 1512 1960 delendum
1530 1901 1588 1980 est,

354 1999 416 2065 hoc
434 2000 594 2084 posterius
614 2021 739 2065 comma
757 1999 868 2065 abesse
887 1999 1011 2064 maluit.
1046 1998 1138 2064 Unde
1156 2000 1235 2064 haee
1254 2001 1358 2066 oritur
1377 2002 1480 2067 oratio
1499 2001 1588 2089 (nam

355 2107 457 2172 oculis
490 2106 687 2171 subiicienda
718 2111 781 2190 est,
813 2111 850 2170 ut
881 2111 967 2171 recte
996 2107 1182 2172 aestimetur
1207 2129 1288 2172 neve
1314 2130 1375 2173 nos
1404 2109 1509 2192 specie
1537 2109 1588 2174 de·
1659 2167 1664 2172 .

354 2211 525 2300 cipiamnr)

622 2322 752 2403 equitem
770 2321 960 2400 Romanum,
983 2327 1111 2386 veterem
1130 2323 1267 2387 amicum
1287 2343 1388 2402 suum,
1406 2325 1587 2402 studiosum,

622 2434 790 2507 ementem,
814 2428 1023 2494 observantem
1046 2431 1098 2494 sni
1120 2450 1183 2494 non
1203 2430 1342 2508 hhidine,
1366 2450 1428 2495 non
1447 2430 1588 2512 tmpihm

622 2536 772 2617 impensis
799 2536 1007 2618 cupiditatum
1035 2541 1126 2617 utque
1151 2538 1294 2616 iuetmis,
1321 2537 1376 2602 sed
1398 2539 1588 2619 experientia

620 2642 808 2723 patrimonii
826 2643 1046 2725 amplificandi
1064 2643 1212 2708 lubentem
1231 2646 1354 2725 excepit,
1373 2664 1512 2709 corucem
1525 2665 1588 2709 non

622 2750 708 2828 nen,
729 2749 822 2830 fulsit
844 2755 872 2814 et
893 2751 1044 2814 sudmnit
1065 2771 1100 2814 re
1115 2752 1244 2831 fortune
1262 2751 1326 2834 [ide
1343 2751 1490 2834 hodieque
1507 2772 1587 2816 sns-

622 2857 731 2921 tinet:
754 2879 819 2922 nee
841 2856 951 2923 iltius
974 2859 1080 2923 enimi
1103 2859 1201 2923 eciem
1216 2861 1427 2941 praestrinqit
1443 2859 1628 2943 splendonio

620 2967 672 3029 sui
698 2966 837 3029 nominis
864 2986 919 3030 nec
945 2968 1058 3031 mentis
1084 2968 1177 3047 quusi
1199 2966 1373 3032 luminibus
1395 2967 1493 3049 officit
1515 2967 1587 3031 utti-

619 3072 693 3136 tudo
714 3072 862 3152 fortunae
883 3078 913 3137 et
931 3072 1059 3155 pieriae.

352 3175 391 3240 In
414 3177 465 3241 his
489 3176 528 3241 de
551 3176 768 3243 additamento
792 3179 819 3242 si
840 3180 1005 3262 quaeritur
1024 3180 1111 3263 quod
1130 3182 1163 3244 in
1182 3180 1328 3263 margine
1348 3180 1586 3263 adscripsimus,

352 3305 417 3347 non
441 3284 504 3348 hoc
527 3284 711 3368 obiicimus,
735 3307 801 3349 non
826 3285 905 3350 satis
928 3308 1082 3371 apparere
1106 3286 1185 3371 quid
1207 3289 1426 3350 enarratorem
1449 3288 1587 3352 moverit

351 3390 463 3454 uthis
486 3412 568 3474 quae
592 3395 700 3475 aperte
723 3392 844 3476 scripta
867 3397 958 3457 erant
981 3394 1015 3456 in
1039 3392 1181 3478 margine
1203 3393 1374 3457 eorundem
1395 3396 1586 3459 sententiam

352 3497 493 3562 breviter
516 3499 779 3581 comprehensam
804 3500 969 3582 adiiceret,
992 3521 1103 3564 verum
1125 3499 1206 3563 illud
1229 3499 1374 3584 dicimus,
1397 3500 1478 3565 inita
1502 3522 1587 3566 com-

352 3604 519 3688 paratione
546 3627 613 3669 non
640 3605 742 3670 videri
769 3605 862 3671 illum
891 3606 1160 3691 comprehendere
1189 3628 1270 3689 quae
1298 3608 1406 3690 posita
1429 3613 1519 3672 erant
1543 3645 1586 3655 —

353 3734 417 3796 quo
446 3712 531 3776 enim
553 3715 679 3793 petitur
707 3734 744 3777 ac
771 3734 836 3778 non
860 3733 976 3795 passm
1003 3719 1059 3793 est,
1088 3718 1121 3778 et
1148 3734 1204 3777 cur
1231 3716 1368 3778 amicum
1392 3716 1585 3797 prudentem,

353 3841 449 3901 quem
472 3820 581 3902 potins
604 3821 831 3901 impeudmtnn
850 3822 1013 3905 appellere
1033 3821 1191 3886 debebat?
1211 3858 1252 3866 -
1273 3821 1326 3883 sed
1349 3822 1535 3886 continuare
1554 3826 1587 3885 et
1804 3894 1805 3905 ,

352 3926 546 4011 amplificare
574 3926 656 3991 velle
685 3948 767 4010 quse
795 3927 914 4011 scripta
942 3932 1019 3992 sunt
1046 3930 1193 4010 hodieque
1215 3930 1357 4008 sustinet,
1387 3927 1506 4012 quibus
1529 3926 1585 3991 illa
1599 3953 1626 3992 so

352 4053 406 4098 nee
432 4055 461 4098 ι.
479 4055 514 4115 p.
542 4053 682 4099 conruere
702 4036 827 4115 potitur
855 4039 1002 4100 accurate
1031 4037 1063 4099 in
1088 4035 1219 4100 eandem
1242 4036 1381 4100 formam
1404 4038 1436 4099 et
1459 4037 1585 4098 senten-

351 4143 431 4205 tiam
463 4140 686 4205 adnectuntur.
723 4139 837 4222 Itaque
869 4140 932 4205 hoc
963 4140 1180 4224 quaerendum
1213 4144 1274 4223 est,
1308 4140 1384 4223 quid
1413 4138 1504 4203 illum
1534 4140 1586 4203 ad-

352 4246 492 4331 duxerit,
519 4251 556 4310 ut
580 4247 642 4312 hoc
665 4248 751 4329 loco,
778 4246 835 4310 ubi
858 4247 894 4311 in
914 4247 1008 4311 libris
1031 4248 1198 4331 leguntur,
1221 4248 1299 4312 haee
1322 4246 1419 4311 verbe
1442 4245 1585 4310 addenda

351 4355 511 4419 curaverit
534 4359 567 4419 et
590 4376 654 4437 qua
676 4354 722 4418 ibi
745 4353 887 4417 utilitate
910 4352 1034 4419 adiectu
1057 4354 1233 4417 videantur.

442 4459 505 4526 Sed
536 4461 628 4546 prius
659 4459 823 4525 videamus
851 4461 1012 4544 proxima,
1043 4481 1098 4525 nee
1124 4460 1212 4525 iltius
1239 4461 1342 4524 enimi
1370 4461 1468 4525 aciem
1489 4480 1584 4541 peue-

350 4569 478 4651 atm'npit
504 4568 650 4651 splendor
676 4570 728 4634 sni
749 4569 889 4633 nominis
911 4572 970 4631 cet,
1008 4566 1056 4631 De
1081 4566 1197 4651 quibus
1221 4565 1404 4652 Madvigius
1428 4568 1474 4631 ite
1498 4566 1584 4651 dicit,

351 4679 426 4758 post
449 4674 506 4739 ills
527 4676 675 4757 hodieque
696 4676 826 4741 sustinet
849 4674 991 4738 ‘transiri
1003 4674 1051 4737 rad
1071 4674 1250 4759 gener-ulem
1271 4671 1416 4738 Caesaris
1435 4673 1583 4739 laudem?

352 4781 414 4847 Sed
443 4804 513 4847 eam
539 4783 667 4847 laudem
693 4781 837 4847 Caesaris
865 4783 893 4845 is
916 4782 973 4865 qui
996 4785 1103 4846 totum
1126 4781 1371 4866 argumentandi
1394 4802 1513 4845 nexum
1538 4803 1584 4845 re-

352 4891 448 4973 spicit
477 4889 638 4975 intelliget
665 4911 730 4954 non
758 4892 805 4953 ita
832 4890 1012 4975 generalem
1040 4910 1110 4953 esse
1137 4893 1174 4952 ut
1200 4910 1265 4952 non
1294 4887 1452 4952 referatur
1478 4887 1519 4950 ad
1547 4909 1583 4951 ea

367 2628 415 2666 nee
433 2614 551 2666 nmmum

348 2702 511 2770 prudentem
520 2717 576 2755 cor·-

353 2807 430 2845 ruere
444 2792 556 2861 patitur
