<?xml version="1.0" encoding="UTF-8"?>
<!DOCTYPE html PUBLIC "-//W3C//DTD XHTML 1.0 Transitional//EN"
    "http://www.w3.org/TR/xhtml1/DTD/xhtml1-transitional.dtd">
<html xmlns="http://www.w3.org/1999/xhtml" xml:lang="en" lang="en">
 <head>
  <title>
</title>
<meta http-equiv="Content-Type" content="text/html;charset=utf-8" />
  <meta name='ocr-system' content='tesseract 3.04.00' />
  <meta name='ocr-capabilities' content='ocr_page ocr_carea ocr_par ocr_line ocrx_word'/>
</head>
<body>
  <div class='ocr_page' id='page_1' title='image "./iohannisvahleni00vahlgoog/iohannisvahleni00vahlgoog_0548.png"; bbox 0 0 3967 5725; ppageno 0'>
   <div class='ocr_carea' id='block_1_1' title="bbox 416 1600 1586 1677">
    <p class='ocr_par' dir='ltr' id='par_1_1' title="bbox 416 1600 1586 1677">
     <span class='ocr_line' id='line_1_1' title="bbox 416 1600 1586 1677; baseline -0.002 0"><span class='ocrx_word' id='word_1_1' title='bbox 416 1604 543 1677; x_wconf 81' lang='lat' dir='ltr'>LXIII.</span> <span class='ocrx_word' id='word_1_2' title='bbox 570 1602 742 1677; x_wconf 75' lang='lat' dir='ltr'>INDEX</span> <span class='ocrx_word' id='word_1_3' title='bbox 769 1601 1087 1676; x_wconf 75' lang='lat' dir='ltr'>LEOTIONUM</span> <span class='ocrx_word' id='word_1_4' title='bbox 1114 1600 1459 1675; x_wconf 75' lang='lat' dir='ltr'>nusurvluuu</span> <span class='ocrx_word' id='word_1_5' title='bbox 1487 1604 1586 1675; x_wconf 81' lang='lat'><strong>1906.</strong></span> 
     </span>
    </p>
   </div>
   <div class='ocr_carea' id='block_1_2' title="bbox 473 1774 1785 1861">
    <p class='ocr_par' dir='ltr' id='par_1_2' title="bbox 473 1774 1785 1861">
     <span class='ocr_line' id='line_1_2' title="bbox 473 1774 1785 1861; baseline -0.003 -17"><span class='ocrx_word' id='word_1_6' title='bbox 473 1779 625 1844; x_wconf 89' lang='lat' dir='ltr'>Perutilis</span> <span class='ocrx_word' id='word_1_7' title='bbox 648 1777 713 1842; x_wconf 88' lang='lat' dir='ltr'>fuit</span> <span class='ocrx_word' id='word_1_8' title='bbox 738 1781 893 1842; x_wconf 87' lang='lat' dir='ltr'>tractatus</span> <span class='ocrx_word' id='word_1_9' title='bbox 913 1775 1054 1843; x_wconf 80' lang='lat' dir='ltr'>Graecus</span> <span class='ocrx_word' id='word_1_10' title='bbox 1073 1778 1112 1841; x_wconf 89' lang='lat' dir='ltr'>dc</span> <span class='ocrx_word' id='word_1_11' title='bbox 1132 1775 1305 1860; x_wconf 76' lang='lat' dir='ltr'><strong>comoedia,</strong></span> <span class='ocrx_word' id='word_1_12' title='bbox 1327 1798 1422 1861; x_wconf 90' lang='lat' dir='ltr'>quem</span> <span class='ocrx_word' id='word_1_13' title='bbox 1440 1776 1464 1842; x_wconf 87' lang='grc' dir='ltr'>Ι.</span> <span class='ocrx_word' id='word_1_14' title='bbox 1486 1775 1524 1841; x_wconf 82' lang='grc' dir='ltr'>Α.</span> <span class='ocrx_word' id='word_1_15' title='bbox 1545 1774 1653 1847; x_wconf 74' lang='lat' dir='ltr'>Ora-3</span> <span class='ocrx_word' id='word_1_16' title='bbox 1782 1774 1785 1779; x_wconf 74' lang='grc'><strong>’</strong></span> 
     </span>
    </p>
   </div>
   <div class='ocr_carea' id='block_1_3' title="bbox 341 1882 1619 4325">
    <p class='ocr_par' dir='ltr' id='par_1_3' title="bbox 383 1882 1618 2612">
     <span class='ocr_line' id='line_1_3' title="bbox 385 1882 1618 1971; baseline -0.004 -20"><span class='ocrx_word' id='word_1_17' title='bbox 385 1909 491 1951; x_wconf 91' lang='lat' dir='ltr'>merus</span> <span class='ocrx_word' id='word_1_18' title='bbox 505 1886 628 1971; x_wconf 89' lang='lat' dir='ltr'>primus</span> <span class='ocrx_word' id='word_1_19' title='bbox 642 1906 681 1949; x_wconf 87' lang='lat' dir='ltr'>ex</span> <span class='ocrx_word' id='word_1_20' title='bbox 697 1885 806 1949; x_wconf 87' lang='lat' dir='ltr'>codice</span> <span class='ocrx_word' id='word_1_21' title='bbox 821 1885 960 1969; x_wconf 87' lang='lat' dir='ltr'>quodam</span> <span class='ocrx_word' id='word_1_22' title='bbox 975 1883 1172 1949; x_wconf 78' lang='lat' dir='ltr'>Coisliniauo</span> <span class='ocrx_word' id='word_1_23' title='bbox 1186 1887 1386 1968; x_wconf 82' lang='lat' dir='ltr'>protractum</span> <span class='ocrx_word' id='word_1_24' title='bbox 1405 1883 1439 1948; x_wconf 91' lang='lat' dir='ltr'>in</span> <span class='ocrx_word' id='word_1_25' title='bbox 1456 1882 1618 1947; x_wconf 79' lang='lat' dir='ltr'>Addendis</span> 
     </span>
     <span class='ocr_line' id='line_1_4' title="bbox 385 1988 1618 2077; baseline -0.002 -21"><span class='ocrx_word' id='word_1_26' title='bbox 385 1994 425 2057; x_wconf 88' lang='lat' dir='ltr'>ad</span> <span class='ocrx_word' id='word_1_27' title='bbox 448 1991 615 2056; x_wconf 86' lang='lat' dir='ltr'>Anecdota</span> <span class='ocrx_word' id='word_1_28' title='bbox 639 1990 760 2056; x_wconf 83' lang='lat' dir='ltr'>Graeca</span> <span class='ocrx_word' id='word_1_29' title='bbox 782 1991 978 2056; x_wconf 89' lang='lat' dir='ltr'>Parisiensia</span> <span class='ocrx_word' id='word_1_30' title='bbox 1007 1988 1083 2077; x_wconf 85' lang='lat' dir='ltr'>(vol.</span> <span class='ocrx_word' id='word_1_31' title='bbox 1103 2009 1115 2054; x_wconf 89' lang='lat'>1</span> <span class='ocrx_word' id='word_1_32' title='bbox 1139 1988 1241 2054; x_wconf 85' lang='lat' dir='ltr'>Oxou.</span> <span class='ocrx_word' id='word_1_33' title='bbox 1268 1989 1368 2076; x_wconf 85' lang='lat'>1839)</span> <span class='ocrx_word' id='word_1_34' title='bbox 1392 1990 1515 2074; x_wconf 77' lang='lat' dir='ltr'>publici</span> <span class='ocrx_word' id='word_1_35' title='bbox 1537 1990 1618 2054; x_wconf 91' lang='lat' dir='ltr'>iuris</span> 
     </span>
     <span class='ocr_line' id='line_1_5' title="bbox 384 2096 1617 2184; baseline -0.002 -21"><span class='ocrx_word' id='word_1_36' title='bbox 384 2099 470 2165; x_wconf 81' lang='lat' dir='ltr'>fecit.</span> <span class='ocrx_word' id='word_1_37' title='bbox 507 2099 592 2164; x_wconf 82' lang='lat' dir='ltr'>Eum</span> <span class='ocrx_word' id='word_1_38' title='bbox 620 2102 733 2184; x_wconf 90' lang='lat' dir='ltr'>postea</span> <span class='ocrx_word' id='word_1_39' title='bbox 759 2097 897 2163; x_wconf 87' lang='lat' dir='ltr'>lacobus</span> <span class='ocrx_word' id='word_1_40' title='bbox 925 2098 1121 2181; x_wconf 87' lang='lat' dir='ltr'>Bernaysius</span> <span class='ocrx_word' id='word_1_41' title='bbox 1153 2096 1266 2161; x_wconf 91' lang='lat' dir='ltr'>subtili</span> <span class='ocrx_word' id='word_1_42' title='bbox 1296 2117 1373 2162; x_wconf 89' lang='lat' dir='ltr'>cura</span> <span class='ocrx_word' id='word_1_43' title='bbox 1398 2100 1617 2182; x_wconf 88' lang='lat' dir='ltr'>perscrutatus</span> 
     </span>
     <span class='ocr_line' id='line_1_6' title="bbox 384 2203 1618 2291; baseline -0.002 -20"><span class='ocrx_word' id='word_1_44' title='bbox 384 2207 609 2291; x_wconf 87' lang='lat' dir='ltr'>supplementa</span> <span class='ocrx_word' id='word_1_45' title='bbox 627 2206 783 2290; x_wconf 75' lang='lat' dir='ltr'><strong>quaedam</strong></span> <span class='ocrx_word' id='word_1_46' title='bbox 803 2205 881 2270; x_wconf 92' lang='lat' dir='ltr'>artis</span> <span class='ocrx_word' id='word_1_47' title='bbox 900 2205 1045 2289; x_wconf 75' lang='lat' dir='ltr'>poeticae</span> <span class='ocrx_word' id='word_1_48' title='bbox 1059 2203 1285 2269; x_wconf 83' lang='lat' dir='ltr'>Aristotelicas</span> <span class='ocrx_word' id='word_1_49' title='bbox 1300 2203 1517 2290; x_wconf 75' lang='lat' dir='ltr'>investigavit,</span> <span class='ocrx_word' id='word_1_50' title='bbox 1537 2226 1618 2288; x_wconf 90' lang='lat' dir='ltr'>quae</span> 
     </span>
     <span class='ocr_line' id='line_1_7' title="bbox 383 2309 1617 2399; baseline -0.002 -22"><span class='ocrx_word' id='word_1_51' title='bbox 383 2315 418 2377; x_wconf 91' lang='lat' dir='ltr'>in</span> <span class='ocrx_word' id='word_1_52' title='bbox 432 2336 542 2378; x_wconf 91' lang='lat' dir='ltr'>museo</span> <span class='ocrx_word' id='word_1_53' title='bbox 557 2312 713 2377; x_wconf 86' lang='lat' dir='ltr'>Rhenano</span> <span class='ocrx_word' id='word_1_54' title='bbox 728 2310 804 2399; x_wconf 85' lang='lat' dir='ltr'>(vol.</span> <span class='ocrx_word' id='word_1_55' title='bbox 815 2330 887 2376; x_wconf 83' lang='lat' dir='ltr'>vm.</span> <span class='ocrx_word' id='word_1_56' title='bbox 903 2309 1004 2398; x_wconf 82' lang='lat'>1853)</span> <span class='ocrx_word' id='word_1_57' title='bbox 1018 2313 1168 2396; x_wconf 88' lang='lat' dir='ltr'>primum,</span> <span class='ocrx_word' id='word_1_58' title='bbox 1182 2310 1257 2376; x_wconf 93' lang='lat' dir='ltr'>dein</span> <span class='ocrx_word' id='word_1_59' title='bbox 1271 2312 1305 2375; x_wconf 92' lang='lat' dir='ltr'>in</span> <span class='ocrx_word' id='word_1_60' title='bbox 1319 2310 1430 2376; x_wconf 92' lang='lat' dir='ltr'>libello</span> <span class='ocrx_word' id='word_1_61' title='bbox 1445 2313 1617 2394; x_wconf 90' lang='lat' dir='ltr'>separatim</span> 
     </span>
     <span class='ocr_line' id='line_1_8' title="bbox 384 2418 1618 2504; baseline -0.001 -21"><span class='ocrx_word' id='word_1_62' title='bbox 384 2420 470 2484; x_wconf 89' lang='lat' dir='ltr'>edito</span> <span class='ocrx_word' id='word_1_63' title='bbox 491 2420 650 2504; x_wconf 83' lang='lat' dir='ltr'>exposuit,</span> <span class='ocrx_word' id='word_1_64' title='bbox 670 2420 721 2484; x_wconf 92' lang='lat' dir='ltr'>cni</span> <span class='ocrx_word' id='word_1_65' title='bbox 739 2418 825 2485; x_wconf 90' lang='lat' dir='ltr'>huno</span> <span class='ocrx_word' id='word_1_66' title='bbox 844 2418 984 2487; x_wconf 91' lang='lat' dir='ltr'>indicem</span> <span class='ocrx_word' id='word_1_67' title='bbox 1002 2419 1081 2484; x_wconf 79' lang='lat' dir='ltr'>fecit</span> <span class='ocrx_word' id='word_1_68' title='bbox 1098 2420 1186 2483; x_wconf 83' lang='lat' dir='ltr'>chi</span> <span class='ocrx_word' id='word_1_69' title='bbox 1203 2418 1457 2500; x_wconf 74' lang='lat' dir='ltr'>Abhoadluopcn</span> <span class='ocrx_word' id='word_1_70' title='bbox 1474 2418 1549 2483; x_wconf 79' lang='lat' dir='ltr'>iiber</span> <span class='ocrx_word' id='word_1_71' title='bbox 1567 2420 1618 2483; x_wconf 80' lang='lat' dir='ltr'>die</span> 
     </span>
     <span class='ocr_line' id='line_1_9' title="bbox 383 2522 1617 2612; baseline -0.002 -21"><span class='ocrx_word' id='word_1_72' title='bbox 383 2526 614 2592; x_wconf 63' lang='lat' dir='ltr'>Amistotclc‘scte</span> <span class='ocrx_word' id='word_1_73' title='bbox 639 2526 768 2591; x_wconf 77' lang='lat' dir='ltr'>Theora&#39;e</span> <span class='ocrx_word' id='word_1_74' title='bbox 795 2527 848 2591; x_wconf 83' lang='lat' dir='ltr'>dec</span> <span class='ocrx_word' id='word_1_75' title='bbox 874 2525 1003 2591; x_wconf 82' lang='lat' dir='ltr'>Dromo</span> <span class='ocrx_word' id='word_1_76' title='bbox 1026 2523 1145 2612; x_wconf 88' lang='lat' dir='ltr'>(Berol.</span> <span class='ocrx_word' id='word_1_77' title='bbox 1172 2522 1281 2610; x_wconf 87' lang='grc'>1880).</span> <span class='ocrx_word' id='word_1_78' title='bbox 1313 2523 1482 2591; x_wconf 89' lang='lat' dir='ltr'>Postremo</span> <span class='ocrx_word' id='word_1_79' title='bbox 1506 2524 1617 2589; x_wconf 89' lang='lat' dir='ltr'>eadem</span> 
     </span>
    </p>

    <p class='ocr_par' dir='ltr' id='par_1_4' title="bbox 344 2630 1617 2936">
     <span class='ocr_line' id='line_1_10' title="bbox 344 2630 1616 2719; baseline -0.004 -19"><span class='ocrx_word' id='word_1_80' title='bbox 344 2660 370 2700; x_wconf 89' lang='lat' dir='ltr'>1o</span> <span class='ocrx_word' id='word_1_81' title='bbox 384 2637 534 2717; x_wconf 87' lang='lat' dir='ltr'>excerpta</span> <span class='ocrx_word' id='word_1_82' title='bbox 549 2631 706 2719; x_wconf 79' lang='lat' dir='ltr'>Georgius</span> <span class='ocrx_word' id='word_1_83' title='bbox 721 2632 889 2698; x_wconf 87' lang='lat' dir='ltr'>Kaibclius</span> <span class='ocrx_word' id='word_1_84' title='bbox 903 2633 1064 2716; x_wconf 81' lang='lat' dir='ltr'>tractarit,</span> <span class='ocrx_word' id='word_1_85' title='bbox 1077 2634 1112 2696; x_wconf 91' lang='lat' dir='ltr'>in</span> <span class='ocrx_word' id='word_1_86' title='bbox 1126 2631 1396 2697; x_wconf 76' lang='lat' dir='ltr'>commentatione</span> <span class='ocrx_word' id='word_1_87' title='bbox 1411 2630 1616 2718; x_wconf 82' lang='lat' dir='ltr'>Gottingensi</span> 
     </span>
     <span class='ocr_line' id='line_1_11' title="bbox 384 2737 1617 2827; baseline -0.002 -22"><span class='ocrx_word' id='word_1_88' title='bbox 384 2738 426 2827; x_wconf 89' lang='lat' dir='ltr'>(a.</span> <span class='ocrx_word' id='word_1_89' title='bbox 447 2737 548 2826; x_wconf 89' lang='grc'>1898)</span> <span class='ocrx_word' id='word_1_90' title='bbox 568 2739 823 2826; x_wconf 83' lang='lat' dir='ltr'>prolegomenon</span> <span class='ocrx_word' id='word_1_91' title='bbox 841 2738 916 2825; x_wconf 81' lang='grc' dir='ltr'><em>περὶ</em></span> <span class='ocrx_word' id='word_1_92' title='bbox 931 2740 1105 2827; x_wconf 76' lang='grc' dir='ltr'><strong><em>κωμῳδίας</em></strong></span> <span class='ocrx_word' id='word_1_93' title='bbox 1125 2760 1207 2823; x_wconf 89' lang='lat' dir='ltr'>quae</span> <span class='ocrx_word' id='word_1_94' title='bbox 1220 2743 1386 2822; x_wconf 85' lang='lat' dir='ltr'>vocantur,</span> <span class='ocrx_word' id='word_1_95' title='bbox 1405 2760 1542 2823; x_wconf 92' lang='lat' dir='ltr'>quorum</span> <span class='ocrx_word' id='word_1_96' title='bbox 1560 2737 1617 2803; x_wconf 94' lang='grc'>1118</span> 
     </span>
     <span class='ocr_line' id='line_1_12' title="bbox 383 2846 1390 2936; baseline -0.002 -23"><span class='ocrx_word' id='word_1_97' title='bbox 383 2871 500 2936; x_wconf 87' lang='lat' dir='ltr'>magna</span> <span class='ocrx_word' id='word_1_98' title='bbox 522 2870 597 2932; x_wconf 91' lang='lat' dir='ltr'>pars</span> <span class='ocrx_word' id='word_1_99' title='bbox 619 2847 762 2932; x_wconf 84' lang='lat' dir='ltr'>fuerunt,</span> <span class='ocrx_word' id='word_1_100' title='bbox 784 2850 932 2912; x_wconf 89' lang='lat' dir='ltr'>naturam</span> <span class='ocrx_word' id='word_1_101' title='bbox 957 2850 989 2911; x_wconf 91' lang='lat' dir='ltr'>et</span> <span class='ocrx_word' id='word_1_102' title='bbox 1013 2846 1172 2932; x_wconf 81' lang='lat' dir='ltr'>originem</span> <span class='ocrx_word' id='word_1_103' title='bbox 1195 2850 1390 2931; x_wconf 88' lang='lat' dir='ltr'>persecutus.</span> 
     </span>
    </p>

    <p class='ocr_par' dir='ltr' id='par_1_5' title="bbox 381 2954 1619 3682">
     <span class='ocr_line' id='line_1_13' title="bbox 472 2954 1617 3039; baseline -0.002 -20"><span class='ocrx_word' id='word_1_104' title='bbox 472 2954 524 3019; x_wconf 80' lang='lat' dir='ltr'>Ex</span> <span class='ocrx_word' id='word_1_105' title='bbox 547 2954 609 3020; x_wconf 90' lang='lat' dir='ltr'>hoc</span> <span class='ocrx_word' id='word_1_106' title='bbox 633 2955 788 3039; x_wconf 90' lang='lat' dir='ltr'>opusculo</span> <span class='ocrx_word' id='word_1_107' title='bbox 812 2975 872 3019; x_wconf 91' lang='lat' dir='ltr'>nos</span> <span class='ocrx_word' id='word_1_108' title='bbox 899 2975 1095 3038; x_wconf 90' lang='lat' dir='ltr'>quamquam</span> <span class='ocrx_word' id='word_1_109' title='bbox 1117 2957 1302 3038; x_wconf 83' lang='lat' dir='ltr'>poteramus</span> <span class='ocrx_word' id='word_1_110' title='bbox 1325 2955 1419 3039; x_wconf 87' lang='lat' dir='ltr'>plura</span> <span class='ocrx_word' id='word_1_111' title='bbox 1441 2975 1528 3018; x_wconf 89' lang='lat' dir='ltr'>nuuc</span> <span class='ocrx_word' id='word_1_112' title='bbox 1550 2975 1617 3018; x_wconf 90' lang='lat' dir='ltr'>non</span> 
     </span>
     <span class='ocr_line' id='line_1_14' title="bbox 382 3061 1617 3147; baseline -0.001 -21"><span class='ocrx_word' id='word_1_113' title='bbox 382 3063 455 3147; x_wconf 90' lang='lat' dir='ltr'>plus</span> <span class='ocrx_word' id='word_1_114' title='bbox 483 3085 580 3128; x_wconf 85' lang='lat' dir='ltr'>unam</span> <span class='ocrx_word' id='word_1_115' title='bbox 608 3061 802 3126; x_wconf 87' lang='lat' dir='ltr'>sententiam</span> <span class='ocrx_word' id='word_1_116' title='bbox 829 3061 1009 3146; x_wconf 90' lang='lat' dir='ltr'>promimus</span> <span class='ocrx_word' id='word_1_117' title='bbox 1033 3061 1281 3145; x_wconf 76' lang='lat' dir='ltr'>edisserendum,</span> <span class='ocrx_word' id='word_1_118' title='bbox 1309 3081 1379 3126; x_wconf 85' lang='lat' dir='ltr'>eam</span> <span class='ocrx_word' id='word_1_119' title='bbox 1407 3061 1531 3146; x_wconf 91' lang='lat' dir='ltr'>quade</span> <span class='ocrx_word' id='word_1_120' title='bbox 1554 3083 1617 3126; x_wconf 91' lang='lat' dir='ltr'>scr·</span> 
     </span>
     <span class='ocr_line' id='line_1_15' title="bbox 382 3167 1617 3255; baseline -0.002 -22"><span class='ocrx_word' id='word_1_121' title='bbox 382 3191 478 3234; x_wconf 92' lang='lat' dir='ltr'>mone</span> <span class='ocrx_word' id='word_1_122' title='bbox 505 3173 620 3254; x_wconf 90' lang='lat' dir='ltr'>poetae</span> <span class='ocrx_word' id='word_1_123' title='bbox 648 3168 763 3235; x_wconf 91' lang='lat' dir='ltr'>comici</span> <span class='ocrx_word' id='word_1_124' title='bbox 791 3168 1002 3254; x_wconf 67' lang='lat' dir='ltr'>praecipitur,</span> <span class='ocrx_word' id='word_1_125' title='bbox 1030 3189 1111 3252; x_wconf 86' lang='lat' dir='ltr'>qnae</span> <span class='ocrx_word' id='word_1_126' title='bbox 1135 3189 1195 3232; x_wconf 89' lang='lat' dir='ltr'>nec</span> <span class='ocrx_word' id='word_1_127' title='bbox 1218 3190 1276 3252; x_wconf 90' lang='lat' dir='ltr'>per</span> <span class='ocrx_word' id='word_1_128' title='bbox 1298 3190 1332 3233; x_wconf 89' lang='grc'>88</span> <span class='ocrx_word' id='word_1_129' title='bbox 1355 3173 1405 3234; x_wconf 88' lang='grc'>881</span> <span class='ocrx_word' id='word_1_130' title='bbox 1427 3169 1560 3255; x_wconf 88' lang='lat' dir='ltr'>indigna</span> <span class='ocrx_word' id='word_1_131' title='bbox 1582 3167 1617 3231; x_wconf 93' lang='lat' dir='ltr'>in</span> 
     </span>
     <span class='ocr_line' id='line_1_16' title="bbox 383 3257 1619 3361; baseline -0.002 -20"><span class='ocrx_word' id='word_1_132' title='bbox 383 3299 479 3361; x_wconf 90' lang='lat' dir='ltr'>quam</span> <span class='ocrx_word' id='word_1_133' title='bbox 499 3277 682 3361; x_wconf 85' lang='lat' dir='ltr'>inquiratur</span> <span class='ocrx_word' id='word_1_134' title='bbox 701 3279 733 3340; x_wconf 91' lang='lat' dir='ltr'>et</span> <span class='ocrx_word' id='word_1_135' title='bbox 751 3275 927 3340; x_wconf 86' lang='lat' dir='ltr'>identidem</span> <span class='ocrx_word' id='word_1_136' title='bbox 946 3278 1102 3360; x_wconf 87' lang='lat' dir='ltr'>temptata</span> <span class='ocrx_word' id='word_1_137' title='bbox 1121 3273 1262 3340; x_wconf 83' lang='lat' dir='ltr'>edoctis</span> <span class='ocrx_word' id='word_1_138' title='bbox 1283 3275 1427 3340; x_wconf 90' lang='lat' dir='ltr'>nondum</span> <span class='ocrx_word' id='word_1_139' title='bbox 1445 3298 1516 3340; x_wconf 87' lang='lat' dir='ltr'>cam</span> <span class='ocrx_word' id='word_1_140' title='bbox 1535 3257 1619 3359; x_wconf 81' lang='lat' dir='ltr'>quae</span> 
     </span>
     <span class='ocr_line' id='line_1_17' title="bbox 381 3381 1618 3469; baseline -0.001 -21"><span class='ocrx_word' id='word_1_141' title='bbox 381 3385 491 3450; x_wconf 90' lang='lat' dir='ltr'>nescio</span> <span class='ocrx_word' id='word_1_142' title='bbox 515 3405 580 3467; x_wconf 90' lang='lat' dir='ltr'>quo</span> <span class='ocrx_word' id='word_1_143' title='bbox 603 3387 699 3468; x_wconf 86' lang='lat' dir='ltr'>pacto</span> <span class='ocrx_word' id='word_1_144' title='bbox 717 3383 814 3467; x_wconf 90' lang='lat' dir='ltr'>periit</span> <span class='ocrx_word' id='word_1_145' title='bbox 833 3382 1003 3469; x_wconf 83' lang='lat' dir='ltr'>integritas</span> <span class='ocrx_word' id='word_1_146' title='bbox 1022 3403 1227 3466; x_wconf 89' lang='lat' dir='ltr'>recuperasse</span> <span class='ocrx_word' id='word_1_147' title='bbox 1244 3382 1340 3447; x_wconf 87' lang='lat' dir='ltr'>nobis</span> <span class='ocrx_word' id='word_1_148' title='bbox 1359 3382 1494 3447; x_wconf 87' lang='lat' dir='ltr'>videtur.</span> <span class='ocrx_word' id='word_1_149' title='bbox 1530 3381 1618 3447; x_wconf 88' lang='lat' dir='ltr'>Hinc</span> 
     </span>
     <span class='ocr_line' id='line_1_18' title="bbox 382 3488 1617 3577; baseline 0 -23"><span class='ocrx_word' id='word_1_150' title='bbox 382 3491 483 3577; x_wconf 89' lang='lat' dir='ltr'>igitur</span> <span class='ocrx_word' id='word_1_151' title='bbox 505 3493 651 3576; x_wconf 87' lang='lat' dir='ltr'>petemus</span> <span class='ocrx_word' id='word_1_152' title='bbox 675 3493 900 3575; x_wconf 86' lang='lat' dir='ltr'>argumentum</span> <span class='ocrx_word' id='word_1_153' title='bbox 922 3489 1052 3575; x_wconf 90' lang='lat' dir='ltr'>prologi</span> <span class='ocrx_word' id='word_1_154' title='bbox 1076 3511 1171 3574; x_wconf 92' lang='lat' dir='ltr'>quem</span> <span class='ocrx_word' id='word_1_155' title='bbox 1194 3489 1272 3554; x_wconf 91' lang='lat' dir='ltr'>huic</span> <span class='ocrx_word' id='word_1_156' title='bbox 1290 3511 1419 3574; x_wconf 88' lang='lat' dir='ltr'>quoque</span> <span class='ocrx_word' id='word_1_157' title='bbox 1441 3488 1617 3555; x_wconf 89' lang='lat' dir='ltr'>lectionum</span> 
     </span>
     <span class='ocr_line' id='line_1_19' title="bbox 382 3595 1617 3682; baseline -0.001 -21"><span class='ocrx_word' id='word_1_158' title='bbox 382 3597 635 3664; x_wconf 79' lang='lat' dir='ltr'>academicorum</span> <span class='ocrx_word' id='word_1_159' title='bbox 659 3597 804 3663; x_wconf 89' lang='lat' dir='ltr'>recensui</span> <span class='ocrx_word' id='word_1_160' title='bbox 823 3599 977 3661; x_wconf 89' lang='lat' dir='ltr'>consueto</span> <span class='ocrx_word' id='word_1_161' title='bbox 996 3618 1086 3661; x_wconf 89' lang='lat' dir='ltr'>more</span> <span class='ocrx_word' id='word_1_162' title='bbox 1104 3597 1357 3682; x_wconf 68' lang='lat' dir='ltr'>praemittimus,</span> <span class='ocrx_word' id='word_1_163' title='bbox 1381 3595 1617 3680; x_wconf 87' lang='lat' dir='ltr'>disputabimus</span> 
     </span>
    </p>

    <p class='ocr_par' dir='ltr' id='par_1_6' title="bbox 341 3701 1618 4108">
     <span class='ocr_line' id='line_1_20' title="bbox 341 3701 1618 3788; baseline -0.003 -17"><span class='ocrx_word' id='word_1_164' title='bbox 341 3732 368 3771; x_wconf 82' lang='lat' dir='ltr'>ao</span> <span class='ocrx_word' id='word_1_165' title='bbox 382 3708 490 3769; x_wconf 86' lang='lat' dir='ltr'>autem</span> <span class='ocrx_word' id='word_1_166' title='bbox 518 3705 564 3769; x_wconf 86' lang='lat' dir='ltr'>ita</span> <span class='ocrx_word' id='word_1_167' title='bbox 592 3707 629 3768; x_wconf 91' lang='lat' dir='ltr'>ut</span> <span class='ocrx_word' id='word_1_168' title='bbox 655 3704 716 3768; x_wconf 88' lang='lat' dir='ltr'>hac</span> <span class='ocrx_word' id='word_1_169' title='bbox 739 3704 926 3788; x_wconf 82' lang='lat' dir='ltr'>quaestione</span> <span class='ocrx_word' id='word_1_170' title='bbox 950 3704 1099 3788; x_wconf 84' lang='lat' dir='ltr'>exemplo</span> <span class='ocrx_word' id='word_1_171' title='bbox 1125 3706 1253 3767; x_wconf 90' lang='lat' dir='ltr'>utentes</span> <span class='ocrx_word' id='word_1_172' title='bbox 1277 3704 1311 3767; x_wconf 90' lang='lat' dir='ltr'>in</span> <span class='ocrx_word' id='word_1_173' title='bbox 1334 3725 1369 3767; x_wconf 89' lang='lat' dir='ltr'>re</span> <span class='ocrx_word' id='word_1_174' title='bbox 1394 3703 1506 3768; x_wconf 89' lang='lat' dir='ltr'>critica</span> <span class='ocrx_word' id='word_1_175' title='bbox 1527 3701 1618 3767; x_wconf 87' lang='lat' dir='ltr'>facti-</span> 
     </span>
     <span class='ocr_line' id='line_1_21' title="bbox 380 3809 1616 3896; baseline -0.002 -20"><span class='ocrx_word' id='word_1_176' title='bbox 380 3812 479 3876; x_wconf 83' lang='lat' dir='ltr'>tando</span> <span class='ocrx_word' id='word_1_177' title='bbox 500 3811 578 3895; x_wconf 92' lang='lat' dir='ltr'>qnid</span> <span class='ocrx_word' id='word_1_178' title='bbox 591 3810 730 3896; x_wconf 90' lang='lat' dir='ltr'>probum</span> <span class='ocrx_word' id='word_1_179' title='bbox 750 3811 802 3895; x_wconf 86' lang='lat' dir='ltr'>sit,</span> <span class='ocrx_word' id='word_1_180' title='bbox 822 3809 899 3894; x_wconf 90' lang='lat' dir='ltr'>quid</span> <span class='ocrx_word' id='word_1_181' title='bbox 916 3831 1053 3894; x_wconf 86' lang='lat' dir='ltr'>pravum</span> <span class='ocrx_word' id='word_1_182' title='bbox 1071 3809 1262 3875; x_wconf 86' lang='lat' dir='ltr'>edoceamus</span> <span class='ocrx_word' id='word_1_183' title='bbox 1281 3832 1336 3875; x_wconf 91' lang='lat' dir='ltr'>eos</span> <span class='ocrx_word' id='word_1_184' title='bbox 1356 3810 1384 3876; x_wconf 94' lang='lat' dir='ltr'>si</span> <span class='ocrx_word' id='word_1_185' title='bbox 1403 3811 1460 3894; x_wconf 91' lang='lat' dir='ltr'>qui</span> <span class='ocrx_word' id='word_1_186' title='bbox 1479 3809 1616 3875; x_wconf 88' lang='lat' dir='ltr'>adhaec</span> 
     </span>
     <span class='ocr_line' id='line_1_22' title="bbox 381 3916 1616 4002; baseline -0.002 -20"><span class='ocrx_word' id='word_1_187' title='bbox 381 3917 488 3982; x_wconf 89' lang='lat' dir='ltr'>studia</span> <span class='ocrx_word' id='word_1_188' title='bbox 514 3916 719 4002; x_wconf 91' lang='lat' dir='ltr'>incumbunt,</span> <span class='ocrx_word' id='word_1_189' title='bbox 747 3917 844 3981; x_wconf 91' lang='lat' dir='ltr'>simul</span> <span class='ocrx_word' id='word_1_190' title='bbox 871 3917 904 3980; x_wconf 92' lang='lat' dir='ltr'>id</span> <span class='ocrx_word' id='word_1_191' title='bbox 932 3916 1048 3983; x_wconf 90' lang='lat' dir='ltr'>sectati</span> <span class='ocrx_word' id='word_1_192' title='bbox 1070 3920 1107 3981; x_wconf 91' lang='lat' dir='ltr'>ut</span> <span class='ocrx_word' id='word_1_193' title='bbox 1130 3939 1170 3981; x_wconf 84' lang='lat' dir='ltr'>ex</span> <span class='ocrx_word' id='word_1_194' title='bbox 1193 3939 1258 3981; x_wconf 91' lang='lat' dir='ltr'>uno</span> <span class='ocrx_word' id='word_1_195' title='bbox 1281 3916 1354 3982; x_wconf 93' lang='lat' dir='ltr'>loco</span> <span class='ocrx_word' id='word_1_196' title='bbox 1379 3917 1419 3983; x_wconf 89' lang='lat' dir='ltr'>ad</span> <span class='ocrx_word' id='word_1_197' title='bbox 1442 3916 1616 4001; x_wconf 87' lang='lat' dir='ltr'>scriptores</span> 
     </span>
     <span class='ocr_line' id='line_1_23' title="bbox 380 4023 1271 4108; baseline 0.001 -20"><span class='ocrx_word' id='word_1_198' title='bbox 380 4024 489 4108; x_wconf 87' lang='lat' dir='ltr'>plures</span> <span class='ocrx_word' id='word_1_199' title='bbox 513 4023 540 4088; x_wconf 91' lang='lat' dir='ltr'>si</span> <span class='ocrx_word' id='word_1_200' title='bbox 564 4024 635 4089; x_wconf 89' lang='lat' dir='ltr'>fieri</span> <span class='ocrx_word' id='word_1_201' title='bbox 658 4023 763 4108; x_wconf 89' lang='lat' dir='ltr'>possit</span> <span class='ocrx_word' id='word_1_202' title='bbox 786 4023 908 4108; x_wconf 87' lang='lat' dir='ltr'>aliquid</span> <span class='ocrx_word' id='word_1_203' title='bbox 931 4023 1083 4088; x_wconf 89' lang='lat' dir='ltr'>utilitatis</span> <span class='ocrx_word' id='word_1_204' title='bbox 1105 4023 1271 4089; x_wconf 87' lang='lat' dir='ltr'>redundet</span> 
     </span>
    </p>

    <p class='ocr_par' dir='ltr' id='par_1_7' title="bbox 471 4129 1192 4216">
     <span class='ocr_line' id='line_1_24' title="bbox 471 4129 1192 4216; baseline -0.001 -19"><span class='ocrx_word' id='word_1_205' title='bbox 471 4130 599 4216; x_wconf 81' lang='lat' dir='ltr'>Scripta</span> <span class='ocrx_word' id='word_1_206' title='bbox 622 4131 657 4195; x_wconf 93' lang='lat' dir='ltr'>in</span> <span class='ocrx_word' id='word_1_207' title='bbox 680 4130 737 4196; x_wconf 92' lang='lat' dir='ltr'>illo</span> <span class='ocrx_word' id='word_1_208' title='bbox 761 4130 869 4195; x_wconf 91' lang='lat' dir='ltr'>codice</span> <span class='ocrx_word' id='word_1_209' title='bbox 892 4133 970 4194; x_wconf 90' lang='lat' dir='ltr'>sunt</span> <span class='ocrx_word' id='word_1_210' title='bbox 992 4130 1090 4195; x_wconf 86' lang='lat' dir='ltr'>verba</span> <span class='ocrx_word' id='word_1_211' title='bbox 1112 4129 1192 4196; x_wconf 87' lang='lat' dir='ltr'>haec</span> 
     </span>
    </p>

    <p class='ocr_par' dir='ltr' id='par_1_8' title="bbox 515 4237 1616 4325">
     <span class='ocr_line' id='line_1_25' title="bbox 515 4237 1616 4325; baseline -0.002 -22"><span class='ocrx_word' id='word_1_212' title='bbox 515 4243 579 4303; x_wconf 83' lang='grc' dir='ltr'>Δεῖ</span> <span class='ocrx_word' id='word_1_213' title='bbox 589 4238 648 4302; x_wconf 83' lang='grc' dir='ltr'>τὸν</span> <span class='ocrx_word' id='word_1_214' title='bbox 660 4238 899 4325; x_wconf 78' lang='grc' dir='ltr'><strong><em>κωμῳδοποιὸν</em></strong></span> <span class='ocrx_word' id='word_1_215' title='bbox 913 4238 975 4320; x_wconf 79' lang='grc' dir='ltr'>τὴν</span> <span class='ocrx_word' id='word_1_216' title='bbox 987 4238 1129 4321; x_wconf 78' lang='grc' dir='ltr'><em>πάτριον</em></span> <span class='ocrx_word' id='word_1_217' title='bbox 1143 4237 1248 4303; x_wconf 79' lang='grc' dir='ltr'><strong><em>αὐτοῦ</em></strong></span> <span class='ocrx_word' id='word_1_218' title='bbox 1262 4242 1418 4321; x_wconf 74' lang='grc' dir='ltr'><strong><em>γλῶσσαν</em></strong></span> <span class='ocrx_word' id='word_1_219' title='bbox 1431 4249 1503 4315; x_wconf 81' lang='grc' dir='ltr'><strong><em>τοῖς</em></strong></span> <span class='ocrx_word' id='word_1_220' title='bbox 1514 4253 1616 4320; x_wconf 82' lang='grc' dir='ltr'><strong><em>προσ-</em></strong></span> 
     </span>
    </p>
   </div>
   <div class='ocr_carea' id='block_1_4' title="bbox 340 4341 1620 4963">
    <p class='ocr_par' dir='ltr' id='par_1_9' title="bbox 340 4341 1620 4963">
     <span class='ocr_line' id='line_1_26' title="bbox 516 4341 1469 4433; baseline -0.001 -23"><span class='ocrx_word' id='word_1_221' title='bbox 516 4346 617 4421; x_wconf 76' lang='grc' dir='ltr'><strong><em>ώποις</em></strong></span> <span class='ocrx_word' id='word_1_222' title='bbox 639 4341 857 4425; x_wconf 78' lang='grc' dir='ltr'><strong><em>περιτιθέναι.</em></strong></span> <span class='ocrx_word' id='word_1_223' title='bbox 889 4344 950 4427; x_wconf 84' lang='grc' dir='ltr'>τὴν</span> <span class='ocrx_word' id='word_1_224' title='bbox 973 4343 1012 4408; x_wconf 77' lang='lat' dir='ltr'>dt</span> <span class='ocrx_word' id='word_1_225' title='bbox 1034 4341 1213 4428; x_wconf 79' lang='grc' dir='ltr'><strong><em>ἐπιχώριον</em></strong></span> <span class='ocrx_word' id='word_1_226' title='bbox 1236 4344 1324 4433; x_wconf 80' lang='grc' dir='ltr'><strong><em>αὐτῷ</em></strong></span> <span class='ocrx_word' id='word_1_227' title='bbox 1344 4342 1469 4432; x_wconf 76' lang='grc' dir='ltr'><strong><em>ἐκείνῳ.</em></strong></span> 
     </span>
     <span class='ocr_line' id='line_1_27' title="bbox 382 4449 1617 4538; baseline -0.002 -20"><span class='ocrx_word' id='word_1_228' title='bbox 382 4452 470 4530; x_wconf 83' lang='lat' dir='ltr'>Quae</span> <span class='ocrx_word' id='word_1_229' title='bbox 484 4453 584 4517; x_wconf 86' lang='lat' dir='ltr'>verba</span> <span class='ocrx_word' id='word_1_230' title='bbox 603 4451 749 4536; x_wconf 86' lang='lat' dir='ltr'>quamvis</span> <span class='ocrx_word' id='word_1_231' title='bbox 763 4451 924 4516; x_wconf 91' lang='lat' dir='ltr'>neminem</span> <span class='ocrx_word' id='word_1_232' title='bbox 943 4451 1049 4538; x_wconf 83' lang='lat' dir='ltr'>firgiat</span> <span class='ocrx_word' id='word_1_233' title='bbox 1067 4454 1124 4514; x_wconf 90' lang='grc'>881</span> <span class='ocrx_word' id='word_1_234' title='bbox 1139 4449 1312 4535; x_wconf 83' lang='lat' dir='ltr'>depravata</span> <span class='ocrx_word' id='word_1_235' title='bbox 1331 4473 1399 4516; x_wconf 91' lang='grc'>8888</span> <span class='ocrx_word' id='word_1_236' title='bbox 1418 4455 1475 4516; x_wconf 88' lang='grc'>881</span> <span class='ocrx_word' id='word_1_237' title='bbox 1492 4451 1617 4528; x_wconf 78' lang='lat' dir='ltr'>mutila,</span> 
     </span>
     <span class='ocr_line' id='line_1_28' title="bbox 381 4556 1618 4642; baseline -0.003 -17"><span class='ocrx_word' id='word_1_238' title='bbox 381 4563 488 4625; x_wconf 76' lang='lat' dir='ltr'>tamur</span> <span class='ocrx_word' id='word_1_239' title='bbox 513 4580 623 4624; x_wconf 89' lang='lat' dir='ltr'>eornm</span> <span class='ocrx_word' id='word_1_240' title='bbox 647 4559 713 4623; x_wconf 84' lang='lat' dir='ltr'>vim</span> <span class='ocrx_word' id='word_1_241' title='bbox 737 4561 770 4622; x_wconf 91' lang='lat' dir='ltr'>et</span> <span class='ocrx_word' id='word_1_242' title='bbox 792 4558 984 4622; x_wconf 89' lang='lat' dir='ltr'>sententiam</span> <span class='ocrx_word' id='word_1_243' title='bbox 1015 4579 1053 4622; x_wconf 87' lang='lat' dir='ltr'>cx</span> <span class='ocrx_word' id='word_1_244' title='bbox 1078 4556 1200 4621; x_wconf 89' lang='lat' dir='ltr'>incerta</span> <span class='ocrx_word' id='word_1_245' title='bbox 1222 4557 1294 4622; x_wconf 90' lang='lat' dir='ltr'>lnce</span> <span class='ocrx_word' id='word_1_246' title='bbox 1318 4558 1518 4642; x_wconf 89' lang='lat' dir='ltr'>corruptelae</span> <span class='ocrx_word' id='word_1_247' title='bbox 1541 4557 1618 4622; x_wconf 88' lang='lat' dir='ltr'>Ber·</span> 
     </span>
     <span class='ocr_line' id='line_1_29' title="bbox 381 4663 1619 4751; baseline -0.002 -20"><span class='ocrx_word' id='word_1_248' title='bbox 381 4667 486 4751; x_wconf 85' lang='lat' dir='ltr'>naysii</span> <span class='ocrx_word' id='word_1_249' title='bbox 513 4666 679 4751; x_wconf 85' lang='lat' dir='ltr'>ingenium</span> <span class='ocrx_word' id='word_1_250' title='bbox 709 4667 891 4730; x_wconf 88' lang='lat' dir='ltr'>assecutum</span> <span class='ocrx_word' id='word_1_251' title='bbox 919 4668 981 4747; x_wconf 88' lang='lat' dir='ltr'>est,</span> <span class='ocrx_word' id='word_1_252' title='bbox 1010 4665 1066 4748; x_wconf 91' lang='lat' dir='ltr'>qui</span> <span class='ocrx_word' id='word_1_253' title='bbox 1094 4663 1265 4729; x_wconf 87' lang='lat' dir='ltr'>discrimen</span> <span class='ocrx_word' id='word_1_254' title='bbox 1292 4664 1454 4749; x_wconf 83' lang='lat' dir='ltr'>quoddam</span> <span class='ocrx_word' id='word_1_255' title='bbox 1481 4663 1619 4730; x_wconf 90' lang='lat' dir='ltr'>indicari</span> 
     </span>
     <span class='ocr_line' id='line_1_30' title="bbox 340 4769 1620 4858; baseline -0.003 -20"><span class='ocrx_word' id='word_1_256' title='bbox 340 4799 366 4838; x_wconf 85' lang='lat' dir='ltr'>ao</span> <span class='ocrx_word' id='word_1_257' title='bbox 380 4774 549 4856; x_wconf 87' lang='lat' dir='ltr'>intellexit,</span> <span class='ocrx_word' id='word_1_258' title='bbox 572 4794 636 4856; x_wconf 90' lang='lat' dir='ltr'>quo</span> <span class='ocrx_word' id='word_1_259' title='bbox 661 4775 758 4857; x_wconf 87' lang='lat' dir='ltr'>poeta</span> <span class='ocrx_word' id='word_1_260' title='bbox 781 4770 923 4835; x_wconf 90' lang='lat' dir='ltr'>comicus</span> <span class='ocrx_word' id='word_1_261' title='bbox 946 4774 1099 4854; x_wconf 84' lang='lat' dir='ltr'>uteretur,</span> <span class='ocrx_word' id='word_1_262' title='bbox 1122 4791 1196 4836; x_wconf 88' lang='lat' dir='ltr'>cum</span> <span class='ocrx_word' id='word_1_263' title='bbox 1220 4770 1368 4855; x_wconf 85' lang='lat' dir='ltr'>personis</span> <span class='ocrx_word' id='word_1_264' title='bbox 1391 4769 1561 4858; x_wconf 85' lang='lat' dir='ltr'>agentibus</span> <span class='ocrx_word' id='word_1_265' title='bbox 1583 4771 1620 4834; x_wconf 94' lang='lat' dir='ltr'>in</span> 
     </span>
     <span class='ocr_line' id='line_1_31' title="bbox 378 4875 1619 4963; baseline 0.002 -25"><span class='ocrx_word' id='word_1_266' title='bbox 378 4875 488 4943; x_wconf 87' lang='lat' dir='ltr'>fabula</span> <span class='ocrx_word' id='word_1_267' title='bbox 511 4901 601 4943; x_wconf 88' lang='lat' dir='ltr'>suam</span> <span class='ocrx_word' id='word_1_268' title='bbox 624 4879 763 4963; x_wconf 91' lang='lat' dir='ltr'>patriam</span> <span class='ocrx_word' id='word_1_269' title='bbox 786 4877 932 4963; x_wconf 89' lang='lat' dir='ltr'>linguam</span> <span class='ocrx_word' id='word_1_270' title='bbox 950 4877 1139 4961; x_wconf 89' lang='lat' dir='ltr'>impertiret,</span> <span class='ocrx_word' id='word_1_271' title='bbox 1161 4876 1324 4962; x_wconf 89' lang='lat' dir='ltr'>hospitem</span> <span class='ocrx_word' id='word_1_272' title='bbox 1343 4881 1451 4942; x_wconf 90' lang='lat' dir='ltr'>autem</span> <span class='ocrx_word' id='word_1_273' title='bbox 1474 4877 1503 4941; x_wconf 92' lang='lat' dir='ltr'>si</span> <span class='ocrx_word' id='word_1_274' title='bbox 1521 4898 1619 4960; x_wconf 90' lang='lat' dir='ltr'>quem</span> 
     </span>
    </p>
   </div>
   <div class='ocr_carea' id='block_1_5' title="bbox 0 0 1988 5725">
    <p class='ocr_par' dir='ltr' id='par_1_10' title="bbox 0 0 1988 5725">
     <span class='ocr_line' id='line_1_32' title="bbox 0 0 1988 5725; baseline 0 0"><span class='ocrx_word' id='word_1_275' title='bbox 0 0 1988 5725; x_wconf 95' lang='lat' dir='ltr'> </span> 
     </span>
    </p>
   </div>
  </div>
 </body>
</html>
