3967 5725
539 634 590 683 un
607 634 838 685 1111111110
856 633 1003 685 munau
1019 633 1161 685 runcis
1180 615 1349 687 occurro,
1513 631 1576 695 121

343 800 471 860 tantum
500 795 735 880 disputabimus
765 795 873 858 dedita
902 817 1014 880 opera3
1040 797 1076 859 in
1103 795 1221 879 quibus
1247 793 1320 881 (14)
1342 794 1581 877 postulaveram

343 925 403 987 per
425 924 565 967 errorem
590 904 746 986 scriptum
769 924 839 966 esse
857 904 1019 967 neminem
1037 902 1138 989 fugit3
1161 904 1253 967 cuius
1273 901 1465 966 emendandi
1484 923 1580 966 causa

345 1009 433 1093 quod
451 1031 470 1072 a
487 1009 667 1073 Dombarto
686 1010 891 1094 propositum
909 1012 959 1073 est
970 1015 1212 1091 prostraverant
1228 1010 1412 1092 speciosum
1431 1012 1480 1073 est
1498 1009 1580 1073 mul-

345 1117 452 1199 tisque
484 1117 679 1201 perplacuit,
712 1116 768 1181 sed
800 1115 857 1180 ubi
885 1138 978 1181 suum
1005 1116 1114 1180 locum
1142 1116 1175 1181 in
1204 1115 1365 1180 sententia
1392 1116 1581 1201 occupabat,

344 1223 459 1286 turbae
478 1222 675 1309 oriebantur;
698 1244 778 1307 quas
796 1227 833 1286 nt
851 1227 1005 1307 pacarent
1026 1224 1082 1287 sed
1096 1226 1275 1307 posuerunt
1293 1245 1353 1307 pro
1371 1228 1408 1307 et,
1430 1224 1493 1288 hec
1510 1246 1581 1287 sen-

345 1330 447 1394 tentia
475 1334 622 1416 separata
649 1353 668 1394 a
695 1330 816 1414 priore,
844 1330 879 1393 in
908 1351 971 1415 qua
994 1330 1058 1393 iam
1081 1336 1256 1412 rapuerant
1276 1331 1461 1394 maluerunt
1483 1353 1580 1415 qnam

344 1444 517 1519 rapuerant
549 1436 653 1501 scribi.
704 1436 818 1522 ltaque
846 1437 887 1501 ab
920 1436 976 1501 illo
1009 1437 1103 1501 initio
1135 1437 1266 1522 longius
1299 1435 1580 1523 progredientibus

346 1546 484 1627 denique
506 1544 585 1609 haec
609 1544 713 1609 oratio
736 1548 813 1609 nata
836 1548 885 1609 est
907 1565 1004 1626 neque
1026 1547 1110 1609 euim
1127 1550 1298 1626 ponemus
1323 1546 1359 1608 r'n
1387 1545 1467 1625 ipsis
1493 1545 1581 1609 bellis

346 1653 418 1716 deos
440 1652 599 1716 adiutores
620 1652 738 1730 hobae,
762 1652 912 1716 adversis
929 1672 1005 1733 quos
1023 1673 1117 1716 mma
1134 1657 1324 1733 rapuerant:
1346 1652 1401 1717 sed
1417 1672 1493 1733 quos
1503 1673 1580 1733 pro

344 1764 522 1823 strovemrd
544 1760 789 1840 detriumphatos
811 1758 905 1823 colere
936 1764 1104 1841 saepem.
1151 1757 1200 1822 Ite
1222 1780 1299 1824 vero
1323 1758 1448 1843 primae
1476 1759 1580 1824 conie
1594 1786 1622 1825 ιο

345 1868 464 1951 cbrrae,
478 1888 560 1949 quae
579 1864 704 1949 reliqua
723 1887 763 1930 ex
781 1886 815 1929 se
833 1867 968 1950 peperit,
981 1864 1194 1950 probabilitas
1213 1866 1320 1951 periit,
1342 1886 1402 1929 nec
1421 1865 1581 1929 sententia

344 1974 415 2058 ipsa
434 1974 469 2036 in
486 1971 573 2036 hunc
592 1972 725 2036 modum
744 1974 922 2038 constituta
940 1974 1067 2056 placere
1085 1976 1203 2056 potest,
1221 1995 1303 2056 quae
1323 1974 1362 2037 ab
1383 1995 1420 2037 eo
1435 1973 1580 2059 discedit,

346 2081 432 2163 quod
456 2102 618 2144 summum
642 2082 719 2163 erat,
744 2102 801 2145 cur
824 2079 900 2144 deos
923 2078 1061 2144 hostiles
1079 2079 1219 2144 Romani
1243 2080 1404 2145 adiutores
1428 2081 1461 2144 in
1485 2080 1579 2145 bellis

345 2186 465 2251 habere
487 2208 554 2251 non
576 2188 752 2270 potuerint.
789 2186 903 2270 ltaque
926 2185 1124 2252 redeundum
1144 2190 1195 2250 est
1213 2186 1253 2250 ad
1271 2187 1423 2251 traditam
1442 2187 1580 2251 formam

345 2315 441 2375 neque
463 2296 546 2358 enim
564 2299 733 2375 potuerunt
756 2296 791 2357 lu
815 2295 894 2375 ipsis
916 2294 1004 2359 bellis
1026 2295 1097 2359 deos
1119 2294 1278 2359 adiutores
1298 2294 1409 2358 halem
1432 2294 1582 2358 adrasus

345 2422 421 2482 quos
453 2422 545 2465 armo
577 2407 751 2483 rapuerunt
782 2407 809 2465 et
840 2422 916 2482 quos
941 2402 1179 2483 postulaverant
1211 2401 1456 2483 detriumphatos
1486 2400 1582 2465 volere

346 2514 513 2589 coeperunt,
533 2512 564 2572 et
582 2507 646 2571 hoc
664 2506 729 2572 iam
747 2508 885 2571 firmiter
903 2508 1078 2573 tenendum
1098 2512 1147 2572 est
1163 2530 1223 2593 par
1241 2507 1483 2572 enuntiatorum
1501 2506 1581 2571 rela-

346 2617 486 2682 tivorum
510 2616 660 2681 adversus
682 2636 758 2697 qrvos
780 2637 873 2680 armo
895 2621 1069 2697 rapuerunt
1087 2622 1114 2680 et
1132 2636 1208 2697 quos
1226 2615 1470 2697 detriumphatos
1487 2615 1582 2680 colere

346 2730 508 2804 coeperunt
531 2723 738 2787 coniectando
762 2722 914 2807 temptari
936 2744 1003 2786 non
1028 2721 1195 2808 debere*);
1218 2724 1253 2786 in
1273 2744 1411 2806 quorum
1430 2723 1532 2786 altero
1553 2720 1580 2785 si

345 2834 454 2895 tamen
470 2836 711 2913 prostraverant
733 2827 806 2917 (pro
824 2827 1075 2917 postulaverant)
1099 2828 1318 2914 recipiendum
1342 2833 1400 2909 est,
1428 2828 1491 2894 hoc
1513 2851 1580 2894 non
1594 2855 1622 2897 so

345 2940 453 3022 potest
475 2937 546 3001 fieri
564 2937 627 3002 nisi
647 2937 757 3002 addita
776 2936 935 3022 particula
952 2937 1139 3022 temporali:
1163 2943 1192 3002 et
1208 2958 1284 3019 quos
1302 2939 1357 3002 ubi
1377 2933 1579 3024 (postquam)

339 3051 579 3126 prostraverant
602 3045 848 3127 detriumphatos
870 3045 964 3109 colere
986 3050 1163 3126 coeperunt;
1192 3044 1248 3108 sed
1270 3044 1345 3128 hoc,
1372 3067 1413 3108 ne
1439 3044 1518 3128 qnid
1541 3044 1581 3108 de

346 3153 491 3216 oratione
520 3151 675 3236 dicamus,
704 3151 893 3216 emendandi
922 3150 1052 3235 quidem
1079 3151 1310 3235 probabilitate
1332 3173 1399 3216 non
1423 3173 1581 3216 commen-

346 3259 453 3342 datur3
475 3259 605 3342 utrique
629 3259 744 3323 melius
764 3259 909 3343 satisfiet,
933 3281 971 3324 ex
985 3258 1223 3342 postulaverant
1241 3260 1269 3322 si
1288 3262 1496 3343 recuperatur
1508 3264 1582 3340 post

343 3367 521 3444 victoriam,
549 3365 580 3430 h.
605 3389 630 3430 e.
658 3365 742 3429 idem
768 3366 855 3449 quod
878 3388 974 3448 snpra
998 3365 1032 3429 in
1056 3365 1153 3429 simili
1176 3365 1321 3429 oratione
1345 3366 1488 3450 positum
1512 3368 1580 3431 erat

348 3471 399 3559 (8)
423 3475 565 3556 captivos
587 3493 640 3538 eos
655 3479 729 3555 post
751 3475 898 3538 oiotmtos
919 3473 1066 3550 adnare,
1095 3476 1128 3536 et
1155 3473 1242 3555 quod
1269 3472 1303 3535 in
1331 3472 1392 3536 hac
1420 3472 1581 3536 sententia

344 3583 479 3664 propter
502 3579 747 3662 detriumphatos
769 3601 863 3664 aegre
887 3578 1061 3643 desiderari
1084 3583 1225 3665 poterat3
1249 3581 1336 3664 quod
1359 3602 1417 3664 per
1439 3601 1580 3644 errorem

345 3685 464 3751 abiisse
489 3687 523 3751 in
540 3687 778 3770 postulaverant
793 3686 916 3751 nemini
934 3685 1121 3750 incredibile
1140 3685 1303 3750 videbitur
1321 3709 1394 3751 oum
1414 3685 1580 3768 deliberat,

346 3792 523 3858 scribentes
548 3815 642 3878 saepe
666 3795 770 3878 specie
794 3793 865 3856 duci
891 3814 988 3875 qnam
1011 3793 1187 3876 exprimis
1211 3791 1345 3876 syllabis
1372 3793 1504 3876 capiunt
1531 3795 1579 3855 to·

287 3903 328 3958 15
344 3900 411 3964 tius
435 3900 595 3986 vocabuli,
618 3904 651 3964 et
675 3923 714 3964 ex
736 3900 830 3965 initio
849 3899 947 3963 huius
966 3899 1144 3983 scripturae
1161 3901 1299 3980 postulet
1317 3899 1344 3963 si
1364 3900 1436 3981 quis
1449 3899 1579 3980 postula
1593 3924 1622 3964 so

343 4005 451 4093 legere
476 4007 537 4073 sibi
560 4009 648 4072 risus
673 4010 748 4091 erat,
772 4007 895 4090 reliqua
919 4027 977 4069 sua
1001 4009 1115 4090 sponte
1140 4005 1364 4089 sequebantur.
1402 4003 1465 4069 Sed
1488 4004 1580 4089 quid·

346 4115 486 4196 quidde
510 4116 628 4179 erroris
653 4115 777 4200 origine
801 4113 970 4196 iudicatur,
999 4112 1155 4177 orationis
1178 4113 1315 4176 formam
1338 4134 1405 4177 non
1426 4116 1579 4198 putamus

344 4243 439 4304 posse
463 4221 600 4286 inveniri
624 4243 705 4305 quae
729 4220 835 4306 aptior
859 4221 902 4284 sit
923 4220 984 4284 hac

479 4349 575 4410 neque
604 4331 688 4393 euim
712 4334 881 4410 potueruut
909 4329 944 4391 tu
974 4329 1054 4409 apsis
1083 4326 1169 4392 bellis
1198 4328 1269 4391 deos
1291 4328 1449 4391 adiutores
1470 4326 1582 4391 bahem

434 4539 499 4608 *19)
517 4539 606 4606 quue
624 4539 795 4593 Dombartus
819 4542 918 4606 postea
941 4539 1002 4606 ipse
1026 4537 1182 4607 perspexit,
1208 4537 1306 4606 quiin
1325 4537 1449 4592 editione
1468 4555 1492 4590 a.
1509 4542 1577 4591 1881

345 4636 371 4682 et
392 4645 458 4698 quos
480 4628 598 4682 retinnit
620 4627 705 4682 verbo
724 4630 933 4697 postulaverant
955 4626 1072 4682 incluso.
1094 4659 1126 4667 -
1145 4627 1177 4680 Iu
1202 4627 1319 4681 alteram
1337 4629 1447 4695 partem
1466 4626 1580 4697 longius

344 4718 484 4786 processit
500 4717 644 4772 Hartelius
663 4721 737 4788 (ann.
753 4735 847 4788 gymn.
862 4717 956 4771 Austr.
973 4723 1042 4771 1869
1056 4736 1083 4786 p.
1098 4720 1160 4786 357)
1179 4717 1228 4785 qni
1246 4717 1319 4770 hanc
1338 4714 1507 4771 sententiam
1526 4714 1581 4769 Sed

345 4823 412 4874 quoe
429 4813 651 4876 prostraverant,
674 4808 888 4875 detrtmnphotos
911 4807 995 4861 colere
1015 4813 1158 4877 amount
1176 4823 1193 4860 a
1212 4806 1403 4875 superioribus
1422 4804 1579 4864 seiunctam

345 4911 408 4949 cum
427 4895 642 4964 insequentibus
661 4896 764 4951 maluit
782 4895 906 4964 quadem
923 4896 1035 4950 ratione
1053 4896 1194 4967 coniungi.
