3967 5725
418 627 485 692 480
547 657 555 673 ·
608 629 706 680 num.
725 629 840 679 mnux
858 628 1072 680 nuorrouuu
1089 628 1329 680 nmnnrnuuu
1349 628 1480 698 mosim.

417 812 493 855 vero
515 789 592 855 libri
612 811 703 855 secus
722 789 885 872 exhibent,
909 789 1070 855 scribendi
1088 791 1211 854 incuria
1230 791 1384 875 peccavit,
1406 811 1507 875 eaque
1526 791 1652 875 pridem

415 901 562 963 correcta
580 901 664 961 sunt.
692 895 817 961 Merum
837 896 922 960 euim
940 896 1066 961 librarii
1084 918 1224 961 errorem
1243 918 1312 962 esse
1331 901 1477 982 apertum
1497 901 1546 962 est
1565 898 1652 982 quod

417 1004 536 1088 duplex
565 1003 748 1088 exemplum
771 1003 879 1068 Plauti
908 1002 995 1087 quod
1021 1003 1184 1088 praecedit
1210 1003 1344 1068 tertium
1372 1004 1492 1089 excipit
1515 1005 1652 1070 Plautus

417 1110 534 1194 dlcpse
555 1132 615 1195 pro
634 1109 775 1175 Pacuvio
800 1110 856 1194 qui
879 1113 912 1175 et
936 1108 1092 1194 Chrysem
1115 1111 1245 1195 scripsit
1263 1116 1296 1175 et
1313 1109 1466 1195 llionsm3
1489 1115 1521 1176 et
1539 1114 1651 1177 anicio

415 1223 515 1282 muter
543 1218 600 1302 qui
632 1218 776 1282 exaravit
807 1238 906 1302 prave
938 1217 1055 1302 legisse
1089 1218 1176 1300 quod
1203 1222 1271 1282 arat
1299 1218 1443 1284 ocimum
1470 1224 1537 1283 uter
1569 1217 1650 1305 (sive

415 1322 521 1411 oder).
557 1323 659 1390 Nonii
682 1324 868 1389 testimonio
891 1322 1016 1388 accedit
1039 1323 1184 1407 alterum,
1207 1323 1372 1408 Varronis,
1396 1326 1452 1408 qui
1470 1329 1562 1410 parte
1582 1328 1650 1410 qui·

415 1432 488 1496 dem
512 1433 688 1496 sententiae
705 1431 906 1496 Pacuvianus
929 1434 1032 1494 utitur
1056 1452 1128 1495 cum
1153 1432 1198 1496 ita
1216 1431 1329 1497 scribit
1348 1432 1386 1496 de
1405 1433 1518 1519 lingua
1534 1431 1650 1498 Latina

415 1556 438 1601 v
462 1539 515 1604 60:

550 1646 680 1711 ‘caelum
703 1652 732 1711 et
753 1653 838 1712 terra
860 1649 968 1712 omniu
991 1667 1029 1712 ec
1051 1667 1083 1714 se
1100 1652 1273 1730 penserunt
1289 1647 1372 1729 quod
1382 1667 1443 1730 per
1460 1647 1515 1713 bos
1532 1655 1649 1714 cutura

375 1782 402 1822 ιο
552 1754 690 1836 “fripori
718 1755 824 1819 miscet
852 1754 984 1819 colorem
1017 1759 1109 1836 atque
1136 1754 1261 1819 humori
1288 1754 1514 1819 mitudinem’'.
1559 1756 1650 1821 lieris

547 1861 646 1943 ipitur
660 1861 822 1926 Pacuuius
838 1862 922 1944 quod
936 1863 984 1926 uit
999 1861 1167 1926 “ocimam
1181 1861 1284 1926 adhe
1297 1861 1457 1944 udicput''
1475 1868 1505 1927 et
1521 1863 1650 1928 Ennius

549 1966 690 2032 “terram
721 1987 832 2050 corpus
860 1989 941 2050 quoe
969 1969 1089 2034 dedeit
1117 1968 1220 2050 ipsam
1248 1988 1477 2050 cuperemque
1503 1969 1649 2052 dispendi

547 2076 651 2155 fucere
672 2075 817 2140 bilum’'.'

412 2181 545 2247 Poterat
568 2203 633 2246 uuo
656 2205 751 2247 versu
775 2181 907 2247 Pacuvii
931 2181 1065 2268 defungi
1087 2183 1116 2246 si
1134 2185 1239 2247 totum
1258 2181 1429 2266 attulisset,
1452 2183 1509 2267 qui
1528 2187 1647 2248 utrum-

413 2310 476 2372 que
495 2288 643 2372 habebat,
662 2293 694 2352 et
713 2288 857 2372 corporis
876 2293 909 2354 et
927 2289 1051 2354 animae
1071 2290 1237 2374 originem,
1257 2289 1312 2354 sed
1331 2289 1370 2354 de
1387 2311 1520 2374 corpore
1535 2291 1649 2356 maluit

413 2395 513 2459 Ennii
531 2417 658 2460 versum
683 2399 716 2460 et
739 2400 846 2460 ortum
866 2401 899 2460 et
917 2397 1084 2460 interitum
1098 2396 1247 2461 testantis
1262 2397 1456 2462 adscribere:
1475 2419 1647 2481 quaerero

412 2501 545 2566 Pacuvii
568 2503 671 2584 affert,
694 2503 762 2567 noli
786 2502 933 2567 dubitare
957 2503 1117 2588 integram
1142 2525 1210 2568 esse
1231 2525 1290 2569 neo
1308 2503 1375 2569 ulla
1393 2508 1484 2588 parte
1503 2526 1648 2570 mancam

413 2609 614 2673 sententiam.
1603 2653 1605 2660 ‹

502 2715 554 2780 Ad
576 2715 658 2779 hanc
681 2716 783 2800 igitur
800 2738 947 2781 normam
967 2739 1049 2800 quae
1068 2717 1205 2784 testibus
1225 2719 1409 2784 continetur
1427 2740 1499 2784 cum
1518 2741 1645 2784 versum

371 2843 432 2890 soa
454 2821 634 2888 Ribbeckio
660 2823 821 2888 edolatum
845 2823 1023 2909 referimus,
1051 2824 1275 2891 admirabundi
1299 2826 1482 2911 quaerimus
1506 2827 1562 2911 qui
1584 2819 1651 2892 hoo'

411 2931 533 2995 factum
556 2933 708 3015 putemus
730 2935 768 2995 ut
790 2952 830 2994 ex
853 2930 905 2995 his
929 2954 1011 3015 quae
1034 2934 1089 2997 ille
1112 2938 1242 3017 poetam
1265 2934 1433 3019 scripsisse
1456 2934 1594 2999 confidat

283 3019 286 3025 ¹
546 3037 655 3102 Mater
672 3040 1124 3122 terrae-parathanorum,
1143 3042 1287 3106 unimam
1301 3046 1404 3107 aaran
1418 3044 1647 3125 immadident

411 3148 484 3209 orta
506 3145 572 3209 sint
595 3167 633 3209 ea
656 3167 737 3229 quae
760 3147 891 3211 testium
915 3148 1090 3213 auctoritas
1113 3152 1255 3231 praestat

545 3252 655 3317 Mater
677 3258 721 3318 est
743 3260 844 3318 terra:
867 3275 905 3319 ea
920 3257 1014 3336 parit
1036 3275 1162 3336 corpus:
1186 3257 1330 3321 ocimum
1348 3256 1451 3321 umber
1469 3256 1608 3337 adiuerit.

410 3356 494 3422 Nam
524 3358 678 3425 credibile
705 3381 770 3425 non
799 3365 849 3425 est
872 3361 999 3447 vulgari
1018 3362 1177 3427 scribendi
1201 3384 1308 3427 errore
1331 3362 1393 3427 hcc
1416 3363 1581 3445 accidisse,
1608 3365 1646 3425 ut

410 3465 445 3527 in
472 3487 537 3529 uno
561 3466 728 3550 versiculo,
756 3468 812 3551 qui
836 3470 891 3531 vix
913 3467 1022 3533 decem
1045 3466 1142 3532 verba
1165 3473 1262 3553 tenet,
1288 3473 1339 3534 tot
1363 3474 1395 3533 et
1417 3473 1508 3535 tanta
1531 3470 1646 3533 immu-

409 3576 477 3635 tata
501 3574 574 3657 sint,
605 3596 670 3638 una
692 3596 756 3639 vox
779 3575 905 3659 extrita,
930 3576 978 3639 bis
1002 3575 1184 3660 collocatio,
1216 3576 1263 3641 bis
1287 3576 1391 3642 forma
1413 3576 1644 3643 vocabulorum

409 3679 543 3745 inversa.
582 3678 760 3745 Consilium
779 3682 888 3748 autem
907 3681 1099 3767 corrigentis
1119 3684 1145 3746 si
1165 3684 1328 3762 statuitur,
1347 3706 1458 3749 rursus
1476 3683 1539 3749 hoc
1557 3684 1645 3749 miri-

409 3787 468 3850 fice
492 3788 580 3852 dicas
604 3789 762 3872 evenisse,
788 3793 826 3852 ut
849 3810 931 3872 quae
954 3788 1009 3853 ille
1033 3793 1173 3855 mutasse
1197 3790 1338 3856 ereditur
1360 3813 1426 3856 non
1449 3812 1489 3855 ex
1511 3790 1644 3856 meliore

367 3918 395 3960 ao
409 3894 443 3958 in
471 3894 611 3959 deterius
639 3896 693 3960 sed
723 3895 861 3961 invicem
884 3918 924 3959 ex
946 3897 1055 3981 peiore
1079 3897 1112 3959 in
1135 3897 1232 3982 longe
1255 3898 1369 3963 melius
1393 3919 1546 3963 conversa
1569 3899 1642 3963 sint.

408 3999 471 4077 Qui
494 4003 579 4067 enim
603 4023 685 4086 quae
709 4024 807 4086 supra
829 4005 1008 4087 composita
1031 4008 1107 4069 sunt
1125 4003 1356 4070 versiculorum
1375 4006 1522 4090 exempla
1539 4006 1643 4071 libero

408 4108 516 4172 auimo
539 4110 625 4173 inter
647 4132 681 4173 se
704 4110 915 4196 contenderit,
937 4132 1004 4175 non
1026 4112 1146 4194 poterit
1166 4134 1231 4176 non
1250 4112 1346 4176 fateri
1365 4134 1435 4177 eam
1455 4131 1535 4195 quae
1554 4113 1643 4178 testi-

407 4214 469 4279 bus
497 4220 629 4300 accepta
651 4217 775 4282 feratur
798 4218 978 4284 orationem
1002 4218 1111 4284 nativo
1135 4240 1228 4283 sensu
1252 4220 1408 4284 sermonis
1431 4222 1541 4285 natam
1564 4241 1644 4303 esse,

408 4344 490 4406 quae
513 4345 553 4387 ax
574 4322 747 4388 Ribbeokii
769 4347 867 4390 manu
890 4326 1005 4390 exierit
1028 4324 1197 4390 tralaticiis
1219 4326 1460 4411 philologorum
1482 4326 1642 4391 machinis

407 4434 551 4495 coactam
578 4429 697 4497 habere
725 4453 782 4497 cur
810 4433 973 4499 subtiliori
1002 4432 1121 4497 iudicio
1151 4431 1327 4517 displiceat.
1365 4431 1436 4509 Quo
1463 4434 1567 4525 magis
1592 4453 1643 4499 ca-

406 4537 547 4601 vendum
570 4543 621 4603 est
642 4561 684 4605 ne
708 4562 789 4625 quae
812 4540 915 4625 proba
938 4544 970 4603 et
993 4540 1123 4627 egregia
1145 4543 1178 4603 et
1200 4539 1332 4604 testium
1354 4540 1508 4625 suffragio
1528 4540 1642 4605 confir-

406 4646 494 4708 mata
522 4650 599 4710 sunt
625 4648 733 4713 nescio
762 4670 859 4732 quam
887 4650 1064 4711 metrorum
1092 4647 1315 4711 necessitatem
1343 4647 1438 4712 nobis
1460 4651 1642 4732 pervertere

407 4753 440 4812 et
464 4753 658 4819 conturbare
680 4754 849 4837 patiamur.

496 4850 588 4922 Olim·
608 4859 805 4925 Ribbeckius
828 4882 957 4925 versum
980 4860 1027 4925 ita
1050 4860 1212 4926 dimensus
1236 4860 1390 4927 ediderat:
