3967 5725
388 652 408 714 8
551 652 676 703 XXXIV.
695 652 811 703 INDEX
828 651 1043 705 ascalonam
1060 651 1302 704 HIBEBNARUM
1320 650 1451 720 1891s92.

386 815 552 879 mittamus
579 814 653 900 cogi
679 834 774 897 posse
802 813 947 878 videmur
975 814 1076 878 altero
1103 834 1198 877 versu
1223 812 1432 899 ·Theognideo
1458 811 1544 877 1105
1572 814 1620 889 εἰς

386 921 537 1005 βάσανον
564 918 594 985 δ’
626 919 739 986 ἐλθὼν
765 921 1050 1004 παρατριβόμενός
1075 944 1111 985 τε
1137 920 1296 1009 μολύβδῳ
1321 921 1444 1005 χρυσὸς
1464 921 1621 1004 ’ἀπεφθος

388 1027 453 1094 ε’ὼν
479 1028 580 1105 καλὸς
608 1028 731 1093 ἅπασιν
757 1029 830 1113 έσῃ;
861 1047 998 1110 cumque
1025 1023 1064 1091 ἐν
1090 1025 1226 1104 ἀκόναις
1252 1026 1377 1092 dicatur
1403 1026 1439 1092 in
1461 1026 1621 1093 sententia

388 1134 535 1199 Chilonis
560 1132 709 1221 (Diogen.
728 1133 831 1199 Laert.
852 1152 865 1198 1
885 1130 941 1221 71)
970 1132 1009 1200 ἐν
1036 1135 1185 1211 λιθίναις
1211 1133 1346 1211 ἀκόναις
1368 1134 1387 1200 ὁ
1410 1135 1533 1219 χρυσὸς
1554 1131 1620 1211 ἑξε-

386 1243 525 1323 τάζεται,
548 1242 666 1318 διδοὺς
683 1242 833 1324 βάσανον
851 1242 1012 1326 φανεράν,
1033 1240 1071 1308 ἑν
1090 1241 1128 1306 ol
1145 1249 1258 1330 χρυσῷ
1273 1240 1408 1325 ἀνδρῶν
1426 1241 1566 1324 ἀγαθῶν
1585 1265 1620 1306 τε

386 1361 498 1415 κακῶν
515 1372 550 1415 τε
568 1358 649 1425 νοῦς
668 1346 763 1415 ἔδακ’
786 1346 934 1433 ἔλεγχον,
952 1349 1060 1413 minus
1078 1352 1166 1414 recte
1185 1346 1223 1414 ἐν
1232 1350 1370 1437 βασάνῳ
1385 1348 1495 1414 eadem
1510 1349 1542 1413 vi
1556 1348 1620 1413 dici

385 1460 537 1542 putamus
565 1457 600 1521 in
622 1455 753 1520 Pindari
781 1477 876 1521 versu
901 1453 1009 1542 (Pyth.
1031 1457 1082 1539 10,
1096 1454 1155 1543 67)
1177 1467 1335 1541 πειρῶντι
1358 1452 1396 1521 δέ
1418 1453 1474 1521 καὶ
1496 1456 1622 1540 χρυσὸς

386 1562 424 1630 ἐν
446 1565 581 1651 βασάνῳ
604 1562 722 1645 πρέπει
744 1563 799 1627 καλ
822 1566 899 1640 νόος
922 1562 1048 1644 ὀρθόςλ
1070 1563 1105 1627 in
1124 1585 1189 1647 quo
1209 1563 1236 1627 si
1255 1566 1304 1627 est
1323 1561 1361 1628 ἐν
1378 1562 1514 1650 βασάνῳ
1533 1562 1622 1646 quod

386 1672 501 1736 volunt
529 1671 580 1735 ‘in
607 1669 816 1754 probatione'
843 1692 959 1754 parum
987 1670 1067 1735 scite
1094 1670 1198 1735 oratio
1227 1671 1354 1735 onerari
1381 1670 1536 1734 videatur.
1581 1666 1621 1732 In

346 1804 372 1844 ro
387 1776 507 1863 Gorgia
529 1777 602 1861 ipso
626 1798 699 1842 cum
723 1776 802 1841 dicit
821 1773 968 1841 Socrates
993 1768 1093 1842 οὐδέν
1112 1801 1169 1859 μοι
1189 1778 1241 1842 δεῖ
1258 1777 1361 1860 άλλης
1379 1776 1528 1861 βασάνου
1547 1798 1621 1860 pro-

386 1884 549 1950 bationem
577 1882 741 1969 intelligas
767 1882 858 1968 licet3
886 1883 942 1949 sed
968 1882 1066 1968 paulo
1093 1888 1170 1968 post
1196 1906 1271 1949 cum
1298 1883 1345 1948 ita
1367 1883 1447 1949 dicit
1469 1882 1541 1971 (58,
1557 1881 1617 1978 23)

386 1991 494 2057 οὐκέτι
529 1991 611 2056 αὐτὸ
640 1991 750 2073 δεήσει
778 1988 834 2055 ἐπ’
861 1991 966 2074 ἀλλην
992 1990 1143 2075 βάσανον
1169 1990 1351 2075 ἀναφέρειν
1378 1989 1523 2057 oratione
1549 1992 1621 2075 ipsa

386 2099 551 2164 admoneri
573 2098 720 2163 ridemur
743 2102 780 2163 ut
803 2098 842 2162 de
865 2098 1003 2163 coticula
1026 2097 1214 2185 cogitemus.
1254 2098 1423 2182 Multaque
1445 2097 1531 2183 apud
1549 2096 1621 2162 Pla-

386 2210 496 2271 tonem
515 2209 591 2270 sunt
610 2227 691 2290 quae
710 2204 862 2291 ambigua
880 2226 950 2271 esse
968 2205 1134 2270 fatendum
1154 2206 1256 2270 estin
1274 2209 1382 2270 utram
1397 2227 1506 2270 earum
1519 2204 1617 2290 signi·
1637 2200 1659 2255 9

318 2373 322 2379 .
385 2313 568 2394 ficationem
593 2314 805 2399 accipiantur3
832 2311 923 2378 velut
944 2312 979 2377 in
1002 2312 1144 2399 Legibus
1168 2334 1249 2396 quae
1271 2312 1424 2399 leguntur
1445 2330 1510 2376 vm
1522 2334 1552 2396 p.
1568 2313 1620 2393 80,

387 2420 523 2485 6Belrlr.
548 2423 659 2505 φόβου
683 2417 721 2486 δὲ
744 2409 817 2485 οἷον
839 2420 1096 2503 τελευτήσαντος
1119 2418 1156 2485 ἐν
1178 2428 1258 2484 πᾶσι
1282 2430 1352 2496 τοῖς
1374 2420 1540 2497 τοιούτοις
1563 2421 1621 2504 βά-

386 2544 492 2593 σανον
515 2526 576 2611 οὐχ
600 2528 755 2611 εὑρήσειν
773 2538 841 2591 τῶν
859 2550 894 2591 τε
913 2526 1100 2609 ἀμεινόνων
1118 2525 1172 2591 καλ
1191 2529 1353 2611 χειρόνων
1372 2528 1429 2610 qui
1448 2527 1623 2592 contulerit

388 2656 461 2699 oum
485 2632 622 2720 Gorgiae
644 2633 752 2698 verbis
776 2655 873 2718 supra
896 2634 1027 2718 scriptis
1051 2633 1113 2699 οὐκ
1135 2632 1178 2698 ἀν
1201 2639 1264 2700 oter
1288 2657 1328 2718 με
1346 2635 1491 2714 ἅσμενον
1510 2634 1623 2718 εὑρεῖν

386 2742 516 2808 τούτων
543 2742 618 2806 τινά
645 2752 712 2806 τῶν
740 2744 848 2806 λίθοιν
876 2745 934 2806 κτλ
961 2741 1099 2805 fortasse
1122 2740 1276 2804 concedet
1298 2762 1364 2805 non
1386 2744 1453 2805 tam
1476 2742 1622 2826 explora-

346 2874 373 2913 ιο
387 2850 508 2914 tionem
537 2871 632 2933 quam
660 2849 692 2913 id
724 2871 788 2932 quo
816 2848 894 2932 quid
923 2848 1085 2932 explorari
1112 2846 1217 2933 possit
1244 2849 1358 2914 notari.
1398 2847 1450 2915 Ne
1478 2848 1623 2933 quidde

387 2956 563 3022 Aristotele
587 2956 731 3021 dicamus
755 2956 811 3039 qui
835 2977 909 3020 cum
932 2956 1045 3021 scribit
1068 2955 1107 3020 de
1130 2957 1227 3020 color.
1247 2954 1268 3019 3
1287 2978 1318 3040 p.
1334 2955 1398 3022 793
1418 2981 1437 3021 a
1455 2956 1498 3021 33
1521 2954 1559 3022 έν
1582 2952 1620 3021 ot

387 3073 432 3152 τῳ
451 3065 717 3148 παρατρόβεσθαι
739 3063 822 3147 πρὸς
846 3058 963 3144 ὁμαλὲς
987 3061 1042 3127 καὶ
1066 3067 1158 3127 λεῖον
1181 3061 1322 3128 ἕκαστον
1344 3063 1488 3146 τούτων,
1515 3063 1622 3128 καθά-

386 3195 448 3255 περ
472 3171 631 3255 καὶπρὸς
654 3171 712 3246 τάς
735 3171 912 3255 βασάνους,
935 3169 1169 3252 ἀποβάλλοντα
1191 3168 1418 3255 ἀπολαμβάνει
1440 3170 1542 3235 πάλιν
1559 3171 1624 3254 τὴν

387 3280 502 3363 χρόαν,
526 3299 720 3361 quamquam
744 3277 942 3342 subobscura
966 3281 1016 3342 est
1039 3277 1197 3341 sententia
1220 3282 1253 3342 et
1275 3277 1414 3342 fortasse
1432 3298 1499 3341 non
1517 3299 1622 3343 emen-

388 3386 460 3451 date
484 3387 614 3472 scripta,
636 3386 804 3468 βασάνους
826 3389 934 3448 tamen
956 3406 1022 3449 non
1045 3384 1154 3468 potuit
1173 3385 1238 3450 nisi
1258 3383 1413 3450 coticulas
1430 3383 1622 3470 intelligere.

388 3491 452 3558 Sed
478 3491 557 3556 haec
585 3493 689 3558 omnis
717 3492 934 3557 controversia
956 3490 1103 3556 haerebit
1125 3493 1161 3557 in
1182 3491 1309 3556 lubrico
1332 3512 1390 3556 nec
1413 3490 1531 3556 certius
1550 3492 1622 3556 fun-

387 3599 456 3665 dari
483 3599 604 3684 poterit
631 3599 694 3664 nisi
723 3598 906 3664 constiterit
933 3620 1015 3682 quae
1042 3600 1209 3684 primitiva
1233 3599 1282 3664 vis
1305 3601 1394 3665 vocis
1415 3598 1527 3682 fuerit,
1554 3620 1624 3663 non

388 3706 480 3791 quasi
502 3706 586 3773 hane
604 3729 702 3772 unam
720 3727 848 3771 necesse
867 3709 910 3771 sit
928 3707 1100 3792 scriptores
1118 3710 1303 3790 sequantur,
1326 3706 1382 3772 sed
1400 3707 1477 3790 quia
1494 3707 1623 3770 cautim
1649 3742 1652 3747 ·

388 3813 548 3879 iudicatur
574 3815 608 3878 in
638 3813 774 3901 singulis
802 3835 876 3878 cum
903 3818 1109 3899 perspectum
1136 3814 1256 3878 habeas
1280 3835 1358 3896 quas
1382 3813 1450 3878 rias
1474 3835 1493 3877 a
1516 3815 1623 3898 eapite

346 3943 374 3982 ao
387 3942 465 3986 usus
483 3921 600 3986 inierit.
637 3922 687 3986 De
705 3943 769 4005 qua
788 3944 822 3984 re
837 3920 1022 4006 linguarum
1038 3921 1257 4005 exploratores
1272 3919 1412 3985 consulti
1425 3921 1623 4005 respondent

387 4027 536 4110 βάσανον
559 4029 709 4113 primitus
732 4028 849 4113 lapidis
873 4050 991 4094 nomen
1015 4048 1084 4092 esse
1108 4026 1204 4110 idque
1227 4027 1388 4093 similibus
1410 4033 1623 4114 cognatarum

386 4135 570 4222 linguarum
592 4136 777 4201 nominibus
801 4136 993 4200 confirmari.
1032 4133 1124 4211 Quod
1148 4135 1176 4199 si
1199 4134 1247 4199 illi
1266 4157 1341 4199 vere
1359 4134 1480 4219 dicunt,
1502 4137 1621 4200 mirum

386 4245 528 4321 nonest,
547 4242 575 4307 si
594 4243 722 4326 quando
742 4244 914 4326 scriptores
933 4243 1029 4305 etiam
1049 4241 1082 4305 in
1100 4240 1239 4326 figurata
1259 4241 1404 4308 oratione
1422 4243 1505 4307 hanc
1523 4243 1620 4327 signi·

386 4350 568 4414 ficationem
601 4351 797 4434 exprimunt,
829 4371 869 4413 ex
900 4370 964 4431 qua
990 4347 1096 4412 facilis
1122 4348 1280 4413 transitus
1308 4352 1378 4413 erat
1405 4349 1445 4413 ad
1473 4349 1622 4430 alteram;

387 4477 447 4522 nec
473 4457 575 4542 magis
603 4455 721 4520 mirum
750 4454 835 4539 quod
863 4477 882 4518 a
909 4453 1122 4538 scriptoribus
1149 4456 1287 4538 profecti
1311 4455 1514 4543 grammatici
1536 4454 1623 4520 hanc

386 4562 569 4647 explicandi
597 4563 754 4627 rationem
781 4561 936 4627 obtinent.
978 4560 1086 4646 Atque
1110 4563 1156 4625 ita
1179 4584 1253 4627 cum
1276 4561 1357 4627 alios
1380 4561 1525 4626 videmus
1549 4566 1620 4627 tum

386 4667 559 4756 Hngonem
577 4668 805 4734 Bluemnerum
823 4668 965 4734 iudicare
984 4669 1019 4732 in
1037 4668 1122 4734 libro
1140 4670 1281 4754 perutili,
1299 4691 1364 4755 quo
1383 4689 1456 4734 cum
1474 4672 1620 4734 veterum

386 4775 502 4862 τέχνας
524 4799 558 4841 τε
581 4775 637 4841 καὶ
660 4772 741 4862 ἔργα
765 4777 996 4860 complectatur
1017 4775 1114 4840 simul
1132 4798 1205 4842 cum
1223 4775 1319 4842 rebus
1337 4777 1489 4861 loquendi
1506 4777 1623 4842 modos

385 4888 538 4950 recenset.
580 4881 643 4950 Sed
672 4883 767 4950 nobis
795 4883 874 4950 satis
901 4883 945 4949 sit
971 4881 1056 4949 hanc
1082 4886 1206 4969 partem
1235 4883 1434 4969 quaestionis
1462 4907 1544 4970 quae
1572 4889 1625 4949 est
