3967 5725
590 637 769 688 sermome
787 637 983 690 Parnonicr
1003 637 1300 690 onsenvlmonns
1318 637 1355 688 n.
1537 632 1604 698 383

372 798 576 863 sedulitatem
595 798 788 884 interpretis,
808 799 947 884 quinon
967 803 1017 865 rat
1035 799 1150 864 habuit
1165 799 1262 863 semel
1277 798 1445 882 exquisitis
1459 795 1606 884 vulgaria

371 905 568 989 adpinxisse,
595 908 651 972 sed
678 906 844 971 luxurians
873 907 1018 971 addendo
1047 906 1185 971 alienam
1214 906 1391 971 orationem
1419 904 1607 969 retractavit

370 1016 408 1076 ut
426 1035 525 1077 suam.
563 1013 761 1079 Hartmanus
780 1014 884 1078 media
901 1014 1001 1079 verba
1018 1013 1244 1098 praetermisit,
1263 1035 1345 1096 quae
1363 1012 1458 1076 nobis
1478 1016 1605 1076 tantum

370 1120 508 1204 probare
534 1120 727 1184 videbantur
751 1120 967 1205 ἀλλότριον
991 1121 1117 1204 quidem
1143 1142 1210 1185 non
1232 1120 1331 1185 fuisse
1356 1120 1504 1184 alienum.
1543 1116 1606 1183 Sed

371 1228 501 1292 omnino
520 1249 580 1291 nos
599 1227 646 1292 ita
664 1229 820 1293 sentimus
841 1232 990 1312 exempta
1003 1231 1094 1313 perte
1108 1227 1279 1292 verborum
1294 1227 1389 1292 huius
1404 1230 1605 1292 venustatem

370 1335 526 1399 orationis
548 1357 615 1401 non
638 1334 751 1399 leviter
774 1334 925 1400 deminui.

458 1439 547 1506 Idem
575 1443 626 1506 vir
653 1442 767 1506 doctus
795 1442 829 1506 in
855 1443 966 1507 eodem
989 1441 1100 1507 libello
1123 1465 1154 1527 p.
1176 1441 1239 1506 102
1264 1462 1346 1525 quae
1369 1441 1403 1505 in
1426 1439 1603 1504 Menexeno

368 1549 522 1632 legrmtur
543 1572 575 1633 p.
597 1549 647 1632 74,
666 1549 719 1634 21,
744 1571 825 1634 quae
847 1572 907 1614 nos
931 1549 1028 1634 paulo
1053 1549 1179 1634 plenius
1204 1549 1261 1613 illo
1285 1547 1462 1632 afferimus,

530 1657 684 1741 δεύτερος
712 1653 749 1721 δὲ
776 1653 913 1733 ἔπαινος
940 1657 1076 1733 δικαίως
1104 1655 1147 1721 ἀν
1174 1655 1276 1740 αὐτῆς
1300 1653 1372 1742 (τῆς
1394 1651 1517 1741 χώρας)
1542 1659 1603 1737 είη,

529 1764 580 1828 ὅτι
604 1762 641 1829 ἐν
664 1762 779 1851 ἐκείνῳ
802 1772 847 1851 τῷ
867 1765 987 1851 χρόνῳ,
1012 1763 1049 1828 ἐν
1072 1754 1137 1852 pirri
1161 1771 1249 1829 πᾶσα
1267 1771 1310 1846 γῖγ
1329 1761 1520 1827 ἀνεδίδου
1539 1761 1604 1828 καί
1618 1785 1644 1826 ιο

528 1867 625 1956 ἔφυε
653 1874 714 1958 ζῷα
742 1871 953 1954 παντοδαπά,
981 1872 1086 1956 θηρία
1113 1894 1148 1938 τε
1176 1868 1231 1935 καί
1258 1870 1356 1952 βοτά,
1385 1869 1421 1934 ε’ν
1449 1869 1556 1954 τούτῳ
1581 1867 1602 1951 η

527 1977 667 2064 ἡμετέρα
694 1982 827 2063 θηρίων
853 1974 915 2059 μὲν
943 1977 1071 2061 ἀγρίων
1098 1979 1220 2060 ἀγονος
1247 1975 1302 2042 καί
1330 1977 1463 2060 καθαρά
1487 1975 1603 2059 ἐφάνη,

527 2083 693 2164 ἐξελέξατο
717 2085 754 2151 δὲ
776 2096 845 2150 τῶν
868 2083 958 2172 ζῴοιν
980 2083 1035 2150 καὶ
1060 2082 1237 2168 ἐγέννησεν
1261 2085 1447 2166 ἀνθρωττον

367 2191 414 2256 sic
437 2192 578 2278 signavit
601 2191 759 2257 ἀνεδίδου
784 2191 851 2276 [καὶ
875 2189 973 2278 ἔφνε]
997 2196 1111 2276 utpote
1134 2192 1271 2255 alterum
1292 2212 1332 2254 ex
1352 2188 1477 2254 duobus
1496 2187 1603 2254 verbis

368 2300 513 2383 spurium
532 2320 600 2364 esse
618 2304 716 2365 ratus.
750 2298 810 2363 Cui
830 2299 949 2364 indicio
968 2322 1117 2365 veremur
1134 2321 1175 2363 ne
1191 2297 1270 2362 haec
1285 2297 1387 2362 oratio
1402 2297 1473 2381 ipsa
1488 2317 1602 2380 perum

365 2407 485 2491 faveat,
513 2427 594 2490 qnae
621 2427 662 2470 ne
689 2407 803 2471 ceteris
832 2406 961 2490 quidem
991 2410 1039 2471 est
1067 2406 1113 2471 ite
1139 2427 1237 2490 parca
1264 2405 1435 2470 verborum
1463 2408 1500 2467 ut
1522 2402 1604 2468 haec

366 2513 484 2578 similia
516 2514 579 2578 dno
611 2512 704 2600 iungi
736 2512 913 2597 displiceat.
955 2512 1004 2578 Ac
1034 2514 1128 2579 nobis
1157 2512 1285 2578 aliunde
1314 2511 1524 2576 occurrebant
1550 2509 1603 2574 his

330 2625 450 2704 Squae
474 2624 623 2705 suspecta
645 2620 806 2685 habentur
829 2620 1073 2704 comparabilia,
1101 2641 1183 2704 queo
1206 2641 1300 2684 nemo
1324 2617 1546 2701 addubitavit,
1567 2618 1602 2681 in

365 2726 511 2793 Phaedro
539 2750 570 2812 p.
589 2727 647 2811 34,
665 2726 709 2791 20
738 2731 792 2806 ζεῖ
815 2722 878 2793 οὖν
908 2725 945 2792 ἐν
967 2728 1074 2815 τούτφ
1099 2728 1159 2810 δίη
1182 2728 1245 2792 καί
1269 2725 1490 2810 ἀνακηκίει,
1520 2746 1600 2810 quce

365 2834 442 2901 licet
457 2835 583 2922 origine
597 2857 655 2900 sua
669 2835 799 2917 distent,
814 2856 900 2901 nunc
914 2834 1033 2920 perivi
1047 2835 1193 2921 praedita
1207 2838 1292 2920 suut,
1310 2833 1430 2900 ibidem
1445 2857 1475 2918 p.
1491 2832 1542 2915 70,
1557 2831 1599 2895 23
1615 2856 1642 2896 ιο

365 2942 446 3008 ὅταν
473 2966 523 3018 τις
546 2992 576 3008 ,.
600 2944 713 3025 λαβὼν
740 2945 851 3027 φυγὴν
877 2947 1113 3027 προσήκουσαν
1137 2944 1287 3028 φυτεύη
1311 2939 1436 3007 τεκαὶ
1460 2944 1600 3026 σπείρη

364 3048 432 3133 μετ’
460 3048 639 3135 ἐπιστήμης
662 3053 793 3133 λόγους,
816 3050 850 3114 in
873 3048 1053 3133 Republica
1075 3050 1256 3133 v1p.288,
1278 3048 1318 3113 15
1343 3046 1385 3113 ἀν
1407 3044 1470 3132 μὲν
1492 3048 1600 3132 μαθή-

364 3174 447 3233 σεως
474 3157 706 3242 προσηκούσης
733 3157 831 3241 τύχη,
860 3157 907 3232 είς
933 3165 1045 3222 πᾶσαν
1074 3156 1196 3240 ἀρετὴν
1219 3156 1344 3238 ἀνάγκη
1371 3153 1600 3239 αὐξανομένην

364 3262 592 3349 ἀφικνεῖσθαι,
616 3262 675 3329 ἐὰν
694 3260 731 3327 δὲ
749 3264 793 3347 μὴ
813 3260 850 3327 ἐν
868 3264 1082 3349 προσηκούση
1102 3263 1295 3348 σπαρεῖσά
1313 3283 1352 3325 τε
1370 3259 1434 3325 καὶ
1454 3284 1599 3345 φυτευ-

363 3375 482 3436 θεῖσα
504 3369 679 3455 τρέφηται,
707 3371 755 3445 είς
776 3370 885 3434 πάντα
907 3368 1090 3453 τάναντία,
1106 3370 1140 3433 in
1165 3367 1337 3453 Symposio
1361 3390 1391 3452 p.
1411 3367 1469 3451 34,
1488 3366 1530 3431 26
1554 3369 1598 3452 μὴ

364 3475 439 3561 οὐχί
455 3474 600 3562 Ἔρωτος
623 3469 708 3541 εἶναι
732 3477 866 3559 σοφίαν,
888 3467 910 3559 ᾗ
934 3478 1115 3558 γίγνεταί
1131 3499 1171 3539 τε
1189 3475 1253 3540 καὶ
1273 3475 1415 3559 φύεται
1434 3473 1541 3539 πάντα
1558 3474 1599 3539 τά

365 3586 436 3671 ζῷα,
460 3585 523 3648 alia
541 3583 653 3667 multa,
671 3605 752 3666 quae
771 3581 798 3647 si
817 3581 901 3647 nihil
919 3582 1007 3647 aliud
1024 3583 1087 3647 hoc
1106 3585 1190 3647 certe
1209 3582 1349 3666 probent
1367 3604 1501 3666 pravum
1521 3604 1600 3665 esse,

363 3691 420 3756 ubi
439 3691 503 3756 duo
519 3690 616 3755 verba
628 3691 789 3776 leguntur,
809 3711 947 3773 quorum
960 3712 1062 3755 unum
1076 3690 1253 3754 sententiae
1268 3689 1457 3785 sufficiehat,
1476 3689 1598 3753 alienae

363 3820 478 3861 manus
502 3820 630 3882 operam
655 3797 820 3881 suspicari.

453 3902 517 3970 Sed
535 3905 575 3968 ad
594 3904 748 3989 Hippiam
767 3905 931 3988 maiorem,
954 3927 973 3967 a
992 3925 1057 3989 quo
1076 3903 1196 3991 egressi
1215 3924 1324 3967 sumus
1344 3906 1376 3969 et
1395 3902 1596 3988 devertimus
1611 3927 1645 3977 ιο,

364 4015 401 4077 ut
423 4012 554 4076 tandem
577 4016 784 4094 revertemur,
808 4033 889 4095 quae
908 4034 937 4095 p.
958 4012 1011 4095 33,
1030 4012 1070 4075 37
1091 4013 1245 4097 leguntur
1264 4008 1450 4093 cupididate
1470 4010 1512 4092 δή
1529 4032 1596 4092 μοι,

364 4117 444 4202 ὅπερ
468 4117 564 4201 λε’γιο,
588 4128 713 4194 κακῶς
735 4118 806 4198 μὲν
822 4118 897 4183 ὑπὸ
917 4117 1026 4203 ὑμῶν
1045 4117 1208 4184 ἀκούειν
1227 4119 1290 4183 καί
1309 4117 1595 4197 ὀνειδίζεσθαι,

363 4235 471 4300 κακῶς
494 4220 530 4289 δὲ
553 4222 609 4290 ὑπ’
636 4223 777 4307 ἐκείνου,
800 4227 835 4290 in
856 4226 897 4289 iis
918 4224 1140 4304 ὀνειδίζεσθαι
1159 4225 1348 4289 additicium
1366 4244 1435 4289 esse
1455 4220 1595 4288 (lobetus

364 4330 538 4396 affirmavit
565 4328 615 4416 (in
637 4330 755 4396 Mnem.
777 4353 808 4395 n.
833 4354 857 4396 ε.
881 4349 906 4395 11
928 4332 1014 4397 1874
1032 4356 1062 4417 p.
1083 4331 1161 4417 251)
1191 4332 1247 4416 qui
1275 4353 1340 4415 qno
1368 4330 1470 4416 megia
1499 4328 1596 4392 inter·

363 4439 491 4521 polatae
513 4437 602 4503 vocis
626 4437 785 4524 originem
807 4439 1011 4524 patefaceret,
1032 4439 1130 4504 verba
1152 4440 1199 4504 ita
1223 4438 1390 4504 adornavit

738 4544 936 4629 Συμβίβηκε
958 4546 1001 4628 δή
1023 4569 1079 4629 μοι
1102 4557 1209 4623 κακῶς
1278 4613 1282 4618 ,

737 4648 798 4736 μὲν
821 4650 881 4736 ὑφ’
907 4651 1002 4733 ὑμῶν
1026 4651 1162 4719 ἀκούειν
1276 4657 1464 4724 ὀνειδίζεσθαι

735 4770 843 4834 κακῶς
866 4754 903 4823 δὲ
924 4756 982 4822 ὑπ’
1009 4757 1140 4824 ἐκείνου

363 4865 460 4931 simul
491 4867 570 4930 haee
601 4866 824 4950 ratiocinatus,
860 4865 1072 4947 Manifestum
1103 4873 1240 4933 tenemus
1268 4868 1429 4949 frondem,
1461 4887 1598 4949 κανιηαε
