3967 5725
740 659 791 708 ua
809 659 961 710 norrun
979 659 1140 711 CARMINE
1159 661 1197 711 Ν
1211 666 1235 712 4.
1536 659 1603 724 523

371 821 510 884 tabimus
535 819 614 903 quin
631 824 729 904 poeta
747 843 784 883 ea
803 819 996 885 Hannibalis
1020 842 1089 885 esse
1107 822 1255 886 voluerit.
1288 819 1348 886 Cui
1368 822 1454 906 quod
1473 822 1603 887 fuerunt

371 927 427 1010 qui
450 927 548 990 verba
571 947 650 1008 qaas
673 926 802 1009 beaipao
824 929 954 992 numine
976 928 1120 1009 Iuppiter
1144 929 1283 1010 defendit
1305 928 1409 1011 aptari
1433 950 1528 1012 posse
1551 951 1603 994 ue·

367 1037 498 1119 garant,
516 1033 596 1098 haec
613 1034 757 1118 reputari
776 1034 934 1117 volumus,
952 1036 1093 1117 primum
1112 1033 1329 1100 Hannibalem
1357 1035 1461 1119 loqui,
1484 1036 1540 1099 sed
1557 1036 1602 1101 lo·

371 1143 520 1223 quantem
540 1162 613 1205 eum
627 1140 778 1206 inducere
792 1140 973 1222 Horatium,
993 1140 1048 1225 qui
1067 1163 1161 1223 quem
1182 1163 1279 1226 supra
1293 1141 1453 1207 dicentem
1466 1142 1545 1208 fecit
1559 1143 1602 1208 53

671 1268 747 1330 peres
769 1270 849 1330 quae
871 1254 1004 1313 memato
1024 1249 1117 1330 tertis
1140 1248 1180 1313 ab
1203 1249 1229 1313 I
1229 1249 1271 1314 lio

577 1371 600 1407 ⁸
673 1356 791 1419 iactata
815 1356 926 1421 Tuscis
947 1355 1131 1436 aequoribus
1153 1375 1246 1421 saera

673 1468 821 1544 uatesque
843 1468 1040 1544 maturosque
1056 1468 1166 1544 patres

667 1569 800 1649 pertulit
821 1569 984 1635 Ausonias
1006 1570 1051 1633 ad
1071 1570 1168 1650 urbes,

370 1676 398 1738 ei
422 1697 479 1740 cur
502 1675 680 1760 ambigeret
702 1675 759 1739 illa
782 1698 910 1760 quoque
934 1676 1124 1759 attribuere,
1148 1678 1266 1762 quibus
1290 1680 1327 1762 is,
1351 1700 1431 1762 quae
1455 1699 1529 1743 vera
1553 1681 1601 1741 est

369 1781 587 1846 Romanorum
615 1783 795 1866 persuasio,
821 1805 888 1847 non
914 1783 983 1847 sine
1011 1784 1112 1847 divini
1136 1785 1278 1849 numinis
1301 1786 1411 1850 favore
1434 1785 1497 1850 hoc
1520 1785 1600 1850 acci·
1615 1809 1641 1849 ro

329 1912 351 1966 a
370 1889 454 1953 disse
477 1889 634 1953 fateretur
654 1894 692 1953 ut
711 1888 863 1954 Claudius
887 1890 1001 1975 ingens
1024 1889 1105 1954 illud
1127 1891 1253 1956 facinus
1271 1891 1408 1956 feliciter
1425 1893 1600 1975 perficeret.

369 1995 462 2072 Quod
476 2000 674 2081 quantopere
693 2019 733 2060 ex
751 1996 875 2060 intimis
889 1996 1110 2061 Romanorum
1130 1997 1276 2063 sensibus
1291 2003 1478 2082 promptum
1493 1997 1600 2082 fuerit,

368 2103 451 2167 idem
475 2102 596 2186 Livius,
623 2107 660 2167 ut
687 2101 750 2167 hoe
777 2107 908 2166 utamur
935 2102 970 2166 in
998 2123 1035 2167 ea
1061 2125 1095 2166 re
1124 2125 1221 2187 quam
1249 2102 1361 2168 multis
1384 2103 1504 2168 licebat
1528 2125 1599 2168 eon-

367 2208 543 2296 firmare*),
562 2209 683 2274 indicat
702 2231 773 2273 cum
793 2208 907 2274 scribit
924 2227 1024 2272 xxvn
1043 2209 1096 2292 33,
1112 2210 1151 2273 11
1172 2216 1303 2274 eaerum
1322 2211 1393 2275 dees
1409 2212 1600 2277 immortates

368 2317 521 2381 miseritos
538 2319 677 2382 aomiuis
690 2317 832 2382 Remaui
844 2318 1018 2398 pepercisse
1037 2318 1178 2382 tumeatis
1191 2318 1379 2396 maritimrs,
1398 2320 1599 2383 temeritatem

366 2423 527 2488 eeasuturu
544 2425 684 2505 ipsorum
703 2424 858 2506 capitibus
871 2424 1056 2502 damnasse;
1076 2423 1110 2487 in
1128 2423 1185 2488 illa
1203 2427 1309 2489 autem
1328 2424 1511 2490 narratione
1529 2425 1599 2509 ipsa
1706 2453 1708 2460 ·

368 2553 440 2593 eum
465 2531 621 2594 aliatum
644 2530 725 2595 haec
748 2516 841 2595 affert
864 2552 889 2595 c.
904 2530 992 2609 40‚2
1017 2551 1086 2595 eum
1109 2531 1169 2596 itia
1191 2537 1316 2614 cuperet
1338 2551 1414 2597 errra
1437 2552 1512 2613 ques
1533 2538 1599 2597 tam

359 2639 517 2718 propitios
543 2637 615 2702 urbi
642 2643 733 2719 atque
752 2639 883 2719 imperio
903 2639 971 2720 fere
993 2639 1077 2718 deos,
1104 2644 1140 2703 ut
1161 2639 1265 2703 eedem
1288 2644 1421 2721 tempere
1442 2639 1600 2720 utrobique

364 2745 561 2826 respublica
582 2765 731 2827 prospere
755 2751 910 2827 peraretur
939 2749 971 2809 et
993 2744 1046 2824 45,
1067 2748 1086 2811 8
1116 2746 1187 2811 deos
1208 2766 1313 2811 omues
1341 2746 1472 2828 deasque
1488 2767 1599 2828 preca·

364 2852 480 2917 beatur
501 2858 536 2917 ut
558 2852 625 2918 illis
649 2853 791 2935 faustum
818 2855 878 2918 iter
902 2853 1039 2936 felixque
1055 2876 1169 2937 pupae
1196 2874 1233 2919 aa
1255 2861 1382 2919 matura
1405 2876 1442 2919 ea
1463 2853 1599 2919 testibus
1612 2877 1638 2917 ao

362 2962 495 3024 eieteriu
509 2967 593 3043 esset,
606 2981 666 3024 nec
679 2960 784 3024 aliena
794 2982 875 3044 quae
885 2966 960 3045 post
969 2965 1167 3044 reportatam
1183 2961 1352 3026 victoriam
1362 2962 1460 3025 refert
1469 2982 1494 3025 c.
1506 2960 1558 3043 51,
1569 2961 1597 3025 7.

455 3064 577 3142 Quodsi
600 3066 651 3131 his
671 3088 752 3150 quae
775 3067 982 3131 disseruimus
1002 3068 1066 3131 iam
1086 3068 1274 3153 ambiguum
1291 3072 1426 3133 nonest
1449 3067 1528 3150 quin
1546 3090 1598 3131 ex-

364 3177 467 3237 trema
480 3175 631 3237 carminis
642 3173 739 3238 verba
754 3174 794 3237 ad
805 3172 930 3237 Claudii
946 3174 985 3237 de
1000 3172 1202 3237 Hasdrubale
1214 3173 1384 3239 victoriam
1399 3174 1598 3238 conformata

365 3282 445 3364 sint,
468 3279 550 3343 illud
573 3284 719 3363 superest
747 3279 832 3363 quod
857 3282 1029 3362 quaeratur
1052 3301 1116 3363 quo
1145 3301 1241 3343 seusu
1265 3300 1368 3362 quove
1393 3278 1528 3344 oonsilio
1552 3278 1598 3343 di·

363 3408 474 3449 camus
502 3408 539 3449 ea
562 3385 778 3449 Hannibalem
806 3384 935 3449 illarum
962 3406 1069 3450 rerum
1096 3406 1269 3449 memorem
1292 3386 1526 3469 pronuntiasse.
1558 3384 1598 3449 Iu

365 3493 471 3574 priore
495 3492 651 3557 orationis
680 3513 755 3556 suae
779 3496 869 3575 parte
893 3491 1057 3556 Hannibal
1081 3491 1301 3558 Romanorum
1325 3497 1453 3577 gentem
1477 3494 1523 3558 ita
1545 3492 1597 3558 de·

364 3597 479 3681 pinxit,
503 3602 540 3662 ut
563 3621 602 3662 ex
625 3599 779 3682 cladibus,
803 3620 883 3682 quas
906 3598 1016 3683 plures
1040 3602 1072 3664 et
1090 3601 1254 3684 puriores
1273 3621 1399 3684 semper
1422 3601 1493 3684 ipso
1517 3601 1596 3668 duce

362 3712 545 3788 acceperat,
569 3705 655 3769 haud
679 3706 888 3771 infirmiorem
912 3706 968 3770 sed
991 3706 1109 3790 opibus
1132 3729 1170 3772 ac
1193 3707 1304 3793 vigore
1327 3708 1502 3772 auctiorem
1526 3731 1596 3792 pro·

363 3811 455 3896 gredi
484 3813 667 3877 affirmaret.
705 3811 829 3889 Quibus
857 3815 1035 3899 generatim
1064 3814 1220 3897 expositis
1250 3816 1283 3879 et
1304 3836 1362 3898 per
1385 3814 1541 3900 imagines
1564 3820 1596 3880 et

363 3920 512 4002 exempla
525 3919 630 3984 lucide
649 3920 830 4004 explanatis
851 3920 981 3985 subiicit
999 3920 1081 3985 illud
1100 3921 1187 4004 quod
1206 3920 1368 4006 singulare
1388 3924 1437 3985 est
1455 3924 1487 3985 et
1501 3942 1592 3985 suam
1608 3942 1635 3983 so

362 4026 466 4111 magis
489 4026 653 4092 fortunam
677 4049 775 4110 quam
798 4026 1017 4092 Romanorum
1041 4028 1181 4093 indolem
1204 4028 1320 4092 attinet

669 4134 858 4217 Cortlmpiui
879 4136 947 4199 iam
969 4156 1033 4200 aere
1055 4155 1107 4217 epo
1130 4136 1257 4201 nuutios

667 4244 790 4307 mittam
812 4242 973 4323 superba:
996 4243 1108 4308 oceidit
1128 4243 1239 4307 oceidit

665 4369 735 4431 spes
756 4351 859 4414 emuis
881 4354 908 4413 et
928 4351 1057 4431 fatuae
1079 4351 1179 4414 uestri

591 4502 594 4509 -
665 4457 805 4521 aemim's
826 4456 1028 4521 Hasdmbale
1049 4458 1238 4537 interempto.

451 4634 517 4700 *14)
537 4631 617 4697 Quod
639 4632 806 4699 interpretas
829 4648 902 4684 uuus
925 4648 959 4686 ax
982 4631 1071 4685 altero
1091 4631 1127 4685 ad
1145 4631 1215 4685 haec
1233 4631 1318 4685 verba
1337 4631 1459 4686 afferunt
1477 4630 1592 4685 Tacitus

361 4738 435 4789 quae
458 4720 557 4775 scribit
579 4738 644 4774 auu.
658 4740 687 4773 nr
701 4727 736 4774 64
757 4728 867 4775 sanates
884 4728 1056 4790 coeptasque
1075 4722 1236 4775 numinibus
1255 4720 1400 4787 01111111,
1423 4736 1456 4774 ea
1475 4720 1524 4788 qui
1543 4736 1593 4775 suo

361 4808 424 4864 loco
448 4826 554 4877 suoque
573 4813 669 4864 tenore
687 4810 874 4879 perspexerit,
899 4809 1010 4863 videbit
1028 4809 1100 4862 nihil
1119 4810 1155 4863 ad
1175 4812 1300 4864 nostram
1319 4825 1433 4864 oausam
1452 4810 1593 4878 pertinere

360 4915 414 4952 nec
432 4899 516 4952 utilia
534 4915 595 4953 esse
613 4899 669 4952 nisi
687 4901 719 4952 ut
737 4898 847 4952 Horatii
866 4899 1007 4952 sententia
1026 4898 1222 4953 confundendo
1242 4898 1353 4954 diversa
1371 4898 1542 4953 obscuretur.
