3967 5725
408 591 473 655 122
614 594 740 643 XXXIX.
760 594 877 643 INDEX
895 593 1112 644 Lucrionem
1129 591 1365 643 AESTIVARUM
1383 593 1462 643 1894.

540 756 689 820 edometur
714 776 790 837 quos
811 776 905 819 arura
927 760 1100 837 rupueuuu
1127 760 1156 818 et
1176 774 1251 835 quos
1267 759 1341 835 post
1362 750 1566 838 uictoriam*)
1590 752 1642 816 de-

540 862 746 944 triumphatos
767 862 862 926 colere
884 867 1051 943 coeperunt.

497 989 529 1033 v.
554 969 659 1054 Caput
683 969 726 1033 33
749 969 790 1033 ab
813 968 865 1033 his
888 968 1059 1032 sententiis
1082 968 1221 1032 orditur:

542 1078 608 1141 Neo
638 1076 727 1141 nome
758 1077 796 1139 de
826 1081 934 1141 uestra
963 1076 1141 1158 frequentia
1172 1075 1394 1139 blandiamur:
1430 1074 1523 1138 urulti
1553 1074 1644 1138 uobis

541 1185 685 1249 uidemur
701 1184 757 1248 sod
773 1184 828 1247 deo
845 1183 1017 1247 admodum
1027 1184 1130 1263 pauci
1146 1202 1270 1258 sumum
1292 1202 1350 1246 uos
1365 1186 1469 1263 partes
1485 1182 1643 1245 uotioues-

539 1313 598 1374 quae
628 1291 871 1373 distiupuimus:
903 1290 958 1354 deo
988 1310 1057 1353 uua
1088 1290 1198 1354 domus
1228 1294 1273 1353 est
1302 1289 1440 1353 muudus
1472 1288 1524 1353 lue
1553 1293 1642 1353 totus

540 1398 639 1481 Reque
664 1402 781 1461 statum
809 1399 900 1479 requei
921 1398 973 1461 sui
992 1417 1051 1479 per
1072 1397 1179 1479 officia
1201 1397 1419 1461 ministrorum
1440 1396 1567 1460 diuersa
1587 1416 1643 1459 uo-

539 1510 665 1570 ouuut:
689 1505 744 1569 deo
767 1505 897 1569 iudiciis
918 1524 996 1585 opus
1017 1525 1081 1568 uou
1103 1509 1163 1568 ert:
1190 1524 1255 1567 nou
1276 1502 1375 1568 solum
1397 1504 1434 1567 iu
1456 1502 1553 1568 oculis
1575 1504 1644 1567 eius

538 1613 594 1676 sed
614 1613 652 1676 iu
672 1613 748 1676 sium
768 1612 912 1675 remmus.

362 1748 392 1787 m
406 1718 549 1795 Quarum
577 1719 805 1782 sententiarum
837 1740 918 1801 quae
941 1721 991 1781 est
1015 1718 1054 1781 de
1076 1716 1209 1803 regibus
1236 1739 1302 1781 non
1324 1718 1371 1781 ita
1393 1716 1513 1781 tradita
1535 1721 1585 1781 est
1606 1717 1643 1779 iu

405 1827 516 1891 codice
535 1825 591 1889 sed
610 1825 650 1888 ab
664 1824 805 1907 Halmi0,
823 1824 969 1887 adhibita
982 1822 1118 1888 Meursii
1132 1826 1316 1889 coniectura
1333 1830 1449 1890 uuum
1464 1875 1471 1887 .
1486 1874 1494 1887 .
1508 1825 1642 1902 diuma,

404 1934 591 2017 constituta,
619 1953 752 2015 eamque
774 1932 913 1995 formam
937 1931 1094 1995 orationis
1117 1935 1183 1996 tres
1206 1931 1356 2017 deinceps
1380 1930 1520 1995 editores
1542 1930 1642 1995 Dom-

404 2040 518 2103 bartus
532 2038 611 2126 (uisi
625 2038 712 2123 quod
725 2039 833 2121 officia
847 2060 887 2102 m.
901 2040 1051 2103 uuiverso
1064 2037 1204 2124 maluit),
1219 2038 1468 2120 Cornelissenus,
1480 2036 1641 2102 Baehren-

404 2147 472 2210 sius
495 2145 712 2230 recipiendam
736 2145 905 2229 duxerunt,
928 2166 1033 2229 neque
1051 2146 1191 2209 vidimus
1209 2144 1342 2209 omnino
1363 2146 1418 2229 qni
1435 2145 1488 2209 vel
1506 2144 1642 2209 dubium

404 2256 543 2318 moverit
571 2253 610 2316 de
636 2254 780 2317 veritate.
826 2252 871 2316 Et
898 2256 1008 2317 tamen
1038 2257 1095 2316 aut
1124 2252 1267 2317 fallimur
1294 2254 1350 2316 aut
1377 2252 1530 2316 fidentius
1557 2273 1642 2315 asse·

403 2382 515 2424 verare
546 2360 632 2443 licet,
663 2359 742 2424 haec
774 2359 865 2424 irrita
897 2382 966 2425 esse
999 2364 1031 2423 et
1063 2360 1249 2424 reiectanea.
1295 2357 1484 2423 Omittimus
1516 2360 1641 2423 diuerso

403 2489 516 2532 uocem
544 2467 692 2531 inutilem
720 2488 789 2533 esse
812 2471 845 2530 et
868 2489 965 2549 quam
988 2489 1084 2532 nemo
1113 2466 1325 2531 desiderasset
1347 2466 1410 2530 nisi
1435 2466 1513 2550 quid
1536 2487 1641 2530 emen·

405 2574 545 2639 dationis
567 2573 781 2659 perficiendae
804 2596 900 2637 causa
927 2574 1132 2638 efficiendum
1159 2575 1275 2638 fuisset
1302 2596 1341 2637 ex
1368 2575 1529 2652 uniuersa,
1559 2595 1641 2657 quae

405 2684 454 2745 est
481 2681 601 2745 codicis
629 2681 802 2765 scriptura,
832 2685 864 2744 ct
886 2686 1004 2746 statum
1025 2681 1067 2745 ad
1089 2686 1213 2745 tautum
1236 2680 1387 2764 relatum,
1415 2680 1502 2764 quod
1528 2679 1641 2766 vulga-

359 2819 390 2859 20
405 2788 501 2851 batur
524 2792 612 2869 ante,
639 2786 758 2851 habere
781 2788 923 2872 aliquam
946 2787 1224 2875 probabilitatem,
1251 2788 1374 2853 nullam
1402 2789 1430 2851 si
1457 2787 1643 2851 conferatur

404 2916 479 2959 cum
506 2896 626 2960 codicis
654 2897 814 2980 scriptura
841 2917 922 2978 quae
951 2900 1001 2960 est
1023 2897 1089 2962 tum
1113 2895 1145 2959 h.
1164 2919 1190 2960 e.
1209 2903 1321 2960 tamem.
1369 2894 1432 2959 Sed
1455 2895 1641 2979 quaerimus

404 3003 438 3066 in
461 3003 512 3066 bis
536 3023 618 3086 quae
641 3004 762 3087 scripta
784 3006 861 3066 eunt
884 3003 918 3066 iu
939 3003 1049 3067 codice

536 3130 622 3191 repes
643 3115 748 3174 tameu
769 3112 859 3192 rapui
880 3111 932 3174 sui
948 3131 1009 3191 per
1031 3111 1138 3192 officia
1166 3113 1383 3175 uriuistrorum
1409 3113 1558 3176 uniuersa
1584 3133 1639 3175 uo

537 3223 664 3282 eumd:
687 3218 742 3282 deo
764 3219 895 3282 iudiciis
917 3238 995 3299 opus
1015 3239 1079 3282 uou
1101 3223 1147 3282 est

402 3324 482 3408 quid
505 3325 548 3388 sit
572 3324 658 3408 quod
679 3346 747 3388 uon
768 3325 870 3409 probe
894 3325 1051 3409 seriptum
1075 3346 1144 3388 esse
1167 3325 1283 3389 merito
1307 3325 1517 3390 existimetur.
1562 3324 1642 3390 Hal·

402 3431 487 3494 mius
512 3431 641 3515 quidem
661 3431 696 3494 in
714 3431 913 3515 praefatione
936 3431 982 3517 (p.
1001 3429 1102 3518 xxlv)
1124 3434 1215 3514 repud
1233 3483 1241 3495 .
1256 3483 1263 3495 .
1281 3433 1429 3496 uuiuersu
1450 3434 1571 3498 morbae
1591 3434 1640 3497 lo

403 3538 566 3601 cntionem
594 3538 650 3602 uix
673 3537 822 3602 Latinam
852 3560 920 3602 esse
950 3539 997 3603 ait
1026 3542 1058 3603 et
1088 3538 1268 3603 Minucium
1298 3538 1378 3602 alias
1408 3539 1517 3624 aptius
1546 3539 1638 3622 loqui

402 3644 514 3709 solere.
561 3643 684 3720 Quodsi
706 3667 819 3709 verum
843 3650 935 3727 esset,
958 3650 1068 3710 tamen
1090 3645 1267 3712 cavendum
1290 3650 1367 3728 erat,
1397 3668 1438 3709 ne
1461 3644 1640 3712 abiicienda

402 3754 543 3817 uuiversu'
565 3753 711 3834 notione,
740 3775 821 3836 quae
845 3754 922 3835 quid
951 3753 1071 3817 faceret
1098 3753 1140 3816 ad
1167 3752 1359 3816 sententiam
1382 3775 1423 3817 ex
1445 3753 1516 3838 ipsa
1543 3753 1639 3818 facile

357 3889 389 3928 eo
403 3858 650 3943 percipiebatur,
683 3860 867 3943 reponenda
899 3863 1007 3923 autem
1040 3861 1165 3924 diuersa
1196 3879 1274 3923 voce
1305 3860 1395 3922 inani
1423 3859 1499 3944 plus
1529 3860 1639 3924 damni

404 3967 542 4030 orationi
567 3989 662 4050 quam
687 3965 801 4031 salutis
825 3966 1006 4030 afferretur:
1034 3988 1138 4049 neque
1160 3966 1224 4029 hoc
1246 3964 1369 4030 Halmii
1391 3989 1520 4031 sensum
1543 3966 1638 4051 plane
1706 3964 1710 3970 ⁴

402 4072 582 4156 praeteriit,
615 4074 671 4156 qui
704 4096 737 4138 se
769 4077 941 4156 antequam
974 4071 1108 4137 Meursii
1140 4073 1396 4137 emendationem
1429 4079 1639 4160 cognosceret

399 4184 518 4242 statum
543 4182 634 4261 rapui
652 4230 659 4245 .
675 4231 681 4244 .
700 4183 881 4244 uuiversum
909 4181 1084 4245 coniecisse
1111 4179 1257 4264 adnotat3
1290 4179 1377 4263 quod
1405 4185 1473 4244 erat
1500 4180 1540 4245 ad
1568 4203 1640 4245 sen·
1737 4244 1742 4255 ,

403 4286 538 4350 tentiam
561 4287 775 4368 commodius,
805 4287 1009 4352 coniecturae
1037 4286 1167 4372 quidem
1193 4285 1457 4372 probabilitatem
1486 4287 1638 4353 adiuvare

401 4412 469 4455 non
492 4395 627 4475 poterat.
670 4391 734 4457 Sed
757 4394 844 4476 quod
867 4397 964 4479 negat
986 4395 1077 4476 rapui
1093 4395 1242 4458 uniuersa
1260 4391 1412 4457 Latinum
1431 4415 1510 4478 esse,
1532 4394 1639 4458 redar-

491 4583 537 4651 ‘1)
557 4584 652 4654 [Teste
670 4585 824 4640 Dombarto
844 4587 1031 4654 (woduusobr.
1045 4588 1066 4653 f.
1081 4588 1158 4641 cluss.
1169 4587 1267 4655 philol.
1284 4591 1500 4657 receperas.)
1514 4595 1579 4657 post
1596 4591 1637 4643 ui-

398 4675 517 4726 ctom‘om
535 4673 716 4728 Heumanuus
740 4676 798 4729 iam
822 4676 970 4744 proposuit
993 4677 1044 4730 sed
1066 4677 1109 4730 its
1130 4678 1163 4728 ut
1188 4677 1242 4729 hoc
1264 4677 1509 4746 interpretamenti
1526 4676 1589 4732 loco
1607 4679 1638 4732 iu

400 4763 531 4832 margine
553 4763 677 4831 positum
699 4763 798 4832 fuerit,
821 4765 897 4820 unda
918 4768 1065 4834 receptum
1086 4765 1118 4819 in
1140 4765 1226 4819 verbs
1244 4765 1363 4820 Minucii
1383 4765 1414 4819 iu
1428 4767 1640 4836 postulaveram

400 4849 514 4906 abierit.
546 4851 578 4905 In
596 4852 698 4920 quibus
717 4853 786 4921 quid
804 4870 922 4922 pravum
941 4853 1023 4908 sitin
1041 4853 1192 4924 propatulo
1211 4856 1274 4926 est]
