3967 5725
406 630 451 693 46
568 631 693 683 XXXVI.
712 632 828 682 INDEX
846 632 1061 683 LECTIONUM
1078 632 1320 684 HIBERNARUM
1338 628 1465 703 ncesse.

406 795 501 877 ptam
524 794 580 877 sit,
603 797 712 857 tamen
735 793 902 876 praeteriri
925 815 991 858 non
1015 796 1178 877 poterant,
1202 795 1278 877 quia
1301 794 1388 877 quod
1410 792 1529 879 Reguli
1554 814 1641 857 men-

404 898 529 965 tionem
547 900 667 983 iniecit,
687 900 833 983 quamvis
853 902 1033 966 caecutiens
1052 901 1175 985 aliquid
1193 901 1261 966 reri
1279 901 1399 987 tetigit.
1436 899 1531 977 Quod
1547 899 1641 983 quale

407 1008 450 1071 sit
476 1010 515 1070 ut
543 1009 736 1093 aperiamus,
764 1008 903 1091 primum
932 1007 1014 1072 illud
1036 1011 1183 1072 tenemus
1206 1008 1292 1091 quod
1315 1007 1467 1092 diximus,
1488 1009 1524 1072 in
1547 1028 1641 1071 versu

406 1113 555 1179 Enniano
587 1114 625 1178 de
655 1114 729 1179 lana
756 1114 820 1179 dici
848 1136 930 1198 quae
958 1136 1022 1199 quo
1052 1116 1151 1179 semel
1178 1114 1303 1178 imbuta
1329 1114 1430 1179 fuerit
1456 1134 1579 1178 veneno
1606 1113 1642 1178 id

407 1222 555 1285 amittere
578 1241 645 1285 non
667 1221 785 1306 possit3
809 1243 875 1286 non
897 1225 1007 1286 tamen
1029 1225 1067 1285 ut
1083 1220 1211 1286 Ennius
1230 1221 1268 1285 de
1286 1222 1379 1286 lanae
1396 1225 1512 1286 nabrra
1531 1222 1641 1307 egerit,

409 1327 678 1411 quemadmodum
705 1314 873 1392 Lueretius
903 1327 1017 1392 scribit
1039 1327 1183 1392 v11074
1205 1349 1443 1411 purpureusque
1469 1328 1549 1393 coles
1570 1347 1642 1392 coa·

407 1434 489 1518 claylc'
516 1435 658 1517 ίακρίῶα
684 1456 747 1499 ακο
772 1433 906 1516 Corpore
929 1455 999 1499 cum
1026 1435 1132 1513 λακαε,
1160 1436 1272 1499 dirimi
1299 1438 1354 1516 qai
1381 1456 1446 1499 κοα
1471 1440 1564 1517 queat
1589 1430 1642 1499 cs·

407 1562 515 1623 quam,
547 1540 602 1606 sed
631 1545 669 1606 ut
698 1540 738 1605 ab
769 1540 830 1605 hac
857 1544 974 1605 natura
1001 1541 1093 1606 lanae
1121 1541 1226 1605 simile
1253 1545 1377 1625 repetat
1405 1564 1470 1625 quo
1498 1542 1641 1606 illustret

407 1647 503 1713 aliud.
555 1647 660 1713 Simili
689 1670 708 1711 a
736 1647 828 1712 lanae
857 1648 1020 1713 coloribus
1048 1649 1158 1731 ducto,
1191 1650 1342 1732 quoniam
1376 1648 1425 1712 vis
1453 1649 1543 1713 vana
1571 1669 1641 1713 esse

366 1784 393 1825 ιο
406 1757 528 1839 potest,
556 1754 650 1819 multi
678 1776 745 1819 non
772 1776 836 1819 uno
859 1754 956 1819 modo
979 1756 1032 1819 usi
1055 1760 1143 1819 sunt:
1171 1754 1260 1819 velut
1285 1753 1504 1831 Quintilianus
1528 1755 1641 1819 scribit

406 1861 499 1947 11,5
518 1867 635 1926 ααίανο
663 1863 856 1927 tenacissimi
882 1882 991 1927 sumas
1019 1882 1123 1927 eoram
1150 1884 1230 1944 quoe
1259 1863 1390 1927 rudibus
1422 1863 1542 1927 οαίαιίε
1566 1884 1641 1944 per-

400 1970 551 2052 cepimus,
573 1974 609 2032 αλ
630 1988 726 2050 ορμον
748 1990 807 2051 qao
830 1990 911 2034 αοοα
934 1969 1059 2034 imbuas
1076 1971 1178 2048 ιίαναί,
1201 1990 1266 2034 aee
1288 1970 1465 2035 λαααναια
1487 1970 1640 2049 colores,

406 2076 542 2157 quibas
576 2076 736 2158 simplec
772 2076 838 2141 ille
874 2078 1016 2141 candor
1052 2081 1217 2142 mutatus
1252 2083 1318 2161 est,
1358 2078 1435 2142 ιλαί
1468 2082 1640 2159 possunt.

408 2180 519 2247 Cicero
552 2184 659 2247 autem
691 2180 726 2246 in
758 2181 934 2247 Hortensio
959 2180 1004 2270 (p.
1023 2183 1081 2247 54‘
1099 2182 1203 2248 libelli
1235 2183 1409 2248 academici
1442 2205 1506 2267 quo
1536 2205 1641 2268 nuper

406 2286 575 2355 Hortensii
607 2288 749 2354 Tulliani
782 2290 936 2374 reliquias
965 2288 1095 2355 Ottonis
1123 2289 1302 2375 Plasbergii
1335 2290 1437 2355 nostri
1472 2289 1641 2377 diligentia

407 2398 575 2481 complexa
597 2394 659 2482 est)
682 2403 718 2461 ut
739 2398 766 2461 a·
788 2400 843 2479 ραι·
866 2398 996 2462 combibe
1011 2418 1192 2481 μικραναια
1216 2398 1335 2476 valna,
1362 2397 1526 2480 sufficiant
1545 2398 1642 2479 prius

406 2503 516 2568 lunam
540 2492 774 2569 medicamenta
795 2504 990 2586 ραιθαεάαια,
1014 2506 1060 2568 sie
1082 2504 1194 2569 latens
1212 2504 1384 2586 talibusque
1401 2505 1551 2569 ἀσωτίαις
1569 2510 1642 2569 um

406 2610 503 2675 excoli
525 2611 649 2675 ααίιαοο
672 2617 701 2675 et
723 2611 768 2675 od
788 2612 977 2693 sapientam
1008 2611 1243 2692 campiendcm
1271 2611 1371 2676 imbui
1397 2618 1426 2676 ct
1445 2612 1641 2693 μναιμοναιύ

407 2717 495 2783 decet.
542 2716 587 2781 Et
613 2721 751 2801 utroque
780 2717 926 2801 superior
953 2716 1047 2782 Plato
1072 2722 1231 2805 Πολιτείᾳ
1254 2737 1290 2782 lv
1304 2741 1336 2803 p.
1352 2718 1417 2783 184
1440 2718 1580 2783 Bekkeri
1608 2719 1644 2783 σι’

367 2852 394 2893 ιο
408 2826 538 2908 βαφεῖς,
563 2822 697 2890 ἐπειδὰν
720 2826 915 2908 βουληθῶσι
938 2825 1045 2908 βάψαι
1068 2821 1142 2909 ἔρια
1165 2823 1237 2892 ὥστ’
1265 2818 1351 2892 εἶναι
1370 2825 1529 2911 ἁλουργά,
1552 2837 1641 2909 πρῶ-

407 2955 467 2996 τον
489 2927 551 3014 μὲν
574 2929 766 3014 ἐκλέγονται
789 2930 825 2997 ἐκ
848 2933 1018 2998 τοσούτων
1041 2933 1224 3017 χρωμάτων
1246 2936 1325 3014 μίαν
1350 2935 1456 3017 φύσιν
1483 2934 1545 3015 τὴν
1572 2944 1641 2998 τῶν

399 3041 550 3122 λευκῶν,
579 3040 690 3104 ἔπειτα
717 3040 1092 3124 προπαρασκευάζουσιν
1120 3040 1182 3105 οὐκ
1206 3040 1301 3126 ὀλίγῃ
1324 3048 1516 3126 παρασκευῇ
1538 3047 1641 3123 θερα-
1687 3124 1691 3132 Ι

406 3146 597 3229 πεύσαντες,
630 3145 719 3222 ὅπως
751 3145 877 3223 δέξεται
910 3146 961 3212 ὅτι
993 3148 1135 3228 μάλιστα
1167 3148 1205 3212 τὸ
1238 3148 1358 3230 άυθος,
1390 3148 1445 3212 καὶ
1477 3147 1565 3212 οὕτω
1597 3149 1639 3231 σὴ

407 3253 585 3336 βάπτουσι·
609 3251 662 3318 καὶ
686 3252 703 3318 ὃ
723 3249 785 3338 μὶν
804 3253 845 3318 ἂν
865 3255 971 3342 τούτῳ
989 3262 1037 3342 τῷ
1055 3256 1165 3342 τρόπω
1183 3256 1285 3340 βαφῇ,
1309 3254 1512 3320 δευσοποιὸν
1530 3256 1640 3337 γίγνε-

406 3384 459 3425 ται
475 3362 511 3425 τὸ
526 3360 645 3444 βαφέν,
659 3360 715 3426 καὶ
729 3360 748 3444 ἡ
764 3362 884 3437 πλύσις
898 3359 966 3426 οὔτ’
983 3363 1065 3426 ἄνευ
1080 3362 1263 3445 ῥυμμάτων
1277 3363 1352 3427 οὔτε
1366 3363 1447 3442 μετά
1460 3361 1640 3445 ῥυμμάτων

406 3469 547 3533 ύύυαται
562 3468 673 3532 αὐτῶν
687 3468 724 3532 τὸ
735 3469 844 3545 άνθος
854 3467 1085 3552 ἀφαιρεῖσθαι,
1100 3488 1181 3551 quae
1192 3469 1341 3553 deinceps
1350 3469 1390 3532 ad
1400 3468 1639 3533 institutionem

407 3597 443 3639 ae
451 3573 653 3660 disciplinam
662 3574 853 3639 referuntur.
874 3574 999 3651 Quibus
1007 3575 1225 3658 addipossunt
1235 3597 1317 3659 quae
1325 3574 1437 3639 scribit
1445 3574 1640 3640 Plutarchus

406 3681 503 3746 Num.
528 3703 630 3766 comp.
650 3682 681 3765 4,
700 3680 721 3746 5
745 3682 828 3747 ὥστε
852 3684 1079 3747 πεντακοσίων
1098 3680 1181 3747 ἐτῶν
1198 3684 1301 3747 πλείω
1320 3685 1443 3766 χρόνον
1461 3684 1501 3746 τά
1518 3684 1640 3766 κυριώ-

406 3812 487 3854 τατα
510 3789 565 3853 καὶ
583 3787 721 3874 μέγιστα
741 3789 906 3873 διαμεῖναι
926 3798 984 3872 τῆς
1003 3793 1214 3873 νομοθεσίας,
1234 3788 1344 3872 ὥσπερ
1363 3790 1475 3872 βαφῆς
1493 3788 1640 3874 άκράτου

369 3921 395 3962 ιι
409 3892 463 3960 καὶ
489 3897 631 3980 ἰσχυρῶς
654 3893 901 3980 καθαψαμένης.
947 3894 991 3960 Hi
1015 3915 1088 3959 cum
1111 3897 1145 3959 in
1168 3896 1240 3960 aliis
1259 3894 1428 3960 discedant
1451 3896 1484 3958 in
1508 3916 1546 3960 eo
1565 3917 1639 3960 con-

407 4001 540 4086 spirant,
563 4007 787 4087 praeterquam
812 4003 898 4086 quod
923 4001 1035 4067 Cicero
1058 4001 1142 4067 hane
1160 4006 1285 4086 partem
1305 4002 1481 4067 sententiae
1499 4005 1638 4085 praeter-

406 4108 508 4194 misit,
544 4109 630 4192 quod
665 4111 787 4174 colores
818 4109 916 4174 semel
947 4132 966 4172 a
992 4111 1068 4174 lana
1094 4109 1181 4172 iusto
1208 4108 1305 4174 modo
1334 4113 1480 4194 receptos
1508 4110 1574 4172 elui
1601 4131 1640 4174 ae

407 4215 505 4280 deleri
532 4237 627 4299 posse
655 4219 783 4302 negant.
830 4216 977 4301 Eamque
1005 4237 1073 4281 esse
1101 4217 1292 4280 sententiam
1321 4216 1421 4281 Ennii
1447 4216 1542 4280 nobis
1570 4216 1639 4280 reri

406 4321 511 4387 simile
538 4323 644 4388 visum
672 4327 729 4389 est.
780 4322 842 4400 Qui
874 4346 968 4408 quem
1001 4323 1036 4388 in
1068 4344 1162 4387 usum
1195 4323 1301 4387 simile
1331 4323 1412 4388 illud
1441 4325 1638 4388 convertisse

406 4431 550 4513 potuerit
579 4429 654 4495 dum
688 4432 884 4514 quaerimus,
919 4429 1049 4494 Horatii
1078 4428 1325 4515 reminiscimur,
1359 4430 1445 4514 apud
1475 4450 1571 4513 quem
1603 4431 1639 4494 in

407 4537 584 4601 carminum
607 4539 703 4601 tertio
728 4537 748 4601 5
772 4536 861 4622 (nam
884 4555 949 4602 non
978 4558 1016 4602 ea
1044 4537 1181 4600 dicimus
1209 4558 1290 4620 quae
1318 4535 1417 4600 Ennii
1445 4536 1637 4620 interpretes

406 4643 588 4708 asciverunt
616 4665 654 4707 ex
682 4644 819 4727 epistola
846 4643 921 4708 libri
949 4645 1047 4729 primi
1075 4642 1228 4729 secunda)
1256 4643 1400 4729 Regulus
1428 4666 1448 4707 a
1471 4642 1638 4730 Carthagi·

406 4730 572 4815 aiensibus
596 4749 733 4815 Romam
757 4750 873 4816 missus
897 4755 934 4815 ut
958 4751 997 4816 de
1020 4750 1241 4834 permutandis
1265 4750 1400 4834 captivis
1424 4755 1546 4836 ageret,
1573 4751 1637 4817 hoc

407 4880 479 4924 cum
500 4857 706 4942 dissuaderet,
724 4880 796 4922 cnm
816 4859 880 4922 alia
894 4857 1045 4922 disseruit
1057 4860 1128 4922 tum
1142 4857 1228 4922 hunc
1243 4860 1349 4922 locum
1363 4857 1492 4921 induxit
1508 4858 1637 4942 egregie
