3967 5725
372 614 440 678 414
567 617 640 668 LIV.
660 617 775 668 INDEX
794 616 1008 667 LECTIONUM
1025 615 1267 666 HIBERNARUM
1287 613 1419 684 1901J02.

371 799 468 842 versu
494 778 622 843 restitui
649 799 743 862 posse
770 782 859 842 ratus
888 778 974 862 quod
999 776 1158 841 sententia
1181 779 1327 860 posceret
1355 796 1416 838 neo
1439 779 1535 858 poeta
1557 774 1604 838 in-
1636 818 1641 827 ·

372 885 506 970 dignum
535 889 631 969 esset,
662 885 702 949 ab
726 884 880 971 Ussingio
908 885 1116 949 meritissimo
1139 883 1249 948 Plauti
1276 884 1451 967 interprete
1475 885 1606 966 sumpta

372 993 554 1076 suspicione
578 992 708 1077 scripsit

507 1098 599 1165 aaa
620 1120 748 1165 oaorem
766 1105 810 1164 cst
831 1099 885 1164 abi
901 1099 1032 1182 pulchre
1049 1098 1217 1163 habeamus
1240 1103 1330 1180 atque
1347 1097 1606 1162 1111111111-

1229 1225 1299 1270 mas
1321 1206 1410 1270 diem.

372 1311 433 1378 Sed
462 1314 532 1378 eius
559 1313 711 1378 editionis
740 1335 813 1379 cum
835 1335 895 1378 nos
920 1313 1050 1398 quidem
1073 1312 1176 1378 multa
1204 1312 1377 1396 probemus
1401 1316 1433 1375 et
1457 1312 1536 1376 scite
1559 1313 1606 1374 in·

371 1421 486 1486 stituta
509 1442 577 1485 esse
599 1420 767 1504 fateamur,
789 1421 824 1485 in
847 1422 907 1486 hac
926 1441 1021 1486 causa
1040 1420 1080 1484 ab
1099 1421 1171 1505 ipso
1191 1419 1281 1484 stab
1301 1418 1456 1504 Ussingio
1474 1418 1605 1501 longius

372 1527 579 1613 discedimus,
611 1551 676 1593 non
709 1529 795 1611 quod
828 1549 981 1614 negemus
1007 1528 1138 1610 pulchre
1164 1527 1332 1592 habeamus
1363 1528 1448 1590 recte
1477 1523 1540 1589 dici
1572 1527 1604 1588 et

371 1635 411 1700 de
434 1635 600 1718 epularum
624 1634 761 1699 lautitiis
784 1635 887 1718 accipi
909 1657 1014 1719 posse,
1038 1634 1125 1718 quod
1148 1637 1322 1718 utrumque
1340 1654 1411 1697 cum
1431 1630 1606 1716 Ussingius

332 1771 358 1809 ro
371 1744 442 1806 tum
464 1740 530 1806 Leo
554 1743 620 1807 ‘suis
644 1741 799 1826 exemplis
823 1743 901 1808 satis
925 1742 1156 1807 confirmarunt
1180 1739 1389 1828 (Merc.5833
1412 1736 1606 1823 Epid1573

370 1848 468 1913 Poen.
485 1846 595 1936 1366),
619 1849 674 1914 sed
698 1851 774 1933 quia
792 1849 998 1914 vehementer
1021 1849 1206 1914 dubitamus
1230 1869 1326 1932 quam
1347 1845 1513 1912 commode
1533 1865 1605 1909 oum

371 1955 437 2021 illis
461 1978 542 2040 quae
570 1957 716 2021 scribunt
741 1957 796 2021 abi
816 1957 948 2038 pulchre
973 1957 1143 2022 habeamus
1166 1955 1314 2020 connecti
1341 1955 1506 2038 potuerint
1528 1951 1607 2016 haec

371 2069 463 2145 atque
479 2065 561 2129 111111
578 2065 794 2129 commeamus
812 2065 903 2144 dmm,
928 2064 956 2128 si
974 2065 1104 2148 quidem
1122 2062 1238 2128 horum
1258 2063 1431 2128 verborum
1450 2061 1516 2125 vim
1534 2081 1606 2143 pro·

371 2173 475 2255 priam
497 2173 595 2235 etiam
618 2171 653 2235 in
675 2171 886 2236 translatione
905 2172 955 2235 uti
972 2194 1031 2256 par
1050 2175 1099 2236 est
1121 2170 1311 2255 retinemus3
1335 2191 1446 2234 verum
1465 2167 1514 2232 illi
1533 2187 1605 2230 cum

371 2277 451 2342 haec
483 2277 524 2342 ad
556 2279 788 2363 generaliorem
816 2278 975 2362 quendam
1003 2278 1220 2363 significatum
1249 2276 1477 2361 depresserint,
1512 2295 1607 2358 quem

373 2385 528 2470 exemplis
552 2385 659 2450 allatis
681 2386 853 2469 declarant,
871 2385 960 2450 velut
979 2383 1069 2450 Asin.
1085 2385 1148 2449 291
1169 2387 1247 2467 pata
1265 2405 1318 2468 epo
1336 2385 1417 2450 boae
1435 2379 1606 2467 (lippeam)

372 2494 459 2558 tabee
482 2499 587 2572 tacere,
610 2513 690 2574 qaae
712 2492 837 2574 loquens
861 2492 1004 2556 lecerat
1024 2493 1115 2571 dmm,
1139 2490 1237 2557 Stich.
1257 2489 1323 2555 435
1346 2490 1427 2555 hamc
1449 2489 1506 2553 tibi
1529 2488 1642 2558 daos

372 2602 464 2666 diem
502 2617 552 2665 su.
577 2600 688 2665 Meam
715 2600 840 2681 colpam
867 2598 986 2677 trebete,
1014 2600 1080 2664 aiei
1101 2599 1198 2682 probe
1225 2601 1499 2677 carraciacero,
1527 2594 1608 2677 aliis,

374 2730 455 2792 quae
477 2730 518 2772 ne
537 2729 554 2770 e
573 2707 753 2793 longinquo
777 2706 906 2789 quidem
930 2705 971 2769 ad
994 2707 1192 2771 comburendi
1214 2707 1380 2770 notionem
1402 2704 1566 2781 accedunt,
1590 2725 1609 2764 a

333 2814 455 2881 sofalso
473 2813 633 2899 principio
652 2813 791 2899 profecti
809 2813 872 2880 hoc
889 2834 987 2897 porro
1007 2813 1189 2897 effecerunt,
1211 2816 1248 2878 ut
1269 2835 1351 2897 quae
1371 2816 1446 2878 sunt
1464 2811 1500 2876 in
1516 2809 1610 2875 Peni-

374 2923 438 2987 culi
465 2944 620 3006 responso
649 2921 688 2986 de
715 2922 912 2987 semimortuo
940 2922 991 2986 die
1018 2925 1050 2986 et
1079 2920 1117 2984 de
1144 2942 1217 3002 rope
1245 2921 1310 2985 iam
1335 2919 1538 2997 incendendo,
1569 2917 1609 2980 iis

375 3029 500 3094 occasio
525 3052 589 3113 qua
614 3028 786 3114 provocari
813 3028 978 3113 potuerint
1001 3033 1034 3093 et
1056 3050 1150 3093 omne
1178 3028 1422 3093 fundamentum
1446 3026 1610 3090 sublatum

374 3138 426 3202 sit.
463 3135 510 3201 Ut
532 3138 650 3201 mirum
675 3136 821 3201 videatur
842 3134 930 3200 hunc
952 3136 1036 3200 mehe
1060 3135 1283 3201 cohaerentem
1306 3134 1491 3200 criticorum
1516 3131 1612 3214 culpa

374 3266 554 3310 sermonem
582 3267 601 3307 a
628 3243 780 3309 Plautina
812 3244 845 3307 in
877 3243 939 3307 h'oc
972 3264 1088 3329 genere
1115 3244 1237 3307 virtute
1264 3242 1356 3308 valde
1385 3242 1611 3307 abhorrentem

374 3354 452 3417 viris
480 3352 613 3417 eruditis
641 3355 673 3415 et
696 3352 729 3415 in
757 3371 792 3414 re
815 3350 966 3416 Plautina
989 3351 1117 3437 egregie
1140 3351 1277 3414 versatis
1304 3350 1430 3435 placere
1453 3346 1612 3432 potuisse3

373 3459 456 3523 illud
480 3459 659 3524 omittimus
682 3480 722 3522 ne
745 3459 814 3522 veri
837 3457 966 3541 quidem
990 3458 1095 3521 simile
1118 3477 1197 3540 esse,
1220 3457 1274 3522 abi
1290 3456 1422 3539 pulchre
1443 3454 1612 3520 habeamus

375 3566 492 3630 abiisse
519 3566 553 3629 in
577 3588 615 3630 ea
638 3587 719 3649 quae
743 3565 864 3649 scripta
887 3569 963 3629 sunt
985 3564 1021 3628 in
1043 3564 1135 3628 libris
1157 3565 1212 3629 abi
1234 3563 1407 3647 saphicum
1434 3563 1611 3641 habeamus,

375 3677 432 3738 aut
455 3672 608 3759 Ussingio
636 3672 811 3758 contigisse
838 3676 876 3737 ut
904 3671 967 3737 hoc
991 3672 1048 3754 qui
1071 3671 1193 3736 fectum
1217 3674 1302 3736 esset
1330 3670 1492 3755 probabili
1515 3668 1611 3734 modo

376 3781 618 3845 demonstraret.
665 3778 785 3845 Contra
813 3779 870 3844 ubi
898 3785 1038 3845 mortam
1059 3766 1271 3863 memoretur,
1299 3778 1378 3862 quid
1407 3777 1481 3841 miri
1504 3776 1550 3841 ibi
1573 3776 1612 3839 de

336 3912 363 3951 so
375 3888 547 3970 sepeliendo
571 3886 644 3971 dici,
669 3908 750 3971 quae
769 3890 805 3951 ut
828 3888 863 3951 in
886 3908 993 3951 rerum
1013 3890 1128 3951 natura
1147 3890 1268 3951 secreta
1285 3908 1351 3951 non
1371 3888 1456 3968 sunt,
1480 3884 1612 3948 111111-

376 3995 447 4082 gari
470 3994 608 4077 quadam
625 3993 780 4077 loquendi
799 3992 1030 4059 consuetudine
1050 3993 1194 4077 copulari
1219 3993 1333 4075 solent,
1351 3992 1438 4076 quod
1456 4012 1559 4079 genus
1578 3991 1613 4054 in

376 4100 612 4186 Amphitruone
634 4100 720 4165 1074
739 4105 849 4164 narrat
867 4100 999 4164 Bromia
1017 4102 1088 4183 qais
1107 4100 1158 4164 hie
1176 4106 1336 4179 11111111,
1360 4102 1415 4182 qai
1433 4098 1614 4164 antecedes

376 4214 500 4274 corbos
525 4210 572 4273 sic
600 4208 699 4272 meet?
730 4229 885 4273 eamcam
911 4207 993 4272 boae
1012 4208 1169 4289 percussit
1191 4207 1356 4289 Iuppiter?
1390 4207 1478 4271 credo
1501 4204 1613 4287 edepol,

376 4337 453 4380 acm
470 4337 533 4398 pro
551 4315 696 4397 Iuppiter
717 4315 901 4396 sepelierat
922 4316 1015 4397 paesi
1034 4316 1076 4381 sit
1099 4320 1277 4392 mortuas,
1301 4314 1358 4379 ubi
1374 4335 1441 4379 non
1460 4311 1614 4397 intelligi·

377 4444 448 4487 mus
473 4422 550 4505 quid
575 4422 618 4488 sit
642 4423 729 4506 quod
751 4420 817 4487 Leo
841 4422 1121 4487 benedictionem
1146 4426 1328 4506 suspectam
1347 4442 1416 4485 esse
1440 4419 1534 4501 dicet,
1557 4422 1615 4482 aut

378 4550 460 4613 quae
483 4529 522 4593 de
540 4528 639 4593 Ennii
658 4528 840 4593 Euhemero
863 4529 962 4594 refert
978 4527 1168 4595 Lactantius
1192 4528 1254 4593 div.
1269 4528 1371 4592 inst1
1392 4527 1443 4610 11,
1458 4526 1500 4592 65
1522 4524 1614 4591 Oeae

377 4657 435 4701 ooo
452 4656 542 4718 quem
560 4637 637 4701 diest
649 4636 845 4702 Erdemeras
862 4638 899 4701 ia
917 4634 1054 4701 caesa
1077 4640 1259 4701 mortuam
1282 4640 1310 4701 et
1329 4636 1364 4700 ia
1381 4636 1494 4715 oppido
1512 4632 1615 4697 Acta-

377 4745 428 4807 eio
450 4742 650 4824 sepultam
675 4742 794 4807 similia
812 4742 933 4825 Livius,
956 4746 992 4806 ut
1011 4759 1121 4806 xxxvl
1136 4742 1224 4825 20,b
1244 4740 1615 4823 immorassemus

377 4870 435 4931 pue
452 4849 651 4926 herecee
675 4853 731 4914 aut
749 4866 886 4914 xxxvrn
900 4848 984 4931 56‚1
1011 4848 1049 4913 de
1069 4846 1220 4932 Scipione
1239 4868 1312 4913 cum
1331 4848 1410 4913 dicit
1429 4848 1528 4913 matta
1547 4847 1616 4912 atio
