3967 5725
461 1516 552 1591 LIX.
579 1513 750 1589 INDEX
777 1514 1095 1590 LEOTIONUM
1121 1513 1470 1591 AESTIVARUM
1498 1519 1596 1590 1904

503 1672 542 1739 In
555 1673 730 1758 prooemiis
745 1673 921 1740 scribendis
940 1694 1014 1738 cum
1033 1672 1266 1759 discipulorum
1285 1674 1392 1740 studia
1409 1675 1451 1740 ad
1469 1674 1650 1757 expositam
1669 1691 1689 1747 a

414 1780 592 1847 lectionum
619 1781 871 1846 academicorum
903 1781 1020 1866 dapem
1048 1800 1218 1863 vocamus,
1246 1781 1318 1846 fieri
1344 1803 1411 1847 non
1436 1784 1546 1867 potest
1573 1780 1654 1864 quin

413 1888 577 1964 interdum
610 1887 776 1955 doctorum
808 1909 936 1972 qnoque
964 1887 1219 1955 vicissitudinem
1248 1888 1474 1974 respiciamus,
1506 1909 1570 1972 qua
1598 1884 1655 1950 alii

416 2017 528 2061 eornm
555 2016 651 2061 cursu
674 1998 786 2061 exacto
809 1995 844 2059 in
867 2016 1072 2062 communem
1096 1994 1205 2060 locum
1229 1995 1354 2079 abeant,
1381 1995 1438 2060 alii
1461 1994 1496 2059 in
1518 1993 1651 2059 illorum

414 2101 522 2168 sedem
540 2101 719 2168 succedant.
752 2100 867 2186 Itaque
884 2123 971 2166 nnnc
987 2101 1137 2188 lugemus
1156 2100 1283 2167 Unmcr
1301 2100 1491 2168 Konnnnrn
1511 2100 1654 2174 obitum,

413 2211 476 2275 riri
500 2209 622 2296 egregii
645 2213 678 2274 et
701 2210 758 2293 qui
780 2209 817 2274 in
837 2229 897 2273 sua
918 2211 1011 2293 parte
1036 2207 1199 2274 doctrinae
1223 2230 1297 2275 cum
1318 2209 1412 2274 libris
1431 2210 1561 2295 scriptis
1578 2212 1649 2272 tum

414 2317 582 2382 fructuosa
599 2315 804 2382 institutione
823 2316 886 2381 sibi
903 2315 1032 2380 laudem
1052 2315 1123 2381 aliis
1142 2315 1303 2402 insignem
1322 2316 1497 2382 utilitatem
1512 2316 1651 2400 peperit:

415 2425 471 2507 qui
495 2427 599 2488 aetate
622 2427 735 2509 vegeta
759 2423 877 2487 mentis
901 2424 969 2487 acie
992 2444 1056 2506 qua
1078 2421 1223 2506 pollebat
1244 2444 1303 2507 per
1324 2423 1431 2489 morbi
1453 2425 1520 2489 vim
1538 2422 1652 2488 obscu-

375 2555 402 2598 ιι
414 2533 485 2594 rata
512 2528 613 2609 fiebili
641 2533 726 2594 sorte
752 2529 871 2593 litteris
899 2533 932 2594 et
959 2528 1071 2593 amicis
1101 2533 1227 2613 ereptus
1257 2534 1313 2594 est
1356 2529 1404 2594 Ac
1431 2530 1526 2596 nobis
1554 2529 1651 2596 simul

322 2649 333 2660 ’
414 2635 546 2700 maioris
574 2635 635 2700 viri
662 2635 794 2700 amissio
822 2634 1018 2718 deploranda
1045 2638 1102 2720 est,
1131 2635 1323 2702 Tnuooonr
1345 2636 1548 2702 Mouusnru.
1586 2635 1650 2702 Hic

413 2743 480 2807 uita
502 2742 543 2806 ad
567 2746 742 2807 extremam
766 2745 963 2806 senectutem
985 2741 1145 2826 producta
1165 2741 1252 2808 haud
1270 2744 1456 2810 inclementi
1475 2743 1542 2810 fato
1562 2743 1647 2808 diem

413 2872 598 2935 supremum
622 2849 712 2931 obiit,
742 2848 837 2914 nobis
861 2871 935 2914 vero
960 2848 1191 2934 sempiternum
1215 2850 1264 2916 sui
1288 2851 1482 2918 desiderium
1505 2851 1648 2937 reliquit,

416 2958 471 3041 qui
500 2957 596 3022 etiarn
626 2979 699 3023 cum
725 2978 822 3022 senex
849 2956 976 3022 scholas
1003 2956 1122 3022 habere
1151 2957 1259 3043 desiit,
1287 2962 1396 3024 noster
1418 2981 1488 3028 esse
1511 2962 1544 3023 et
1568 2956 1645 3024 Uni-

414 3063 576 3130 versitatis
600 3064 697 3129 saluti
720 3063 830 3129 adesse
854 3063 961 3148 quoad
983 3050 1065 3129 vixit
1087 3086 1154 3130 non
1178 3064 1282 3130 desiit.
1321 3063 1419 3131 Cuius
1445 3064 1571 3132 illustre
1593 3086 1650 3129 no-

415 3194 490 3237 men
513 3172 665 3256 quoniam
687 3193 774 3237 nunc
796 3170 938 3256 primum
960 3172 996 3236 in
1013 3169 1077 3235 hoc
1095 3170 1201 3236 indice
1219 3170 1395 3236 lectionum
1413 3192 1474 3237 suo
1492 3171 1564 3238 loco
1583 3194 1649 3237 non

414 3283 557 3364 apparet,
587 3279 710 3346 decoris
733 3300 829 3344 cansa
851 3278 886 3342 in
908 3277 971 3343 hoc
994 3277 1126 3344 exordio
1150 3277 1464 3344 commemorandum
1488 3278 1650 3365 duximus,

413 3407 480 3451 non
503 3390 540 3451 ut
562 3385 822 3470 incomparabilis
845 3385 1035 3474 magnitudo
1058 3386 1121 3450 viri
1141 3384 1289 3468 pluribus
1308 3385 1414 3450 verbis
1434 3390 1649 3471 exponeretur

414 3492 469 3558 scd
492 3495 531 3556 ut
552 3515 617 3559 nno
641 3492 738 3558 verbo
762 3492 985 3578 profiteremur
1009 3496 1165 3576 quantum
1188 3491 1364 3557 auctoritas
1388 3494 1457 3557 eius
1476 3495 1511 3557 in
1530 3493 1646 3558 doctri·

372 3622 528 3667 aonarum
555 3600 678 3665 cultum
700 3599 834 3685 valeret,
862 3599 918 3684 qui
941 3622 1000 3665 suo
1024 3597 1172 3682 exemplo
1197 3597 1307 3664 docuit
1328 3598 1381 3664 vel
1404 3599 1577 3665 maximam
1599 3602 1648 3664 in-

413 3708 501 3794 genii
519 3708 586 3773 uim
603 3706 667 3772 nisi
685 3728 758 3772 cum
772 3706 931 3771 indefessa
946 3705 1066 3771 laboris
1080 3705 1287 3771 contentione
1302 3706 1508 3773 coniunctam
1523 3707 1648 3773 fructus

412 3815 496 3880 ferre
518 3837 584 3880 non
607 3835 710 3899 posse.
747 3812 818 3878 Hoc
842 3813 904 3879 sibi
928 3812 1049 3877 dictum
1072 3810 1190 3878 tollant
1213 3834 1370 3879 memores
1390 3813 1447 3897 qui
1465 3814 1647 3880 litterarum

414 3921 520 3987 studia
543 3925 714 4006 capessunt
735 3922 771 3986 in
792 3920 897 4004 iisque
920 3920 1020 3984 vitem
1044 3940 1110 3983 non
1128 3918 1276 3984 inutilem
1296 3940 1484 3987 consumere
1504 3922 1649 4005 cupiunt.

502 4027 642 4094 Tantum
670 4026 808 4094 dandum
838 4030 906 4092 erat
930 4025 1002 4109 piae
1026 4024 1249 4091 defunctorum
1273 4026 1497 4093 recordationi.
1533 4026 1648 4112 Itaque

411 4157 499 4201 nunc
521 4137 698 4220 repetimus
722 4138 912 4199 consuetum
934 4134 1083 4197 nostrum
1107 4131 1268 4198 tramitem
1292 4132 1523 4218 disputationis
1540 4157 1646 4222 gram·

413 4243 557 4309 maticae.

503 4347 674 4435 Sophoclis
692 4347 840 4414 Electrae
858 4346 892 4411 in
910 4345 1020 4411 codice
1040 4342 1256 4411 Laurentiano
1276 4344 1390 4433 (xxxn
1410 4346 1445 4435 9)
1466 4348 1544 4415 haec
1563 4371 1646 4434 quae
1666 4364 1687 4422 4

413 4456 497 4521 infra
520 4456 705 4543 scripsimus
728 4454 904 4540 praemissa
927 4452 1017 4517 sunt:

542 4562 717 4641 ‘lacteolo
739 4558 928 4646 Ἠλέκτρας.
966 4554 1149 4624 ‘monuwa
1177 4552 1252 4643 ὦδε,
1281 4564 1426 4646 τροφεὺς
1450 4564 1584 4642 δεικνὺς
1602 4573 1644 4653 τᾷ

371 4692 399 4735 ιι
542 4670 676 4758 Ὀρέστῃ
704 4671 743 4735 τὰ
772 4667 809 4733 ἐν
827 4666 950 4751 Ἀργει.
977 4664 1099 4749 μικρὸν
1125 4666 1188 4751 γὰρ
1217 4666 1322 4732 αὐτὸν
1351 4670 1432 4734 ὄντα
1454 4668 1602 4749 κλέψασα
1625 4672 1645 4755 ἡ

543 4775 715 4863 Ἠλέκτρα,
738 4774 836 4861 ἡνίκα
859 4771 876 4838 ὁ
900 4770 1008 4856 πατὴρ
1032 4768 1200 4855 ἐσφάζετο,
1225 4771 1347 4839 δέδωκε
1368 4784 1414 4862 τῷ
1433 4787 1560 4861 τροφεῖ,
1584 4801 1647 4862 φο-

546 4882 694 4970 βουμένη
717 4881 762 4966 μὴ
785 4878 839 4947 καὶ
863 4877 967 4944 αὐτὸν
990 4877 1182 4961 φονεύσωσι
1205 4879 1269 4943 σὺν
1292 4887 1338 4968 τῷ
1357 4886 1468 4966 πατρί.
