3967 5725
718 573 768 622 DE
786 571 1051 622 ARISTOPHANIS
1070 560 1273 633 EQUITIBUS.
1546 570 1610 634 281

376 735 443 798 vim
471 738 504 798 et
530 734 761 817 proprietatem
789 736 875 797 recte
902 733 1116 797 aestimarent.
1160 730 1244 796 Sunt
1271 735 1378 796 autem
1406 732 1498 816 haec,
1531 755 1612 817 quae

375 841 470 906 nobis
490 844 567 905 nota
586 841 665 905 sint:
684 840 819 924 Lysistr.
836 840 899 905 128
918 837 1063 923 ποιήσετ’
1087 837 1107 922 ἢ
1127 839 1168 904 οὐ
1187 837 1350 922 ποιήσετ’;
1375 837 1394 922 ἢ
1414 844 1449 904 τί
1463 839 1613 921 βάλλεαι

375 948 529 1032 Aeschyli
557 949 592 1011 in
616 945 746 1032 Septem
773 947 836 1011 184
864 948 1009 1030 ἤκουσας
1032 946 1051 1031 ἢ
1076 947 1137 1012 οὐκ
1160 947 1320 1030 ἤκουσας,
1348 946 1487 1032 ἣκωφῇ
1510 945 1614 1029 ῖέγω;

377 1076 459 1139 quae
477 1056 573 1138 plane
591 1053 673 1118 illud
692 1076 792 1140 genus
813 1053 951 1138 duplicia
970 1053 1235 1139 interrogationis
1254 1075 1331 1139 prae
1351 1076 1384 1119 se
1401 1054 1511 1119 ferunt
1525 1056 1613 1138 quod

378 1161 528 1246 dicimus3
559 1184 632 1225 nam
662 1159 807 1243 ποιήσετ’
839 1159 860 1244 ἢ
888 1161 929 1224 οὐ
957 1163 1125 1244 ποιήσετε,
1158 1163 1303 1244 ἤκουσας
1330 1159 1350 1244 ἣ
1379 1161 1440 1226 οὐκ
1467 1163 1614 1244 ἤκουσας

376 1290 442 1333 non
462 1269 555 1333 aliter
572 1269 726 1355 iugantur
745 1290 841 1352 quam
862 1266 978 1332 πέπων
996 1266 1016 1349 ἢ
1035 1269 1079 1351 μὴ
1098 1267 1222 1350 πέπων,
1241 1274 1363 1333 θανεῖν
1381 1266 1401 1351 ἣ
1420 1269 1464 1351 μὴ
1483 1275 1614 1352 θανεῖν,

377 1379 411 1440 et
436 1375 491 1441 hio
518 1379 551 1440 et
577 1374 644 1439 illie
672 1375 794 1459 duplici
821 1375 1070 1459 interrogationi
1092 1396 1174 1458 quae
1198 1379 1247 1439 est
1269 1398 1328 1460 pro
1352 1397 1417 1440 una
1439 1375 1613 1460 apponitur

378 1483 514 1547 aiterum
547 1483 587 1547 ab
621 1504 658 1546 ea
684 1483 856 1546 diversum.
894 1480 1039 1557 Quorum
1068 1481 1314 1546 similitudinem
1343 1483 1436 1566 sequi
1463 1483 1614 1547 videntur

378 1589 457 1655 haec
481 1590 563 1672 quae
587 1587 765 1654 Cassandra
788 1589 868 1653 dicit
891 1589 925 1652 in
948 1587 1192 1674 Agamemnone
1213 1590 1346 1653 1148-K.

538 1697 686 1781 ἥμαρτον
709 1696 729 1778 ἢ
753 1708 844 1778 κυρῶ
867 1720 899 1760 τι
922 1694 1056 1779 τοξότης
1078 1721 1127 1772 τις
1151 1697 1209 1780 ὥς,

538 1803 559 1887 ἢ
581 1805 805 1886 ψευδόμαντίς
829 1806 896 1887 εἰμι
918 1805 1113 1883 θυροκόπος
1137 1802 1284 1887 φῖέδων;

378 1910 495 1994 quibus
525 1908 760 1975 Schneidewini
792 1910 1016 1994 interpretatio
1049 1932 1116 1974 non
1143 1909 1313 1995 satisfacit3
1346 1915 1479 1994 apparet
1507 1915 1613 1975 autem

378 2019 482 2102 prima
505 2019 583 2101 duo,
608 2017 705 2082 modo
729 2027 820 2101 κυρῶ
844 2039 909 2081 non
933 2023 1029 2100 θηρῶ
1060 2017 1231 2100 scribatur,
1259 2019 1293 2081 in
1316 2040 1412 2081 unam
1437 2018 1613 2104 interroga·

377 2126 500 2189 tionem
529 2127 627 2190 coire:
653 2125 743 2205 βάνθ’
769 2125 819 2188 ι’άι
847 2125 920 2188 oder
947 2125 1018 2204 trus
1038 2123 1119 2203 ires,
1148 2147 1166 2188 a
1190 2123 1307 2208 quibus
1330 2125 1430 2188 distat
1453 2126 1540 2208 quod
1563 2125 1614 2188 ad-

378 2232 466 2296 ditur
493 2231 629 2296 ulterum
658 2231 678 2314 ἢ
706 2233 930 2312 ψευδόμαντίς
958 2233 1052 2315 εἰμες·
1067 2253 1141 2295 nam
1171 2232 1267 2296 etiam
1295 2229 1521 2315 άῖηθόμαντις
1546 2236 1613 2297 tam

378 2340 554 2422 τυγχάνειν
582 2342 690 2424 potest
718 2361 814 2422 quam
843 2337 1097 2421 ἀποτυγχάνειν.
1133 2338 1281 2422 Denique
1305 2338 1338 2402 in
1362 2336 1439 2403 Oed.
1460 2337 1527 2403 Ool.
1547 2339 1611 2402 317

379 2547 431 2638 ἆρ’
464 2553 525 2618 οὐκ
551 2549 657 2632 deum
685 2553 705 2635 ἢ
733 2554 846 2636 γνώμη
874 2556 997 2640 πῖανῖη
1024 2553 1145 2619 habent
1173 2555 1355 2638 quodcum
1379 2553 1445 2618 illis
1469 2555 1614 2618 conferre

378 2659 481 2724 liceat.

468 2766 607 2831 Tantum
626 2767 665 2831 de
683 2767 746 2832 hoc
764 2766 891 2831 dicendi
910 2787 1036 2854 genere,
1056 2767 1094 2831 de
1113 2790 1177 2851 quo
1198 2768 1450 2851 disputationem
1469 2772 1655 2836 nostrumne

379 2877 419 2939 ab
448 2875 520 2940 aliis
549 2874 729 2940 continuari
757 2879 790 2939 et
817 2875 1010 2958 locupletari
1037 2876 1183 2941 velimus.
1222 2874 1285 2940 Sed
1311 2899 1377 2942 non
1400 2876 1613 2960 relinquimus

378 2981 462 3047 hanc
489 3004 557 3046 rem
586 2983 664 3066 quin
691 2983 789 3047 verbo
813 2983 1069 3068 perstringamus
1094 3003 1203 3046 versus
1227 2982 1384 3065 Equitum
1408 2983 1482 3050 inde
1505 3005 1524 3046 a
1548 2980 1613 3047 606

540 3089 664 3171 ἤσθιον
687 3086 724 3153 δὲ
748 3093 826 3165 τοὺς
849 3090 1041 3173 παγούρους
1065 3088 1139 3154 άντῖ
1162 3092 1260 3165 ποίας
1283 3090 1452 3173 Μηδικῆς,

539 3202 573 3260 et
592 3220 641 3273 τις
664 3194 792 3280 ἐξέρποι
818 3196 958 3281 θύραζε,
981 3196 1044 3261 κάκ
1067 3199 1180 3279 βυθοῦ
1204 3194 1405 3280 θηρώμενοι.

539 3301 617 3367 ὥστ’
643 3300 707 3387 ἔφη
733 3302 867 3388 Θέωρος
890 3305 996 3367 εἰπεῖν
1019 3305 1178 3388 καρκίνον
1203 3306 1406 3384 Κορίνθιον·
1472 3344 1473 3347 =

539 3410 646 3476 ‘beros
669 3409 712 3492 γ’,
735 3406 760 3474 ὦ
787 3411 969 3492 Πόσειδον,
993 3412 1024 3473 εἰ
1045 3408 1118 3493 μήτ’
1146 3409 1183 3474 ἐν
1206 3413 1305 3497 βυθῷ
1325 3411 1527 3494 δυνήσομαι,

428 3518 495 3582 610
539 3520 620 3600 μήτε
643 3527 685 3601 γῇ
708 3515 783 3600 μήτ’
812 3516 848 3581 ἐν
871 3516 1020 3601 θαλάττη
1045 3518 1225 3599 διαφυγεῖν
1248 3519 1327 3592 τοὺς
1351 3515 1478 3593 tersas

379 3626 412 3688 in
441 3624 558 3709 quibus
587 3624 690 3688 simile
715 3625 841 3708 peccari
865 3624 992 3688 videtur
1015 3624 1056 3688 ab
1079 3622 1310 3707 interpretibus
1336 3625 1423 3706 quod
1446 3629 1612 3707 peccatum

379 3733 485 3796 estin
507 3755 535 3796 v.
555 3732 634 3817 2603
657 3753 723 3795 non
746 3730 851 3816 magis
875 3731 961 3795 enim
983 3730 1041 3795 illa
1063 3730 1126 3793 tria
1149 3728 1285 3813 μήτ’,ἐν
1304 3734 1401 3817 βυθῷ
1416 3732 1496 3814 μήτε
1516 3730 1553 3795 ἐν
1571 3742 1613 3815 γη

378 3840 459 3921 μήτε
482 3837 519 3902 ἐν
541 3839 689 3922 θαλάττη
713 3829 810 3902 unam
834 3838 948 3924 seriem
972 3838 1119 3902 efficiunt
1142 3859 1239 3921 quam
1259 3859 1291 3900 se
1310 3858 1375 3900 uno
1395 3838 1506 3901 ordine
1526 3838 1614 3921 ὠμὸς
1628 3862 1655 3905 so

379 3944 400 4028 ἣ
422 3944 538 4010 πέπων
559 3945 580 4029 ἢ
602 3946 646 4028 μὴ
670 3943 785 4009 πέπων
808 3945 1025 4029 excipiebant3
1048 3968 1123 4010 nam
1147 3946 1175 4009 si
1199 3944 1352 4030 coniungi
1375 3943 1454 4008 velis
1477 3942 1550 4028 μήτ’
1576 3943 1613 4010 ἐν

379 4056 481 4139 βυθῷΙ
501 4056 581 4135 μήτε
609 4050 646 4116 ἐν
675 4061 732 4137 γῇ,
760 4052 906 4117 haerebit
934 4075 1018 4136 aqua
1041 4053 1075 4116 in
1098 4054 1261 4137 θαλάττη;
1289 4072 1401 4116 verum
1425 4055 1532 4115 autem
1555 4075 1614 4136 par

380 4160 582 4224 constituunt
599 4162 680 4243 μήτε
699 4168 740 4243 γῇ
759 4162 839 4241 μήτε
860 4159 896 4224 ε’ν
914 4160 1073 4244 θαλάττῃ,
1092 4182 1111 4222 a
1126 4159 1243 4244 quibus
1258 4160 1399 4242 primum
1413 4158 1495 4222 illud
1509 4173 1613 4243 segre

379 4270 491 4352 gutum
524 4270 573 4330 est
605 4270 638 4329 et
665 4266 906 4351 segregandum.
949 4266 1002 4330 Sic
1028 4266 1115 4331 enim
1143 4267 1346 4331 scribendum
1374 4265 1511 4330 dicimus
1539 4286 1613 4336 cum

379 4373 542 4438 Brunokio
570 4373 723 4457 prudenti
745 4373 875 4436 homine
898 4372 981 4456 μηδ’
1004 4372 1040 4437 ἐν
1064 4378 1176 4460 βυθῷ,
1203 4373 1290 4456 quod
1313 4396 1331 4437 a
1353 4372 1517 4457 plerisque
1540 4394 1612 4457 pr07

379 4480 490 4545 batum
522 4479 656 4545 Zaeheri
693 4480 791 4568 editio
825 4480 1020 4564 repudiarit3
1056 4481 1306 4563 interpretamur
1338 4483 1446 4549 autem
1479 4480 1538 4563 ita,
1576 4484 1613 4544 ut

380 4609 420 4652 ex
447 4610 499 4671 ec,
531 4588 619 4671 quod
649 4588 814 4671 πάγουροι
841 4610 883 4651 ne
910 4589 944 4651 in
971 4585 1132 4671 profundo
1161 4586 1290 4670 quidem
1318 4588 1381 4651 tuti
1410 4586 1487 4670 sint,
1521 4588 1613 4671 quasi

380 4694 565 4781 colligatur,
597 4716 652 4758 eos
685 4716 762 4779 ergo
789 4716 894 4777 neque
922 4698 1008 4758 terra
1034 4714 1138 4777 neque
1166 4695 1247 4758 mari
1275 4714 1309 4757 se
1336 4693 1419 4759 tueri
1432 4707 1434 4711 '
1447 4716 1544 4778 posse
1569 4694 1613 4761 ab

380 4801 551 4886 equitibus.
1403 4841 1405 4845 .
1432 4840 1434 4843 -
