3967 5725
729 603 780 652 DE
797 601 997 654 THEOCRI'I'I
1014 602 1164 654 IDYLLIO
1183 603 1244 656 vn.

931 762 1011 828 ool
1037 765 1183 847 Τίτυρος
1206 761 1353 848 ἐγγύθεν
1376 761 1450 851 giret

508 872 553 949 ὥς
574 893 661 936 ποκα
683 880 742 948 τᾶς
764 870 887 946 Ξενέας
908 869 1076 956 ἠράσσατο
1099 871 1231 955 Δάφνις
1255 871 1273 938 ὁ
1296 872 1419 954 βούτας

507 979 573 1062 χὼς
595 979 675 1063 όρος
697 975 779 1062 ἀμφ’
806 976 957 1043 ἐπονεῖτο
980 976 1036 1043 καὶ
1059 979 1104 1055 ὡς
1126 978 1226 1064 δρύες
1249 978 1353 1044 αὐτὸν
1377 977 1545 1062 ἐθρήνεον

420 1084 462 1149 75
503 1083 612 1169 Ἱμέρα
635 1084 706 1149 αῗτε
729 1085 852 1168 φύοντι
874 1082 951 1169 παρ’
980 1085 1141 1168 ὄχθαισιν
1163 1095 1340 1170 ποταμοῖο,

508 1186 582 1257 εὖτε
605 1192 687 1275 χιὼν
710 1192 755 1268 ὥς
777 1214 827 1268 τις
849 1191 1042 1256 κατετάκετο
1065 1193 1196 1276 μακρὸν
1217 1190 1277 1276 ὑφ’
1305 1183 1417 1278 Αἷμον

507 1296 632 1381 diddo
655 1297 675 1381 ἢ
696 1295 859 1364 Ῥοδόπαν
881 1297 902 1380 ἢ
926 1298 1107 1364 Καύκασον
1130 1297 1345 1383 ἐσχατόωντα

372 1405 467 1472 Nihil
489 1405 663 1471 admodum
685 1405 720 1469 in
740 1404 793 1470 his
812 1404 1014 1472 difficultatis
1032 1404 1152 1490 haeret,
1175 1406 1262 1491 quod
1280 1407 1440 1496 legentem
1459 1411 1611 1493 moretur,

373 1517 449 1578 sunt
472 1517 581 1578 tamen
599 1512 634 1576 in
652 1512 693 1577 iis
712 1533 794 1596 quse
812 1512 944 1598 insuper
962 1512 1076 1578 habits
1093 1512 1134 1578 ab
1152 1513 1384 1598 interpretibus
1402 1516 1610 1581 intentiorem

373 1620 535 1706 quendam
562 1618 743 1703 explicandi
771 1640 880 1684 curem
902 1641 1035 1705 poscere
1057 1620 1220 1705 videntur,
1247 1622 1437 1706 inquibus,
1466 1621 1545 1706 quid
1568 1623 1612 1688 sit

374 1728 460 1812 quod
484 1725 528 1814 (v.
548 1724 605 1813 76)
629 1726 715 1791 dicat
739 1727 822 1810 χιὼν
845 1726 891 1804 ὥς
912 1751 961 1804 τις
984 1727 1094 1792 addito
1117 1727 1309 1812 pronomine
1331 1729 1516 1813 indefinito,
1543 1750 1608 1813 quo
1624 1758 1650 1800 ιο

372 1834 435 1899 hoc
464 1855 582 1899 nomen
610 1855 729 1919 augere
757 1857 776 1898 a
802 1837 914 1898 nostra
941 1832 1096 1918 loquendi
1124 1835 1356 1901 consuetudine
1383 1834 1523 1901 alienum
1551 1838 1610 1915 est,
1648 1905 1652 1916 ,

371 1962 477 2026 neque
503 1941 538 2005 id
561 1938 675 2006 Graeci
703 1961 829 2024 semper
855 1940 968 2008 eodem
997 1941 1096 2006 simili
1118 1945 1245 2006 utentes
1269 1940 1475 2026 addiderunt,
1502 1965 1610 2027 quem-

374 2048 547 2113 admodum
571 2045 787 2114 Oallimechus
810 2047 925 2113 scribit
947 2049 977 2132 6,
997 2047 1038 2112 91

506 2156 550 2232 ὡς
574 2155 611 2220 δὲ
635 2156 785 2239 Μίμαντα
808 2156 901 2240 χιών,
924 2155 969 2231 ὡς
991 2154 1091 2243 άελίφ
1115 2151 1166 2221 ἔνι
1190 2157 1364 2240 κλαγγάν,
1514 2200 1518 2236 η

505 2260 561 2327 καὶ
584 2263 714 2328 τούτων
735 2258 785 2326 ἔτι
807 2265 920 2346 μεῖζον
943 2260 1091 2346 ἐτάκετο,
1113 2259 1212 2348 μέσφ’
1241 2260 1295 2328 ἐπὶ
1317 2264 1440 2349 νευράς

371 2391 409 2434 ac
431 2370 600 2435 venustius
623 2369 719 2434 etiam
746 2366 890 2452 Odyssea
912 2366 989 2454 (nx
1008 2366 1089 2456 205)

506 2472 611 2553 ὡςδὲ
635 2477 718 2561 χιὼν
740 2475 930 2559 κατατήκετ’
957 2473 993 2540 ἐν
1017 2475 1256 2560 ἀκροπόλοισιν
1280 2479 1429 2563 όρεσσιν,

505 2584 548 2666 ήν
572 2581 606 2647 τ’
628 2578 740 2669 Εὖρος
762 2580 945 2667 κατέτηξεν,
967 2581 1052 2667 ἐπήν
1074 2581 1229 2669 Ζέφυρος
1251 2586 1414 2670 καταχεύῃ

506 2689 551 2768 ὣς
573 2701 631 2774 τῆς
653 2692 770 2773 τήκετο
792 2691 877 2755 καλά
899 2692 1025 2776 παρήια
1048 2691 1296 2776 δακρυχεούσης

373 2801 429 2864 aut
451 2799 486 2863 in
509 2796 574 2864 alio
599 2797 697 2863 simili
720 2796 911 2864 Theocritus
934 2799 1004 2882 ipse
1028 2798 1143 2883 2,103
1622 2809 1651 2869 ιο

1057 2903 1121 2990 ἐγὼ
1145 2905 1186 2971 δέ
1206 2930 1263 2971 νιν
1286 2907 1330 2983 ὡς
1353 2905 1475 2991 ἐνόησα

506 3014 581 3096 άρτι
604 3014 714 3095 θύρας
737 3008 822 3097 ὑπὲρ
845 3012 949 3078 ούόὸν
973 3012 1194 3097 ἀμειβόμενον
1215 3011 1295 3078 ποδὶ
1318 3014 1453 3102 κούφῳ,

504 3132 594 3186 πάσα
616 3116 680 3202 μέν
703 3118 858 3204 ἐφύχθην
880 3120 992 3204 χιόνος
1014 3117 1125 3186 πλέον.

372 3226 457 3305 Quid
479 3228 581 3315 igitur
604 3231 689 3292 esset
712 3226 781 3291 illic
799 3227 886 3310 quod
906 3226 1051 3293 additum
1069 3226 1230 3313 legeretur
1248 3249 1436 3312 pronomen,
1459 3248 1524 3291 non
1542 3249 1610 3293 uno

370 3333 468 3399 modo
491 3336 704 3399 aestimanmt
726 3334 823 3417 docti,
845 3333 978 3399 fuerunt
996 3334 1094 3398 etiam
1114 3335 1170 3418 qui
1188 3338 1313 3399 mutata
1331 3335 1486 3400 orationis
1505 3334 1609 3401 forma

370 3463 549 3526 pronomen
577 3441 768 3507 demendum
797 3443 955 3507 curarent.
993 3438 1180 3506 Omittimus
1208 3440 1410 3528 singulorum
1440 3442 1608 3527 opiniones

370 3568 533 3613 recensere
565 3568 624 3613 nec
655 3548 683 3612 si
711 3549 790 3632 quid
817 3547 902 3611 forte
928 3547 1009 3612 recti
1037 3551 1093 3612 aut
1120 3548 1200 3613 utile
1229 3550 1363 3614 allatum
1390 3552 1439 3613 est
1467 3548 1506 3613 ab
1535 3547 1608 3613 aliis

371 3675 547 3740 moramur;
570 3656 628 3739 qui
649 3654 759 3719 dedita
782 3675 879 3738 opera
900 3654 985 3719 hanc
1008 3676 1076 3719 rem
1099 3654 1315 3739 exploraverit
1337 3660 1370 3721 et
1387 3656 1513 3721 abunde
1531 3656 1609 3721 huic

370 3763 554 3846 quaestioni
577 3763 769 3828 satisfecerit
790 3783 856 3833 non
878 3761 1037 3826 novimus.
1077 3759 1149 3825 Hoc
1172 3762 1274 3847 igitur
1296 3764 1438 3847 primum
1462 3762 1608 3846 dicimus,

369 3868 421 3947 τὶς
452 3891 632 3954 pronomen
659 3869 864 3935 indefinitum
891 3869 956 3934 iam
983 3868 1058 3934 inde
1086 3868 1126 3932 ab
1154 3867 1327 3935 Homerica
1355 3870 1547 3954 antiquitate
1575 3870 1609 3935 in
1622 3893 1649 3946 ιο

371 3976 539 4042 afferendis
567 3976 729 4041 similibus
756 3978 928 4061 praecipue
955 3980 989 4041 et
1015 3979 1142 4061 praeter
1168 3974 1286 4041 similia
1307 3976 1354 4041 ita
1376 3976 1455 4061 poni
1479 3997 1608 4042 consue-

370 4085 465 4167 visse,
487 4085 611 4149 nullam
634 4088 672 4149 ut
693 4085 760 4148 vim
782 4082 925 4167 haberet,
946 4082 1043 4165 plane
1065 4086 1103 4147 ut
1125 4087 1273 4150 nostrum
1294 4084 1353 4162 αιίι,
1377 4104 1452 4148 cum
1470 4085 1539 4148 sine
1558 4106 1608 4149 ac

370 4196 467 4257 centu
493 4190 562 4256 ullo
589 4212 627 4256 sc
650 4212 753 4276 paene
776 4190 844 4254 sine
867 4210 947 4255 sono
970 4192 1208 4273 pronuntiatur.
1250 4188 1300 4255 Ita
1323 4190 1514 4255 Theocritus
1537 4192 1608 4277 ipse

369 4298 499 4363 locutus
522 4301 581 4383 est,
602 4297 765 4383 βάτραχος
788 4297 832 4374 ὥς
855 4321 904 4373 τις
925 4296 954 4380 7,
971 4297 1014 4361 41
1037 4298 1097 4363 wic
1115 4298 1166 4363 tia
1183 4298 1312 4377 Frosclr,
1334 4320 1400 4361 non
1419 4299 1531 4381 irpead
1548 4299 1607 4379 οιίι,

371 4426 436 4490 quo
456 4406 559 4471 oratio
578 4405 810 4490 corrumpitur3
833 4403 1012 4487 όόοιπόρος
1030 4404 1074 4481 ὥς
1093 4428 1142 4481 τις
1163 4404 1249 4487 12,9
1267 4406 1327 4470 wic
1344 4404 1396 4469 tia
1417 4397 1607 4483 woccaram

370 4517 404 4577 et
420 4512 483 4577 hac
501 4511 631 4597 quidem
649 4510 869 4590 collocatione,
889 4533 985 4595 quam
1007 4510 1106 4576 habet
1124 4512 1222 4576 etiam
1241 4511 1417 4595 Sophocles
1437 4534 1510 4578 cum
1529 4513 1608 4577 dicit

370 4622 405 4685 in
428 4619 559 4686 Electra
581 4619 647 4684 234
674 4620 780 4704 μάτηρ
808 4619 890 4684 ὡσεί
914 4643 964 4696 τις
987 4618 1087 4684 πιστά
1114 4619 1174 4683 wie
1196 4618 1264 4684 ἕλοιο
1285 4625 1368 4685 λτοιιε
1386 4620 1514 4685 Μαλλόν.
1555 4619 1608 4685 Ex

371 4726 471 4792 simili
494 4725 685 4791 Theocriteo
714 4727 769 4791 sed
797 4725 892 4791 aliter
917 4726 1059 4790 formato
1087 4728 1120 4791 st
1147 4723 1204 4791 illa
1232 4730 1308 4789 sunt
1338 4726 1393 4805 13,
1412 4726 1455 4791 62
1483 4729 1607 4813 νεβροῦ

371 4831 605 4919 φθεγξαμένας
632 4857 682 4910 τις
710 4831 747 4898 ἐν
773 4833 889 4918 οὔρεσι
917 4835 968 4909 λῖς
996 4830 1178 4909 ἑσακούσας
1206 4830 1239 4910 ἐξ
1263 4834 1363 4910 εὐνᾶς
1386 4833 1526 4899 σπεύσαι
1549 4855 1608 4898 κεν
