3967 5725
364 615 413 681 90
511 620 663 671 XXXVIII.
683 621 798 669 INDEX
816 620 1030 671 LEOTIONUM
1047 617 1289 671 HIBERNARUM
1308 617 1442 684 1993194.

442 780 507 844 2011
559 782 600 848 Ut
621 781 711 846 ceteri
726 779 1031 863 passaCremcram
1054 783 1176 864 tetipere
1196 770 1343 863 rapacem
1455 817 1459 824 ·

599 888 774 971 (Turbidus
795 888 934 952 hibernis
956 888 1009 952 itte
1029 888 1145 969 fluebat
1166 889 1282 970 aquis),

558 994 672 1060 Castra
695 995 757 1059 loco
774 1000 901 1077 ponant
926 1032 963 1040 -
1026 1016 1029 1021 ·

372 1100 478 1165 Multa
502 1106 577 1166 sunt
600 1102 634 1164 in
657 1102 709 1166 his
732 1102 878 1166 versibus
903 1123 984 1185 quae
1007 1102 1194 1167 etiamnunc
1217 1101 1403 1185 interpretis
1427 1123 1535 1167 curam
1559 1124 1613 1181 re-‚

373 1208 499 1291 quirere
523 1208 681 1292 videntur,
710 1210 800 1273 velut
823 1208 910 1292 quod
933 1208 1048 1273 Petrus
1072 1207 1111 1271 ad
1134 1231 1164 1273 1.
1185 1209 1248 1272 199
1271 1208 1405 1273 adnotat
1432 1208 1607 1273 metricat

372 1315 472 1380 isdem
487 1336 555 1381 esse
571 1315 623 1379 ‘ab
634 1315 745 1379 eadem
755 1315 872 1399 domo’,
887 1316 941 1379 vix
952 1336 1117 1380 censemus
1127 1315 1258 1397 probari
1271 1336 1381 1398 posse:
1396 1315 1517 1399 quippe
1526 1316 1606 1380 haec

373 1426 423 1485 est
447 1424 606 1487 sententia
629 1444 726 1506 quam
744 1422 843 1485 habet
861 1421 1024 1487 distichon
1043 1422 1237 1505 praecedens
1263 1422 1335 1488 Una
1353 1422 1464 1487 domus
1481 1422 1563 1486 eires
1580 1427 1609 1485 91

368 1550 452 1593 onas
460 1534 635 1609 susceperat
647 1529 743 1593 urbis.
768 1526 830 1591 Sed
845 1528 998 1611 quoniam
1013 1529 1078 1592 dna
1094 1533 1126 1592 et
1140 1529 1229 1593 mites
1243 1528 1327 1592 inter
1342 1549 1376 1592 se
1391 1533 1609 1612 opponuntur,
1660 1601 1665 1609 ,

373 1634 433 1699 hac
452 1636 591 1721 figurata
610 1635 756 1700 oratione
775 1633 892 1721 (neque
912 1636 997 1699 enim
1015 1634 1145 1718 proprie
1165 1634 1315 1699 dicuntur
1333 1635 1437 1717 epredi
1455 1638 1608 1714 99991119,

331 1766 361 1807 ro
375 1764 457 1825 quae
481 1741 624 1828 vulgaris
648 1747 697 1806 est
720 1741 873 1825 loquendi
896 1743 978 1805 ratio
1003 1743 1042 1806 de
1065 1740 1223 1806 militibus
1250 1744 1285 1805 in
1312 1763 1454 1827 pugnam
1483 1742 1609 1826 profici-

375 1847 554 1929 scentibus)
573 1849 635 1913 hoc
655 1849 717 1913 dici
737 1849 864 1913 videtur
883 1870 1057 1933 generosos
1077 1849 1151 1912 illos
1168 1850 1240 1932 pari
1257 1849 1360 1934 gradu
1375 1852 1407 1912 et
1422 1848 1609 1913 condicione

377 1954 497 2019 milites
520 1955 629 2038 fuisse,
654 1977 849 2040 quamquam
873 1955 1012 2039 quilibet
1034 1976 1145 2019 eorum
1171 1955 1236 2019 dux
1259 1978 1328 2020 esse
1351 1955 1503 2040 potuerit.
1546 1953 1609 2019 Sed
1625 1955 1662 2012 ll

374 2060 454 2125 haec
477 2065 509 2126 et
532 2062 595 2126 9119
617 2063 918 2145 praetermittimus:
942 2062 1024 2126 illud
1047 2084 1146 2126 unum
1171 2062 1297 2148 agimus
1319 2066 1356 2126 ut
1375 2084 1456 2147 quae
1475 2060 1609 2125 Ovidius

375 2168 414 2231 de
438 2169 491 2233 via
513 2169 611 2235 refert
634 2191 730 2254 quam
753 2168 845 2234 Fabii
869 2170 1008 2255 ingressi
1027 2171 1102 2254 sint,
1126 2171 1153 2233 si
1172 2170 1243 2234 fieri
1261 2170 1375 2253 possit,
1397 2169 1517 2234 rectius
1536 2189 1611 2232 con-

375 2276 558 2340 stituantur.
606 2275 669 2353 Qui
697 2277 782 2360 quod
810 2278 856 2340 ita
883 2276 997 2340 scribit
1021 2276 1198 2342 Carmentis
1218 2283 1331 2359 portae
1357 2277 1463 2341 dentre
1490 2281 1535 2340 est
1554 2277 1609 2339 oia

369 2385 521 2464 proxima
548 2386 636 2462 iana,
664 2384 705 2446 iis
734 2383 971 2448 assentiendum
1004 2384 1163 2463 ducimus,
1199 2383 1255 2467 qui
1287 2384 1372 2448 viam
1405 2382 1468 2448 dici
1495 2382 1610 2446 volunt

378 2512 458 2573 quae
487 2490 599 2555 dextro
627 2491 701 2554 iano
729 2491 760 2554 h.
780 2513 805 2553 e.
830 2489 944 2554 dextro
971 2491 1096 2556 fornice
1123 2496 1235 2575 portae
1263 2488 1476 2555 Carmentalis
1503 2489 1612 2574 fuerit,

376 2595 474 2679 idque
497 2596 621 2679 liquido
651 2597 833 2661 confirmari
861 2600 978 2680 putant
1006 2597 1106 2662 simili
1134 2599 1290 2662 memoria
1312 2596 1406 2661 Livii.
1452 2596 1500 2660 Ilo
1524 2595 1611 2659 enim
1709 2626 1713 2634 ·

377 2707 507 2767 auctore
531 2702 682 2767 Ovidium
706 2705 740 2767 iu
762 2701 868 2768 Fastis
892 2726 985 2768 usum
1010 2726 1080 2769 esse
1104 2702 1137 2767 C.
1158 2704 1368 2769 Schenkelius
1392 2703 1439 2767 ita
1461 2701 1613 2787 probavit

331 2836 364 2877 ao
377 2813 414 2874 ut
441 2810 598 2897 refragari
625 2832 690 2876 non
718 2811 827 2895 liceat3
857 2832 961 2895 neque
984 2816 1053 2876 erat
1081 2813 1168 2898 quod
1190 2811 1372 2898 Madvigius
1396 2811 1431 2875 in
1453 2809 1612 2876 Emenda-

377 2918 521 2983 tionibus
545 2918 688 2983 Liuianis
712 2916 838 3005 (edu.)
862 2920 1005 3003 [11811.
1029 2941 1101 2984 cum
1131 2920 1164 2983 in
1194 2943 1259 2983 una
1281 2941 1316 2982 re
1339 2918 1482 2983 eiusdem
1504 2939 1613 2982 narra·

377 3025 477 3090 tionis
497 3024 647 3090 Ovidium
667 3047 737 3090 oum
758 3025 851 3090 Livio
866 3026 1105 3111 conspirantem
1125 3026 1291 3109 indicaret,
1310 3024 1427 3090 dubius
1446 3027 1614 3107 quaereret

378 3131 554 3198 Ovidiusne
582 3154 641 3197 sua
663 3155 682 3196 a
704 3133 798 3197 Livio
826 3135 959 3199 haberet
987 3157 1027 3197 an
1055 3139 1191 3217 uterque
1220 3133 1259 3198 ab
1288 3132 1397 3214 aliquo
1421 3130 1612 3215 antiquiore.

377 3239 489 3304 Livius
516 3241 619 3326 igitur
646 3261 719 3304 oum
747 3240 854 3304 tradat
877 3239 1009 3322 1149,ss
1034 3240 1162 3320 Infeliei
1188 3241 1243 3304 aia
1270 3240 1376 3303 dentre
1402 3240 1478 3302 iano
1502 3243 1615 3319 portae

380 3346 592 3413 Carmentalis
608 3350 743 3430 profecti
766 3349 811 3412 ad
830 3346 1008 3412 Cremeram
1028 3347 1146 3428 ttamen
1159 3348 1355 3428 perueniant,
1378 3367 1465 3409 nunc
1484 3365 1614 3428 quoque

377 3454 466 3519 haud
489 3455 661 3520 obscurum
681 3459 730 3520 est
748 3455 832 3519 unde
851 3475 910 3517 sua
927 3453 1072 3517 hauserit
1092 3452 1236 3538 Ovidius,
1260 3456 1292 3516 99
1310 3456 1484 3534 utrumque
1503 3451 1613 3515 eadem

378 3562 412 3626 11
426 3565 458 3625 99
472 3562 632 3627 sententia
646 3562 754 3626 ianum
770 3561 926 3627 fornicem
941 3560 1053 3624 dicere.
1082 3559 1304 3625 Nihilominus
1317 3560 1450 3622 fuerunt
1465 3559 1521 3641 qui
1534 3557 1614 3622 haec

379 3688 461 3751 quae
480 3668 670 3752 simplicitas
689 3669 844 3734 suadebat
863 3667 1024 3752 aspernati
1043 3669 1156 3731 aliast
1175 3665 1380 3751 impeditiora
1398 3665 1614 3748 anquirerent,

380 3774 420 3840 H.
444 3774 600 3840 londanus
630 3776 792 3861 inprimis,
823 3776 878 3858 qui
911 3775 945 3838 in
975 3773 1204 3859 Topographia
1235 3772 1334 3837 Urbis
1366 3769 1427 3858 (11
1448 3794 1478 3853 p.
1494 3770 1560 3835 239
1583 3791 1615 3834 n.

335 3907 366 3948 so
381 3882 421 3946 cf.
439 3881 549 3948 Herm.
569 3881 700 3969 11234)
725 3883 763 3946 de
787 3905 823 3946 ea
846 3903 879 3945 re
903 3881 1001 3946 verba
1018 3880 1109 3966 fecit3
1133 3880 1282 3944 similiter
1299 3878 1341 3942 H.
1355 3877 1546 3942 Wintherus
1565 3876 1615 3940 De

381 3987 486 4053 Fastis
505 3989 612 4054 Verrii
631 3991 671 4054 ab
691 3987 806 4054 Ouidio
827 3988 981 4052 adhibitis
1005 3986 1125 4074 (Berol.
1146 3985 1247 4073 1885)
1271 4008 1301 4069 p.
1315 3985 1361 4050 50
1377 4008 1403 4050 s.
1445 3983 1615 4061 91119111

380 4098 566 4161 testimonio
596 4098 696 4181 ducti,
723 4097 803 4162 haec
833 4095 989 4160 tradentis
1017 4119 1047 4179 p.
1067 4095 1133 4159 285
1157 4091 1200 4157 Μ.
1220 4093 1285 4157 396
1308 4091 1367 4156 Th.
1399 4092 1546 4173 relipioni
1573 4096 1617 4155 est

379 4203 568 4285 quibasdam
585 4210 681 4286 porta
706 4203 901 4269 Carmentali
923 4203 1028 4286 epredi
1054 4203 1140 4266 etin
1163 4201 1239 4265 aede
1260 4201 1339 4265 Iani
1361 4220 1440 4280 qaae
1462 4204 1506 4262 est
1527 4203 1616 4262 entra

381 4331 451 4374 eam
481 4317 622 4375 senatum
652 4311 771 4389 lutheri,
802 4310 885 4392 qimi
912 4331 949 4374 ea
979 4309 1093 4392 epressi
1121 4329 1174 4372 sea
1204 4313 1232 4371 et
1257 4307 1383 4372 11999111
1403 4304 1502 4370 Fabii
1529 4304 1618 4386 apud

382 4415 562 4482 Cremeram
585 4438 690 4482 omnes
711 4419 863 4498 interfecti
885 4423 966 4495 arnt,
989 4437 1058 4480 cnm
1081 4419 1119 4480 in
1136 4417 1212 4480 aede
1229 4415 1308 4479 Iani
1325 4434 1349 4478 s.
1363 4433 1386 4476 a
1403 4413 1523 4494 factam
1542 4416 1618 4475 esset

380 4525 431 4588 ati
446 4524 728 4607 proficiscerentur,
755 4523 868 4589 Ianum
893 4528 925 4588 et
947 4522 1019 4588 Iani
1041 4522 1152 4587 aedem
1177 4522 1407 4604 immiscentes,
1434 4540 1506 4583 cum
1530 4517 1616 4600 apud

381 4631 513 4696 Livium
533 4631 734 4695 1911191999
752 4632 1042 4714 interpretarentur
1060 4627 1182 4693 infelici
1201 4629 1254 4692 119
1271 4628 1318 4692 ita
1335 4628 1373 4690 ut
1390 4623 1487 4689 Ianus
1507 4624 1617 4687 dexter

380 4736 521 4825 esset*),
548 4738 632 4821 apud
656 4736 807 4801 Ovidium
835 4739 946 4802 dextra
975 4736 1074 4801 scribi
1101 4735 1236 4801 mallent
1257 4738 1294 4799 ut
1324 4735 1407 4798 esset
1430 4733 1540 4797 199119
1562 4732 1617 4793 cia

473 4879 536 4948 *38)
556 4877 627 4932 Vide
647 4877 678 4932 Ο.
694 4875 857 4931 Richterum
876 4877 946 4930 haec
964 4875 1077 4930 Iordani
1095 4875 1265 4929 refutantem
1284 4874 1313 4926 in
1332 4871 1426 4927 Herm.
1442 4888 1539 4939 xmp.
1555 4873 1616 4922 427.
