3967 5725
375 612 420 677 20
540 616 661 665 XXXIV.
681 614 795 665 INDEX
813 614 1028 667 LEGTIONUM
1044 612 1286 667 HIBERNARUM
1305 613 1437 686 1891792.

372 774 707 859 Halieumassensem,
735 797 808 839 oum
836 775 883 840 itu
906 775 1020 841 scribit
1042 776 1138 840 11147
1164 775 1203 840 de
1226 776 1335 860 aquila
1357 775 1532 860 Tarquinio
1556 777 1605 861 pi·

372 882 460 947 lenm
490 883 655 948 auferente
685 884 754 947 ἀνω
785 884 885 947 πάλιν
915 881 1038 968 ἀνέπτη
1065 885 1149 948 κατά
1175 884 1237 967 τὴν
1268 881 1447 966 ἐγκύκλιον
1479 884 1605 967 αἰώραν

371 992 557 1074 φερόμενος
586 988 641 1054 καὶ
675 992 722 1066 εἰς
748 990 785 1054 τὸ
814 990 922 1073 βάθος
949 1000 1010 1056 τοῦ
1038 990 1249 1074 περιέχοντος
1276 989 1373 1074 ἀέρος
1404 989 1604 1074 ἀπέκρυψεν,

371 1101 428 1161 aut
452 1095 567 1160 Silium
593 1095 740 1162 Italicum
764 1097 797 1160 in
820 1096 953 1164 Punicis
972 1097 1065 1162 1315

508 1204 625 1285 Terque
648 1204 707 1267 levi
729 1206 821 1269 docto
844 1206 960 1268 oiroom
983 1211 1077 1287 capot
1099 1204 1182 1270 oliuo
1204 1205 1325 1269 boberto

507 1310 703 1376 Permissum
725 1313 825 1376 uentis
848 1312 1008 1377 abscondit
1030 1313 1066 1376 τίι
1089 1318 1160 1377 αένα
1181 1311 1283 1376 telum

373 1416 522 1501 Denique
545 1416 687 1481 Lucretii
711 1440 830 1501 versus,
854 1420 910 1501 qui
933 1419 980 1484 ito
1003 1418 1117 1484 scribit
1140 1419 1180 1483 de
1203 1423 1275 1483 a'e‘re
1293 1437 1317 1481 v
1333 1418 1399 1484 275

506 1523 634 1605 Semper
657 1526 749 1603 euim,
777 1526 986 1607 qoodoomqoo
1012 1526 1086 1608 fluit
1107 1528 1146 1591 do
1166 1526 1264 1605 reboo,
1286 1523 1324 1590 id
1344 1546 1435 1591 οαινιι

506 1632 602 1695 Aeris
624 1634 660 1695 ιἰι
683 1652 834 1715 παρααια
855 1634 956 1713 fertur
979 1654 1083 1712 moro;
1106 1635 1161 1715 qui
1183 1634 1248 1697 αιἀἶ
1270 1639 1377 1698 οοκόνα

330 1763 356 1802 ιο
508 1736 647 1820 Corpora
668 1738 820 1803 retribuat
841 1740 931 1804 robus
953 1746 1121 1821 reoreoqoe
1141 1739 1275 1819 fluentis,

511 1845 628 1909 Omoio
650 1846 717 1909 ιάιιι
740 1845 875 1910 resoboto
895 1848 1000 1928 forent
1021 1852 1051 1911 ot
1071 1848 1108 1910 ιἰι
1130 1851 1207 1910 uiro
1229 1867 1326 1925 uerso,

372 1953 424 2015 vel
447 1951 482 2014 in
506 1951 690 2033 diversitate
715 1952 892 2017 sententiae
915 1953 1030 2018 dooere
1052 1955 1198 2037 possunt,
1227 1974 1310 2035 quae
1333 1954 1484 2018 interris
1508 1954 1615 2017 inter:

373 2056 468 2122 ierint
500 2058 646 2141 potuisse
678 2063 763 2123 route
796 2060 859 2123 dici
891 2060 924 2123 in
954 2064 1026 2123 abre
1054 2058 1173 2124 alieubi
1197 2058 1384 2124 abscondita
1407 2080 1488 2146 esse3
1515 2064 1548 2123 et
1576 2061 1604 2123 si

375 2164 447 2248 quis
467 2168 593 2228 tentum
612 2164 729 2230 tribuit
748 2164 924 2230 Claudiano
943 2170 988 2250 ut,
1012 2167 1088 2250 quio
1107 2165 1199 2250 dixit,
1216 2167 1392 2232 inferorum
1411 2166 1472 2231 diis
1491 2167 1604 2231 donari

376 2271 512 2355 quiquid
536 2273 570 2335 in
594 2272 669 2337 orbe
692 2274 836 2357 perierit,
864 2274 1057 2338 inouloatem
1080 2272 1253 2339 Theocrito
1277 2273 1468 2339 sententiam
1490 2274 1604 2337 confir-

374 2378 455 2443 mari
484 2378 605 2461 eredat,
638 2401 703 2443 non
730 2381 862 2465 negabit
889 2380 1039 2445 nonnihil
1065 2382 1099 2444 in
1127 2379 1319 2446 contrariom
1346 2385 1469 2463 partem
1497 2382 1604 2445 valere

373 2506 485 2550 vorsus
503 2483 712 2551 Lucretianos
737 2491 770 2551 et
792 2486 943 2551 traditum
963 2488 1155 2571 scripturum
1174 2486 1324 2551 adiuvare
1341 2509 1445 2571 posse.
1482 2486 1604 2573 Itaque,

372 2596 410 2656 ut
437 2592 500 2656 iam
528 2593 623 2657 nobis
651 2594 802 2658 conclusa
831 2594 873 2658 sit
899 2592 979 2658 haeo
1007 2594 1111 2658 omnis
1140 2594 1257 2677 oratio,
1284 2616 1323 2658 ex
1351 2594 1391 2657 iis
1414 2616 1495 2678 quae
1518 2594 1604 2660 dioto

374 2702 450 2762 sunt
480 2700 542 2763 boo
575 2699 790 2786 colligendum
823 2699 962 2784 videtur,
995 2700 1030 2765 in
1061 2700 1123 2765 hoo
1157 2722 1288 2784 quoque
1319 2722 1414 2765 versu
1441 2701 1604 2768 Theocriti

334 2834 361 2874 ro
376 2806 563 2871 emendandi
593 2829 724 2892 opernm
757 2805 916 2873 inutiliter
947 2811 1108 2894 sumptam
1135 2807 1408 2893 Theocritumque
1440 2809 1605 2895 soripsisse

376 2935 457 2998 quae
481 2915 521 2978 ab
546 2936 583 2979 eo
608 2916 728 3000 scriptu
751 2937 820 2980 esse
843 2915 921 2980 libri
943 2918 1107 2981 testantur

505 3031 604 3087 τοῦτο
628 3024 682 3087 καὶ
702 3021 902 3104 Ἀτρείόαισι
925 3022 1031 3106 μένει·
1056 3024 1097 3088 τά
1119 3019 1156 3088 δὲ
1178 3027 1283 3108 μυρία
1306 3033 1403 3108 τῆνα,

504 3127 587 3192 ὅσσα
610 3128 715 3213 μέγαν
739 3129 907 3213 Πριάμοιο
932 3131 1037 3212 δόμον
1059 3131 1255 3196 κτεάτισσαν
1278 3128 1424 3216 ἑλόντες,

502 3234 574 3320 ἀέρι
598 3257 643 3299 πα
666 3234 856 3319 κέκρυπται,
881 3235 964 3302 ὅθεν
987 3236 1089 3302 πόλιν
1113 3237 1223 3302 οὐκέτι
1246 3241 1375 3314 νόστος.

369 3339 434 3405 Sor.
457 3364 565 3407 meuse
588 3341 695 3425 Aprili
718 3364 745 3406 a.
770 3357 1033 3407 uncoonxxxrn.
