3967 5725
364 698 429 764 520
562 693 622 743 ¹⁶³·
643 701 818 770 mmlx
841 715 1054 772 nnc-monum
1069 690 1299 756 nmaRNARUM
1315 681 1443 751 ¹⁹⁰4l05·

372 857 507 922 eundem
517 870 645 916 remum
665 856 757 928 iam
784 873 854 937 ’,εὖ
867 879 960 952 pm
976 863 1105 942 loquum
1120 852 1259 914 ffimam
1272 843 1429 908 Neronem
1445 845 1634 926 significans

375 960 496 1024 autad
519 982 551 1024 r.
566 955 610 1020 ἶῖ)
635 960 665 1018 d
694 980 826 1037 arrae
851 987 975 1054 „qm
1000 953 1164 1036 adscripsit
1189 950 1308 1030 optimo
1331 949 1468 1031 Aapasta'
1491 950 1632 1028 masilia,

378 1065 460 1128 naec
480 1064 538 1127 iila
557 1082 627 1126 csse
647 1081 810 1142 apparet
836 1075 953 1158 quibus
970 1085 1056 1128 snam
1077 1057 1218 1120 Ritterus
1237 1056 1535 1139 interpretationem
1556 1079 1629 1121 con-

384 1171 496 1249 suerit,
517 1169 575 1250 qni
593 1166 658 1230 hac
678 1165 752 1232 fide
777 1178 890 1241 fretus
912 1187 1003 1235 amos
1022 1182 1147 1244 sapaces
1169 1163 1209 1226 ad
1230 1159 1373 1248 Augusti
1401 1164 1631 1247 sapientissimi

387 1273 546 1356 principis
573 1269 709 1336 consilia
738 1274 837 1359 (coll.
865 1301 891 1342 o.
910 1273 959 1351 14,
977 1269 1020 1333 33
1031 1267 1113 1354 sqq.)
1137 1268 1250 1333 referri
1273 1268 1450 1353 eodemque
1473 1270 1560 1334 Iovis
1580 1271 1633 1350 fo-

391 1399 494 1443 mrem
516 1400 592 1443 cum
612 1376 679 1441 illis
701 1383 785 1459 apte
809 1376 1021 1462 compositum
1046 1373 1194 1457 affirmat,
1217 1373 1433 1439 Hannibalem
1452 1381 1559 1441 autem
1577 1398 1631 1440 ne·

395 1489 453 1568 gat
465 1488 600 1568 propter
614 1481 790 1548 Claudium
803 1486 964 1550 Neronem
985 1480 1049 1545 sibi
1067 1479 1179 1546 ducem
1197 1475 1399 1566 incognitum
1418 1503 1477 1546 nec
1490 1483 1554 1546 nisi
1568 1505 1635 1548 una

396 1591 533 1655 victoria
546 1588 669 1654 clarum
677 1586 736 1651 illa
750 1589 791 1653 de
803 1588 948 1654 Claudiis
957 1588 1105 1653 monitam
1118 1588 1199 1652 ailad
1209 1609 1273 1652 aon
1280 1590 1513 1670 perficientibus
1527 1589 1634 1654 dicere

397 1697 552 1782 potuisse.
585 1693 675 1770 Quae
701 1694 730 1758 si
758 1694 897 1760 absurda
924 1698 1001 1759 sunt
1029 1700 1061 1760 et
1084 1696 1125 1759 ab
1153 1695 1234 1779 ipsis
1258 1699 1372 1778 poetae
1395 1695 1501 1760 verbis
1524 1718 1633 1780 respu-

358 1831 385 1868 ιο
398 1808 507 1887 untur,
530 1801 674 1886 plurisne
696 1800 849 1864 faciemus
873 1799 1120 1866 scholiastarnm
1143 1800 1353 1886 intellectum,
1376 1802 1481 1885 quisi
1506 1803 1635 1886 quando

399 1911 483 1974 scitu
507 1908 605 1993 digna
627 1905 829 1970 tradiderunt
852 1929 934 1991 quae
957 1907 1027 1971 sine
1052 1929 1162 1972 eorum
1187 1908 1373 1973 testimonio
1398 1911 1550 1994 cognosci
1567 1930 1634 1973 non

399 2018 550 2098 poterant
572 2011 724 2078 laudandi
747 2016 836 2096 sunt,
859 2013 916 2079 sed
939 2014 968 2078 si
990 2014 1075 2080 nihil
1099 2037 1195 2098 quam
1218 2019 1332 2100 poetae
1355 2016 1453 2079 verba
1475 2020 1636 2116 enarrant,

401 2143 499 2206 quam
520 2121 617 2185 fidem
639 2119 848 2184 merebuntur
875 2122 1031 2204 praeclari
1060 2122 1261 2208 grammatici
1289 2122 1346 2206 qui
1371 2122 1490 2187 totiens
1514 2123 1549 2186 in
1571 2122 1637 2186 hoc

401 2249 517 2314 genere
536 2230 569 2292 et
586 2230 653 2290 tam
668 2227 806 2310 turpiter
818 2232 1001 2311 peccarunt.
1024 2225 1093 2292 Nec
1107 2232 1224 2312 tamen,
1239 2229 1367 2293 omissis
1387 2227 1634 2293 scholiastarum

404 2336 545 2419 ineptiis,
568 2334 759 2418 prudentius
782 2333 924 2418 Rittero,
946 2357 987 2400 ne
1011 2334 1084 2418 quis
1108 2340 1246 2420 censeat,
1269 2340 1325 2400 aut
1347 2335 1565 2421 Kiesslingius
1588 2336 1635 2399 iu-

404 2443 523 2509 dicarit
551 2442 607 2524 qui
630 2439 846 2505 Hannibalem
873 2441 907 2506 in
936 2441 1101 2525 deplorata
1125 2441 1329 2526 Carthaginis
1359 2442 1539 2507 calamitate
1562 2442 1637 2506 suo

404 2551 516 2614 sistere
538 2547 652 2631 voluit,
675 2548 801 2631 reliqua
823 2548 929 2612 verbis
953 2549 1083 2631 deniquo
1106 2551 1236 2614 camino
1259 2553 1291 2613 et
1313 2569 1406 2614 arrae
1427 2569 1566 2633 sapaces,
1589 2550 1637 2612 iu-

404 2657 493 2721 venis
517 2655 652 2721 consilia
675 2652 717 2741 (v.
733 2652 792 2741 24)
814 2654 950 2719 indicari
969 2655 1128 2739 opinatus,
1152 2655 1216 2720 nisi
1233 2655 1336 2738 ipsius
1359 2660 1474 2740 poetae
1498 2655 1547 2720 ori
1570 2677 1636 2719 non

403 2762 560 2829 vindicari
577 2762 753 2845 contendit,
775 2765 832 2826 aut
850 2761 1024 2825 Muellerus
1043 2763 1090 2825 ita
1108 2761 1327 2845 ratiocinatus,
1346 2760 1562 2826 Hannibalem
1580 2783 1635 2845 po·

364 2897 390 2937 ao
404 2871 473 2956 puli
498 2870 636 2935 Romani
662 2870 807 2955 ingenita
834 2873 950 2933 natura
977 2869 1184 2953 amplissimis
1208 2870 1314 2933 verbis
1342 2870 1502 2934 declarata
1525 2869 1565 2933 ab
1588 2891 1638 2951 eo,

404 2999 470 3043 non
493 2978 533 3041 ab
558 2977 655 3041 unius
682 2975 788 3062 gentis
815 2975 936 3040 virtute
965 2975 1110 3059 quamvis
1138 2998 1255 3063 magna
1282 2977 1420 3041 victoria
1445 2976 1638 3040 nobilitatae

404 3084 501 3149 finem
526 3080 731 3168 Carthaginis
754 3082 966 3166 repetiturum
988 3082 1097 3147 fuisse.
1131 3081 1219 3159 Quae
1243 3083 1352 3147 omnia
1373 3104 1461 3146 mera
1485 3081 1636 3166 opinandi
1693 3152 1695 3159 ,

405 3190 538 3255 libidine
566 3212 604 3255 ac
630 3188 762 3254 levitate
789 3190 950 3271 procreari
977 3193 1125 3273 apertum
1154 3194 1215 3273 est,
1243 3189 1298 3253 vix
1326 3191 1364 3252 ut
1390 3189 1430 3253 iis
1458 3188 1636 3254 refutandis

406 3317 521 3380 operae
547 3296 688 3380 pretinm
715 3295 830 3360 feceris
857 3301 913 3361 aut
941 3295 980 3359 ab
1009 3296 1070 3360 hac
1098 3302 1189 3380 parte
1218 3297 1358 3361 severius
1392 3295 1637 3381 argumentandi

405 3402 603 3486 principium
626 3401 739 3467 ducere
762 3402 866 3467 liceat.
903 3401 988 3479 Quid
1012 3425 1088 3489 ergo
1109 3404 1179 3467 est?
1215 3401 1267 3466 Ab
1292 3401 1512 3488 intelligendis
1530 3401 1637 3466 verbis

406 3509 675 3592 proficiscendum
695 3513 752 3591 est,
771 3530 808 3574 ac
825 3530 886 3573 nos
901 3509 1044 3574 ordimur
1059 3510 1098 3573 ab
1118 3509 1269 3575 extremis
1284 3515 1312 3573 ot
1330 3529 1423 3573 curae
1440 3529 1566 3591 sapaces
1583 3530 1635 3574 aa·
1656 3524 1673 3579 7

400 3617 536 3696 pediam
552 3636 613 3697 por
636 3622 728 3681 acuto
751 3617 831 3681 belli.
874 3615 962 3693 Quae
986 3621 1099 3700 suapte
1122 3620 1237 3681 natura
1261 3615 1436 3702 singularia
1460 3619 1535 3681 sunt
1558 3615 1637 3681 adeo

407 3726 444 3787 ut
466 3722 553 3789 ultro
576 3723 673 3787 fidem
696 3722 817 3788 faciant
845 3727 901 3787 aut
927 3722 981 3788 hic
1009 3727 1065 3787 aut
1087 3745 1245 3807 nusquam
1269 3723 1446 3787 sentcntiae
1469 3723 1638 3787 veritatem

407 3834 570 3914 repertum
593 3830 642 3895 iri.
675 3828 747 3895 Hoc
769 3830 855 3895 enim
873 3830 1091 3912 quaerendum
1115 3835 1164 3893 est
1187 3830 1265 3913 quid
1285 3829 1347 3894 sibi
1370 3829 1471 3894 velint
1490 3835 1546 3894 aut
1564 3828 1639 3894 illae

368 3962 394 4001 ao
408 3955 501 4001 curce
518 3956 653 4019 sapaces,
676 3957 755 4019 quas
774 3940 923 4021 poterant
942 3935 983 3999 ad
1001 3934 1143 4037 Augu-sti
1163 3936 1298 4001 consilia
1315 3936 1435 4001 referre
1454 3958 1495 4001 ne
1519 3936 1552 4001 id
1571 3938 1640 4019 qui·

409 4042 480 4106 dem
504 4043 735 4126 perspicientes
763 4064 855 4108 arros
877 4062 1003 4124 sapaces
1029 4063 1096 4105 non
1124 4042 1186 4107 dici
1210 4043 1273 4107 nisi
1296 4046 1430 4127 propter
1452 4049 1545 4107 orato
1568 4043 1641 4107 belli

408 4172 465 4233 per
484 4170 565 4233 quae
584 4148 658 4213 illae
676 4151 861 4232 expedirent,
881 4154 936 4214 aut
954 4149 1034 4213 haec
1052 4154 1145 4213 oculo
1163 4148 1241 4228 belli,
1262 4170 1401 4233 quaene
1420 4148 1491 4233 ipsa
1510 4148 1639 4233 quidem

409 4254 486 4339 quid
501 4256 629 4321 valeant
646 4256 864 4341 intelligentes
877 4255 1124 4342 grammaticam
1138 4259 1271 4339 crepant
1285 4259 1317 4319 et
1332 4254 1395 4319 sibi
1408 4255 1538 4339 placent
1553 4255 1641 4339 quod

408 4383 510 4448 genus
528 4361 590 4427 hoc
609 4361 735 4426 dicendi
753 4368 846 4427 oculo
864 4362 934 4427 belli
951 4362 1063 4426 multis
1078 4361 1242 4444 exemplis,
1259 4361 1385 4427 subdito
1398 4383 1512 4446 roone,
1530 4361 1642 4426 obdita

409 4468 488 4549 belli,
512 4468 673 4533 declarare
701 4469 821 4550 sciunt,
848 4467 929 4533 illud
956 4489 1021 4531 non
1051 4471 1222 4552 quaerunt,
1250 4489 1331 4552 quae
1358 4470 1442 4532 ratio
1465 4468 1517 4533 his
1540 4470 1643 4533 ocutis

409 4574 481 4640 bella·
504 4596 576 4639 cum
600 4575 671 4640 istis
694 4577 779 4641 crois
800 4574 964 4658 soporibus
988 4574 1214 4639 intercesserit.
1246 4574 1331 4639 Nam
1356 4575 1384 4638 si
1406 4574 1465 4639 illa
1486 4576 1641 4659 interpre

410 4685 477 4745 tere
507 4681 661 4764 ancipitia
690 4681 783 4766 belli,
813 4703 937 4745 summa
969 4680 1047 4745 belli
1077 4680 1276 4766 discrimina,
1304 4681 1422 4765 quibus
1453 4679 1505 4747 ἐπὶ
1536 4679 1643 4765 ξυροῦ

410 4787 524 4870 ἀκμῆς,
543 4790 580 4850 ut
599 4786 703 4851 dicere
722 4788 837 4870 solent,
860 4791 944 4851 stare
963 4807 1014 4851 res
1034 4786 1211 4871 rideantur,
1230 4788 1294 4853 hoc
1314 4788 1392 4852 satis
1411 4810 1478 4854 non
1497 4791 1554 4872 est,
1577 4789 1641 4852 nisi

411 4892 491 4956 illud
509 4891 668 4957 addideris
688 4893 771 4958 unde
791 4895 955 4977 sumptum
973 4891 1036 4956 hoc
1054 4897 1150 4976 pocta
1169 4894 1254 4958 dicat
1277 4915 1336 4978 per
1359 4895 1437 4959 talia
1455 4900 1547 4961 amalo
1570 4894 1644 4959 belli
