3967 5725
732 674 782 723 na
800 671 934 723 PLAUTI
951 671 1199 724 MENAEGHMIS.
1523 668 1590 732 419

356 838 439 920 qaod
465 841 567 901 aetem
593 836 712 917 ferum,
743 835 781 899 id
806 839 850 899 est
876 833 1058 898 vestitatem
1080 833 1226 915 septimi,
1255 833 1412 898 masmae
1438 853 1497 898 aaa
1521 834 1592 914 copi

355 949 444 1023 octat,
467 947 569 1008 tader
591 943 643 1006 ius
664 941 883 1022 sepulcrorum.
922 938 1074 1024 Quaeque
1098 963 1137 1004 ex
1161 939 1272 1006 eadem
1295 941 1367 1026 lege
1391 939 1429 1003 de
1453 940 1521 1005 iure
1546 960 1593 1004 se-

356 1050 543 1136 pulcrorum
566 1048 726 1132 excerpsit
749 1071 779 1132 p.
802 1047 863 1111 146
892 1047 1047 1113 lwminem
1076 1053 1230 1112 moneam
1253 1048 1290 1111 ia
1312 1047 1386 1112 arbe
1408 1067 1447 1112 ae
1468 1046 1592 1128 sepelite

356 1178 430 1222 neve
456 1158 551 1235 irrito,
585 1176 723 1239 quorum
751 1154 922 1218 verborum
951 1154 1122 1219 discrimen
1148 1157 1180 1218 et
1206 1153 1270 1218 hoc
1296 1155 1368 1218 loco
1398 1152 1538 1237 explieat
1561 1156 1593 1216 et

357 1285 467 1328 rursus
486 1263 521 1327 in
540 1262 672 1327 eandem
693 1261 884 1325 sententiam
903 1284 933 1345 p.
950 1259 1024 1345 151,
1048 1265 1080 1326 et
1104 1281 1185 1345 quae
1205 1260 1341 1345 derogo
1361 1261 1454 1324 affert
1472 1282 1502 1343 p.
1520 1258 1593 1344 147,

358 1370 477 1435 indicio
501 1372 576 1432 sunt
600 1367 775 1452 sepeliendi
799 1371 832 1431 et
854 1368 969 1433 urendi
988 1367 1253 1433 consuetudinem
1271 1367 1341 1451 pari
1360 1370 1521 1431 vetustate
1541 1387 1593 1429 ex·

358 1477 478 1542 stitisse
500 1479 650 1559 recteque
674 1474 737 1538 dici
761 1475 1037 1559 sepulcrumesse
1060 1476 1168 1541 locum
1191 1475 1226 1539 in
1245 1497 1309 1559 quo
1327 1474 1425 1539 homo
1446 1478 1592 1539 mortuus

357 1585 501 1668 sepultus
525 1587 582 1647 aut
605 1582 791 1648 combustus
810 1586 866 1647 est.
903 1581 1053 1666 llumque
1072 1581 1198 1646 dicendi
1217 1603 1338 1646 morem
1357 1585 1471 1666 poetae
1491 1581 1593 1647 secuti

357 1694 442 1775 suut,
464 1691 554 1754 velut
573 1688 729 1772 Catullus,
753 1692 790 1752 ut
811 1688 875 1754 hoc
898 1711 962 1754 uno
983 1693 1121 1773 utamur,
1145 1710 1169 1752 o.
1185 1688 1228 1753 68
1248 1710 1321 1753 oum
1339 1687 1419 1753 haec
1438 1687 1476 1753 de
1494 1689 1593 1754 fratre

357 1798 391 1862 in
414 1796 511 1862 Troia
534 1800 663 1861 mortuo
688 1798 720 1859 et
743 1796 871 1880 sepulto
895 1795 973 1860 dicit
998 1795 1039 1858 97
1607 1818 1633 1857 πο

496 1903 591 1984 Qaera
614 1922 699 1968 none
720 1909 786 1967 tom
809 1903 897 1985 toape
920 1923 984 1967 aon
1007 1904 1088 1967 inter
1110 1908 1184 1967 aeto
1207 1899 1420 1988 sepulcro*)

616 2010 683 2074 Nee
699 2030 798 2092 prope
821 2015 964 2092 eoqaotos
986 2010 1186 2091 compositam
1210 2011 1364 2088 eineres,

492 2116 556 2182 Sed
579 2117 677 2181 Troia
699 2116 835 2195 obscena,
861 2116 960 2181 Troia
982 2116 1106 2198 infelice
1127 2117 1280 2198 sepultam

617 2223 744 2287 Detinet
765 2229 898 2288 extremo
921 2228 1005 2288 terro
1028 2223 1134 2288 alieno
1156 2223 1227 2303 sote,

359 2335 430 2396 tum
452 2329 510 2396 illa
531 2331 696 2415 praeclara
719 2327 792 2415 (89)

495 2438 593 2502 Troia
616 2433 734 2523 (nefas)
758 2456 918 2502 ammone
940 2437 1149 2518 sepulcrum
1172 2437 1272 2502 Asiae
1294 2437 1508 2520 Europaeque,

620 2544 718 2609 Troia
739 2545 844 2608 viram
868 2549 896 2608 et
916 2545 1067 2608 vinctam
1091 2545 1231 2609 omnium
1255 2544 1366 2610 acerbo
1388 2545 1498 2624 einis,

322 2651 390 2716 oh.
414 2674 439 2716 e.
463 2650 591 2716 Troiam
621 2672 694 2714 eum
721 2651 828 2714 locum
859 2649 1006 2736 designat
1034 2654 1066 2715 et
1094 2656 1277 2716 exsecretur
1304 2652 1339 2716 in
1366 2673 1430 2736 quo
1454 2650 1533 2717 Asia
1561 2655 1593 2716 et

357 2757 489 2842 Europa
512 2757 676 2824 communi
700 2761 785 2821 sorte
809 2759 936 2842 sepulta
959 2759 1062 2824 iaceat
1086 2762 1122 2822 ut
1145 2762 1281 2824 mortua.

446 2864 599 2930 Nondum
627 2864 706 2929 satis
734 2865 855 2930 dictum
884 2869 933 2930 est
956 2865 994 2929 de
1023 2866 1184 2950 sepulcro:
1213 2888 1408 2951 quamquam
1431 2865 1591 2931 fastidiosi
1607 2886 1634 2926 ro

358 2994 505 3039 veremur
532 2994 572 3037 ne
599 2976 678 3036 nota
704 2993 765 3036 nos
788 2992 919 3057 crepare
941 2973 1139 3038 insimulent.
1186 2972 1268 3038 Sunt
1291 2996 1367 3039 sane
1394 2979 1484 3055 nota,
1512 2975 1594 3039 nihil

353 3079 394 3144 'in
416 3080 456 3144 iis
480 3078 680 3144 reconditum
704 3082 760 3143 aut
784 3080 960 3162 occultum,
990 3080 1045 3144 sed
1070 3102 1107 3144 ea
1129 3083 1206 3143 nota
1229 3101 1322 3144 nemo
1350 3084 1459 3144 tamen
1483 3101 1593 3145 eorum

359 3188 415 3271 qui
438 3208 566 3251 versum
589 3185 776 3250 Plautinum
803 3190 962 3249 vexarunt
988 3186 1150 3250 reminisci
1173 3185 1284 3250 voluit.
1332 3184 1394 3249 Sed
1420 3184 1594 3266 sarcinum

359 3294 393 3358 in
407 3292 689 3358 Menaechmorum
710 3313 806 3356 versu
830 3291 894 3355 iam
917 3290 1022 3356 dicere
1043 3292 1119 3355 licet
1137 3313 1202 3356 non
1220 3314 1293 3356 eum
1312 3292 1418 3357 locum
1439 3291 1595 3376 appellari

359 3401 393 3465 in
417 3422 480 3484 quo
503 3403 650 3464 mortuus
674 3399 819 3482 sepultus
844 3402 893 3463 est
914 3420 1026 3463 verum
1051 3420 1123 3462 eum
1147 3398 1257 3484 potius
1281 3398 1315 3461 in
1339 3419 1403 3482 quo
1423 3398 1479 3481 qui
1498 3399 1593 3464 mori-

358 3511 451 3571 turus
471 3510 521 3570 est
539 3505 740 3590 sepeliendus
760 3509 793 3569 et
811 3506 1048 3570 comburendus
1068 3506 1130 3570 erit
1149 3505 1204 3569 ubi
1224 3509 1370 3569 mortuus
1390 3510 1447 3570 est.
1479 3504 1594 3590 Neque

358 3612 422 3677 hoc
448 3634 550 3699 genus
582 3612 749 3696 loquendi,
782 3634 847 3676 non
880 3612 1019 3677 multum
1048 3611 1128 3677 illud
1156 3612 1285 3696 quidem
1314 3634 1333 3676 a
1361 3612 1526 3697 superiore
1549 3612 1594 3676 di-

358 3740 486 3784 versum
515 3718 571 3783 sed
599 3723 706 3783 tamen
735 3718 965 3783 attendendum
987 3742 1029 3783 ne
1058 3741 1152 3804 quem
1176 3741 1213 3784 ea
1240 3718 1409 3784 diversitas
1433 3707 1587 3804 impediat

358 3826 498 3889 alienum
529 3826 593 3911 fnit
624 3822 664 3889 ab
695 3847 756 3890 usu
787 3826 992 3911 scriptorum,
1024 3826 1114 3915 uelut
1141 3824 1251 3890 Cicero
1280 3826 1326 3890 ita
1352 3825 1500 3909 loquitur
1526 3847 1596 3911 pro,

359 3931 481 3996 Milone
504 3931 637 4016 38,104
1608 3978 1636 4018 30

493 4038 610 4103 Hicine
636 4042 686 4104 vir
707 4040 836 4121 patriae
862 4046 957 4104 notas
983 4060 1116 4122 osquam
1143 4041 1209 4105 nisi
1231 4042 1267 4104 ia
1288 4041 1401 4122 patrio
1424 4039 1594 4104 morietur?

493 4145 587 4210 haias
613 4166 667 4211 cos
693 4146 797 4210 ocimi
824 4152 1024 4211 monomenta
1050 4146 1233 4226 retinebitis,
1266 4148 1404 4228 eorporis
1430 4149 1466 4210 ia
1494 4146 1595 4211 Italia

493 4252 617 4317 nattam
640 4252 813 4334 septimum
836 4272 899 4318 esse
917 4252 1111 4333 potiemini?

359 4357 391 4423 h.
410 4379 436 4422 e.
459 4358 585 4423 nullum
612 4360 719 4423 locum
746 4358 914 4443 patiemini
942 4380 1011 4424 esse
1039 4360 1073 4423 in
1100 4357 1196 4424 Italia
1223 4360 1257 4425 in
1286 4381 1350 4443 quo
1380 4381 1497 4442 corpus
1526 4361 1595 4423 eius

361 4464 489 4549 sepeliri
512 4466 624 4550 possit.
661 4464 808 4530 Eundem
833 4487 963 4531 sensum
983 4465 1071 4529 vocis
1090 4467 1294 4552 agnoscimus
1317 4468 1350 4531 in
1371 4467 1595 4531 exsecrationi·

359 4572 420 4640 bus
444 4571 624 4657 Thyesteis,
648 4594 727 4657 quas
747 4569 858 4636 Cicero
883 4594 920 4636 ex
944 4572 1110 4659 tragoedia
1133 4572 1231 4637 Ennii
1254 4573 1428 4639 memoriae
1451 4572 1597 4658 prodidit

360 4678 453 4744 Tusc.
474 4679 553 4763 disp.
573 4697 585 4742 1
604 4680 736 4763 44,107

451 4929 517 4997 *11)
536 4925 577 4981 Of.
593 4930 636 4993 96,
653 4932 681 4993 1;
700 4925 862 4994 Propertius
881 4930 954 4992 1117,
970 4930 1003 4977 10
1022 4933 1151 4995 copiates
1170 4928 1241 4982 ieter
1259 4928 1372 4982 hamore
1390 4943 1477 4996 repca.

1327 5015 1380 5069 2'1'
