3967 5725
395 642 464 710 256
581 647 680 699 xm.
698 647 813 698 mum
831 647 1046 699 munerun
1063 649 1305 700 mummuli
1324 645 1456 716 inesses.

394 829 454 873 sua
474 807 616 874 editione
633 807 804 894 propagati
822 812 906 873 sunt.
942 807 993 873 Ac
1010 807 1094 872 nihil
1111 813 1161 873 est
1177 809 1323 893 profecto
1341 810 1377 873 in
1393 808 1456 873 hac
1474 807 1630 892 oratioue,

394 913 482 1000 quod
503 915 574 980 iure
596 913 765 1000 displicere
788 919 845 980 aut
865 915 930 981 hoc
950 920 1048 1000 poeta
1069 938 1185 999 parum
1203 916 1339 1000 dignum
1357 937 1428 980 esse
1446 915 1547 999 dieas3
1569 933 1631 978 nec

395 1021 566 1087 defuerunt
588 1020 706 1106 quibus
727 1021 807 1087 baec
829 1022 1046 1088 conformatio
1069 1024 1248 1087 sententiae
1271 1023 1369 1088 otiam
1391 1022 1497 1108 magis
1516 1020 1630 1086 confir-

394 1128 477 1196 mari
503 1149 542 1193 ac
568 1127 772 1194 corroborari
797 1129 974 1213 rideretur,
1000 1131 1090 1194 velut
1111 1129 1243 1194 Medeae
1269 1129 1369 1195 verba
1388 1126 1508 1215 (1010)
1532 1125 1631 1210 δόξης

395 1233 426 1300 δ’
462 1233 614 1322 ἐσφάλην
645 1235 827 1319 εὐαγγέλου
859 1236 945 1322 apud
972 1235 1159 1324 Piluglrium
1181 1235 1386 1321 Wecklinus‚
1416 1233 1495 1300 Inus
1522 1237 1630 1299 autem

394 1363 506 1408 sersus
530 1339 579 1429 (iu
601 1341 768 1429 Euripidis
796 1343 1036 1428 deperditarum
1063 1343 1246 1408 fabularum
1268 1342 1415 1427 reliqniis
1438 1364 1458 1407 a
1479 1340 1628 1407 Nauckio

394 1448 513 1515 iterum
536 1449 680 1516 collectis
702 1448 783 1536 420)

555 1556 742 1641 ὑπόπτερος
764 1554 794 1622 δ’
822 1556 840 1622 ὁ
862 1562 1020 1634 πλοῦτος·
1044 1547 1095 1635 οἷς
1116 1558 1181 1642 γὰρ
1204 1553 1247 1642 ἦν
1267 1578 1363 1641 ποτε,

556 1661 590 1741 ἐξ
613 1660 757 1729 ἑλαίδων
779 1667 961 1741 πίπτοντας
983 1664 1123 1740 ὑπτίους
1146 1663 1214 1748 ὁρῶ

356 1794 383 1839 n
396 1768 557 1836 Hirzelius
581 1770 708 1856 ascirit3
730 1791 834 1855 neque
851 1771 892 1835 iis
911 1771 1125 1837 accedendum
1143 1772 1201 1856 qui
1217 1770 1298 1836 haec
1315 1768 1349 1848 ἐξ
1368 1768 1515 1836 ἐλπίδων
1531 1789 1630 1854 prave

395 1877 517 1963 scripta
538 1897 609 1942 osse
632 1878 756 1963 opinati
778 1878 968 1944 emendandi
986 1878 1164 1962 periculum
1182 1878 1341 1962 fecerunt3
1363 1877 1420 1942 sed
1436 1897 1504 1946 non
1522 1877 1630 1960 inepte

396 1983 437 2050 iis
460 2005 590 2070 queque
613 1988 704 2050 utere
728 2006 810 2069 quae
832 1984 964 2049 suntin
987 1967 1121 2050 Hecuba
1143 2007 1172 2049 v.
1193 1983 1279 2048 1025

557 2091 715 2176 ἀλίμενόν
736 2115 788 2169 τις
810 2090 854 2168 ὡς
877 2095 924 2168 είς
947 2093 1071 2156 ἄντλον
1092 2092 1203 2156 πεσὼν

557 2197 688 2284 λέχριος
710 2197 840 2265 deusdet
863 2202 964 2283 φίλας
986 2199 1139 2282 καρδίας,

557 2305 700 2391 όμέρσας
722 2307 807 2390 βίον.

396 2409 517 2478 Verum
540 2416 650 2478 tamen
673 2411 760 2497 quod
782 2411 918 2477 subinde
941 2411 1067 2495 accidit,
1089 2414 1127 2477 ut
1150 2433 1232 2497 quae
1255 2433 1295 2476 ex
1312 2411 1554 2497 ingeniosorum
1573 2410 1630 2475 ho

396 2519 520 2585 minum
539 2517 725 2603 opinatione
742 2518 887 2604 profecta
906 2522 982 2584 sunt
1000 2541 1058 2603 per
1076 2539 1110 2583 se
1127 2521 1270 2602 spectato
1282 2517 1443 2582 laudanda
1455 2517 1629 2583 admodum

397 2629 429 2692 et
451 2624 538 2691 haud
561 2629 748 2692 cunctanter
770 2625 952 2710 recipienda
974 2626 1086 2709 ducas,
1110 2624 1166 2691 sed
1189 2625 1299 2690 eadem
1322 2623 1362 2688 ad
1385 2626 1536 2690 testatam
1555 2625 1631 2688 scri-

396 2735 527 2817 pturam
550 2733 651 2798 relata
675 2732 856 2798 sordescere
879 2735 911 2798 et
933 2753 1062 2798 movere
1086 2732 1184 2796 dubia
1205 2732 1375 2817 incipiant,
1400 2730 1433 2794 id
1455 2752 1516 2796 nos
1539 2730 1630 2796 valde

357 2864 384 2909 so
397 2861 546 2906 veremur
568 2862 609 2904 ne
631 2840 665 2905 in
688 2840 769 2906 istos
788 2838 937 2927 Magarsa
955 2862 1067 2915 versus
1086 2839 1186 2905 cadat.
1225 2838 1312 2916 Quos
1331 2862 1403 2903 cum
1423 2837 1536 2923 scripti
1553 2837 1631 2903 libri

396 2946 475 3013 fides
499 2947 534 3013 in
556 2946 643 3012 hunc
664 2948 796 3014 modum
819 2951 966 3014 exaratos
990 2947 1140 3013 exhibeat

558 3048 578 3138 ἦ
601 3054 688 3120 ιιολό
710 3077 751 3140 με
775 3053 872 3139 δόξης
894 3052 1070 3134 ἐξέπαισαν
1093 3053 1238 3136 ἐλπίδες,

557 3161 600 3245 ἣν
622 3162 745 3247 πατρὸς
767 3161 863 3246 ὑμῶν
886 3159 922 3227 ἐκ
945 3164 1055 3245 λόγων
1076 3158 1147 3226 ποτ’
1175 3160 1313 3244 ἤλπισα,

397 3290 437 3334 ne
463 3289 524 3334 nos
552 3268 688 3355 argutiis
707 3263 794 3353 ‘quae
817 3272 893 3334 sunt
916 3268 952 3332 in
974 3268 1077 3333 altera
1100 3266 1259 3352 scriptura
1282 3266 1386 3350 decipi
1408 3266 1571 3351 patiamur
1593 3286 1631 3331 ac

395 3377 502 3462 specie
526 3375 649 3441 seducti
672 3375 790 3441 nubem
814 3397 873 3460 pro
896 3372 1020 3441 Iunone
1043 3376 1288 3460 amplectamur,
1314 3372 1377 3440 hoc
1399 3374 1559 3459 agendum
1582 3378 1631 3438 est

396 3482 545 3568 inprimis
572 3484 609 3546 nt
638 3482 755 3567 quibus
782 3482 961 3548 rationibus
990 3504 1027 3547 ea
1055 3503 1130 3547 vera
1157 3502 1226 3547 esse
1248 3502 1315 3547 non
1338 3501 1434 3564 possa
1457 3480 1521 3545 sibi
1542 3478 1631 3544 docti

395 3593 625 3675 persuaserunt
647 3610 744 3673 quam
768 3589 967 3654 severissime
989 3588 1233 3674 perpendamus.
1269 3586 1384 3671 Neque
1407 3586 1492 3652 enim
1512 3586 1630 3671 siquis

398 3694 573 3783 opinabilia
600 3718 695 3781 posse
722 3696 848 3782 placere
876 3695 1019 3781 edoceat,
1047 3696 1143 3761 fidem
1167 3695 1300 3760 testium
1323 3694 1547 3779 destituemus,
1576 3692 1631 3757 sed

397 3805 473 3871 τόδε
492 3804 576 3890 πρὸς
595 3802 709 3893 ἐκείνῳ
729 3805 835 3882 δείξας
854 3802 1008 3888 φερέσθω
1028 3804 1068 3867 τὰ
1085 3805 1260 3888 νικητήρια
1277 3801 1425 3866 frustrari
1443 3801 1631 3865 memoriam

354 3931 384 3976 ιο
397 3933 457 3978 nec
479 3932 574 3996 posse
598 3914 758 3996 constar03
780 3915 850 3976 tum
873 3932 987 3975 manus
1012 3909 1159 3975 dabimus
1182 3914 1214 3974 et
1237 3933 1256 3975 a
1279 3909 1475 3974 divinatione
1495 3907 1630 3973 salntem

397 4016 567 4103 petendam
590 4017 804 4100 concedimus,
826 4016 883 4083 sed
906 4019 951 4083 ita
974 4021 1011 4082 ut
1035 4038 1202 4084 caveamus
1225 4038 1266 4081 ne
1287 4016 1402 4082 relicto
1424 4014 1501 4079 fidei
1518 4014 1630 4079 funda-

397 4129 506 4191 mento
530 4124 653 4189 incerto
677 4123 757 4209 pede
779 4123 977 4190 hariolorum
1002 4123 1105 4191 instar
1125 4145 1276 4209 vagemur
1294 4127 1326 4187 et
1345 4144 1495 4187 erremus.
1527 4120 1630 4205 Atqui

397 4232 432 4301 in
459 4230 531 4297 istis
558 4230 705 4297 versibus
732 4229 864 4296 fuerunt
891 4232 948 4316 qni
974 4229 1057 4295 nihil
1084 4229 1208 4315 peccati
1235 4250 1304 4294 esse
1330 4233 1362 4293 et
1384 4228 1506 4294 frustra
1527 4250 1631 4293 emen-

398 4337 495 4404 dandi
518 4359 648 4424 operam
671 4338 755 4403 sumi
778 4337 1011 4402 existimarent:
1041 4358 1179 4420 quorum
1203 4333 1403 4401 Godofredus
1426 4334 1630 4401 Hermaunus

397 4444 481 4509 hunc
508 4466 579 4511 esse
603 4444 670 4509 vim
693 4444 864 4509 verberum
887 4444 1021 4508 adnotat
1043 4443 1135 4527 quasi
1158 4441 1245 4505 dicas
1269 4440 1400 4519 ἐλπίδες
1421 4466 1462 4525 με
1484 4438 1631 4521 ἕψουσαν

398 4550 508 4635 δόξης,
530 4550 562 4617 h.
582 4572 607 4616 e.
631 4550 717 4633 ‘spes
738 4571 808 4616 mec
827 4552 984 4633 fnestram
1006 4556 1051 4616 ast
1072 4550 1250 4631 opinionon
1272 4550 1395 4614 meom’.
1433 4548 1536 4625 Quam
1558 4570 1631 4613 ean·

398 4656 471 4723 dem
495 4658 686 4723 sententiam
709 4657 856 4742 pluribus
878 4655 986 4722 verbis
1006 4657 1164 4741 interpres
1182 4654 1388 4721 Britannicus
1407 4655 1454 4720 ita
1472 4653 1632 4740 expressit

396 4762 539 4847 Peleius,
567 4763 667 4847 ‘tuly
693 4784 746 4847 my
771 4764 864 4845 topos
888 4764 967 4829 bace
990 4762 1112 4847 preally
1138 4762 1359 4845 disappoinled
1381 4764 1487 4827 mein
1509 4762 1559 4827 ne
1580 4781 1632 4827 ωο-

391 4871 549 4957 pedaticis
576 4868 603 4934 Ι
622 4868 689 4933 aad
712 4870 836 4951 fonned
860 4871 899 4951 of
918 4890 979 4953 yon
1003 4870 1088 4950 from
1111 4889 1190 4952 your
1210 4870 1339 4951 futber's
1355 4869 1530 4950 promised.
1568 4866 1632 4933 Sed
