3967 5725
583 660 762 713 SERMONIS
781 662 976 714 PLATONIGI
995 665 1290 734 OBSERVATIONES
1310 672 1346 722 11.
1535 673 1600 737 395

529 824 723 906 σκώμμασιν
755 822 909 909 ἐοικυῖαι,
941 816 1016 891 οἷον
1048 828 1086 892 αλ
1105 826 1353 913 Ἀριστοτέλους
1384 835 1515 919 χάριτες
1545 836 1600 902 καὶ

529 930 717 1014 Σώφρονος
743 929 799 996 καὶ
823 934 968 997 Λυσίου·
1000 935 1037 999 τὸ
1062 935 1125 1020 γὰρ
1148 931 1192 1020 ἧς
1216 937 1312 1025 ῥᾷον
1335 941 1382 1007 ἄν
1404 966 1463 1019 τις
1486 942 1600 1029 ἀριθ-

528 1038 663 1120 μήσειε
697 1040 789 1114 τοὺς
821 1038 989 1117 ὀδόντας
1021 1040 1041 1125 ἢ
1074 1045 1166 1120 τοὺς
1199 1046 1438 1132 δακτύλους,
1475 1051 1512 1115 τὸ
1547 1051 1599 1117 ἐπὶ

526 1154 585 1227 τῆς
607 1145 838 1230 πρεσβύτιδος,
860 1148 915 1211 καὶ
938 1148 975 1212 τὸ
1000 1148 1081 1226 ὅσας
1100 1147 1190 1228 ἄξιος
1208 1148 1251 1236 ἦν
1270 1156 1385 1236 λαβεῖν
1403 1159 1531 1241 πληγὰς
1549 1184 1599 1224 το-

526 1253 649 1328 σαύτας
671 1255 786 1337 ελληφε
810 1253 967 1338 δραχμάς,
990 1256 1027 1320 ολ
1046 1267 1193 1323 τοιοῦτοι
1217 1258 1386 1343 ἀστεισμοὶ
1408 1261 1510 1329 οὐδὲν
1528 1266 1599 1330 δια-

526 1359 668 1444 φέρουσι
691 1360 904 1442 σκωμμάτων.

361 1465 454 1532 Idem
477 1488 502 1530 c.
523 1483 641 1530 conxn

523 1577 703 1659 χρήσονται
733 1572 765 1638 δ’
800 1575 888 1663 αὐτῷ
917 1572 977 1665 (τῷ
1005 1585 1131 1667 κυνικῷ
1155 1580 1281 1670 τρόπῳ)
1314 1581 1369 1648 καὶ
1400 1585 1432 1650 ol
1461 1585 1598 1671 ῥήτορές

522 1704 616 1765 ποτε,
644 1679 698 1746 καὶ
727 1680 925 1767 ἐχρήσαντο,
954 1688 1083 1762 Λυσίας
1108 1683 1171 1767 μὲν
1198 1689 1281 1773 πρὸς
1307 1691 1367 1756 τὸν
1390 1690 1517 1777 ἐρῶντα
1540 1704 1597 1778 τῆς

468 1818 470 1821 ·
523 1791 625 1875 γραὸς
647 1787 754 1873 λέγων
777 1789 829 1854 ὅτι
851 1784 896 1873 ἧς
916 1790 1015 1877 ῥᾷον
1033 1789 1181 1880 (ῥᾴδιον)
1200 1790 1247 1878 ἦν
1265 1795 1484 1881 ἀριθμῆσαι
1504 1805 1596 1879 τοὺς
1610 1825 1636 1864 ιο

524 1897 692 1972 ὀδόντας
719 1895 739 1980 ἢ
767 1898 862 1974 τοὺς
885 1898 1118 1977 δακτύλους·
1147 1900 1201 1966 καὶ
1226 1903 1289 1987 γὰρ
1314 1905 1508 1972 δεινότατον
1531 1909 1597 1992 ἅμα

523 2002 579 2069 καὶ
602 2005 815 2088 γελοιότατον
838 2003 979 2090 ἐνέφηνε
1002 2008 1064 2090 τὴν
1086 2017 1203 2093 γραῦν.

358 2110 426 2177 sed
448 2113 500 2177 his
522 2109 717 2176 testimoniis
740 2132 781 2175 ne
804 2111 939 2176 nimium
963 2112 1097 2198 tribuae,
1120 2137 1180 2179 nec
1203 2116 1288 2181 inter
1306 2139 1339 2182 se
1358 2120 1544 2203 conspirant
1564 2126 1596 2186 et

361 2221 395 2284 in
419 2219 584 2284 nonnullis
607 2218 647 2282 ab
666 2217 826 2283 Athenaei
849 2220 1004 2285 memoria
1026 2219 1204 2305 discedunt,
1227 2223 1260 2286 in
1285 2225 1403 2309 quibus
1421 2249 1517 2292 nemo
1537 2229 1595 2292 cri·

357 2329 499 2392 ticorum
513 2324 671 2390 Demetrii
689 2325 786 2389 fidem
804 2325 919 2390 maluit
933 2348 1031 2411 quam
1044 2325 1204 2394 Athenaei
1218 2331 1342 2397 codices
1357 2334 1457 2417 sequi.
1480 2333 1595 2420 Neque

359 2434 518 2500 Demetrii
545 2433 601 2517 qui
628 2431 752 2496 multus
779 2435 828 2497 est
856 2434 1050 2500 incitandis
1074 2437 1286 2521 scriptoribus
1310 2441 1442 2505 omnino
1466 2463 1503 2506 ea
1527 2443 1594 2508 dili-

356 2543 470 2630 gentia
497 2544 560 2624 est,
588 2542 639 2604 cni
662 2539 756 2604 facile
779 2539 871 2605 cedas
896 2541 929 2604 in
953 2541 1115 2628 omnibus,
1144 2544 1281 2630 denique
1305 2551 1462 2630 quantum
1485 2549 1596 2615 attulit

361 2652 440 2714 satis
469 2651 537 2713 erat
564 2647 605 2711 ad
633 2646 858 2712 declarandum
886 2646 920 2712 id
948 2650 1036 2733 φοοδ
1061 2651 1177 2735 voluit,
1204 2654 1335 2738 χάριτες
1358 2659 1489 2720 Λυσίου
1514 2679 1594 2742 quae

360 2760 466 2823 essent
498 2758 531 2820 et
564 2753 651 2838 quod
684 2755 877 2820 δεινότατον
909 2756 975 2841 ἅμα
1005 2755 1060 2822 καὶ
1088 2762 1300 2840 γελοιότατον
1327 2761 1508 2828 haberetur.
1548 2763 1596 2830 Ut

358 2866 469 2930 liceret
501 2864 531 2929 ei
563 2862 724 2928 abstinere
756 2862 796 2927 ab
830 2863 870 2928 iis
898 2865 1005 2929 verbis
1034 2887 1171 2950 quorum
1198 2867 1392 2956 ambiguitas
1420 2894 1481 2937 nos
1507 2895 1594 2940 nunc
1608 2895 1635 2937 το

358 2975 493 3039 exercet.

446 3079 570 3144 Eadem
590 3078 748 3143 sententia
767 3081 799 3141 et
814 3078 899 3161 apud
913 3077 1067 3145 Photium
1081 3079 1156 3145 Lex.
1172 3099 1198 3146 11
1212 3104 1243 3166 p.
1260 3083 1323 3147 129
1337 3082 1460 3149 Nabari
1473 3088 1594 3173 legitur

519 3186 603 3272 ῥᾷον
629 3186 672 3249 ἄν
698 3208 749 3261 τις
776 3186 856 3261 τοὺς
884 3183 1025 3262 ὀδόντας
1051 3186 1239 3272 ἠρίθμησεν
1261 3188 1282 3273 ἣ
1305 3191 1384 3266 τοὺς
1408 3191 1593 3270 δακτύλους

303 3294 341 3350 Π
357 3298 390 3360 ot
413 3293 499 3379 apud
522 3292 655 3358 Suidam

518 3401 603 3487 ῥᾷόν
626 3423 676 3476 τις
698 3400 777 3475 τοὺς
801 3399 940 3475 ὀδόντας
962 3399 1151 3485 ἠρίθμησεν
1173 3399 1193 3484 ἢ
1217 3403 1295 3478 τοὺς
1314 3404 1507 3482 δακτύλους.
1539 3405 1591 3471 ἐστὶ

518 3510 695 3592 γερόντων.

357 3616 421 3693 Qui
449 3637 531 3700 quae
557 3614 708 3696 afferunt,
736 3612 972 3698 proverbialem
996 3636 1064 3679 esse
1086 3613 1284 3681 locutionem
1308 3623 1454 3703 apparet,
1481 3624 1590 3685 natam

356 3724 447 3788 illam
475 3722 603 3807 quidem
631 3742 671 3785 ex
694 3720 810 3805 Lysiae
834 3722 978 3786 oratione
1004 3721 1058 3785 sed
1082 3722 1179 3787 solita
1201 3722 1351 3789 libertate
1373 3725 1533 3791 redactam
1557 3728 1591 3791 in

356 3829 493 3895 brevius.
530 3827 582 3893 Ab
608 3828 660 3893 his
684 3829 787 3914 igitur
809 3828 946 3892 testibus
970 3828 1051 3892 disci
1073 3834 1128 3892 vix
1145 3830 1249 3913 possit
1269 3830 1346 3915 quid
1365 3830 1496 3915 Lysiam
1515 3834 1590 3898 scri-

355 3938 458 4022 psisse
481 3936 649 4021 probabile
672 3936 723 3999 sit.
760 3934 875 4020 Neque
897 3935 1072 4018 Demetrio,
1100 3938 1156 4020 qui
1180 3937 1267 4021 φοοδ
1290 3937 1383 4002 affert
1406 3943 1493 4003 certo
1517 3962 1591 4006 con·
1604 3960 1631 4001 ao

355 4045 428 4109 silio
456 4043 563 4108 afferri
590 4043 730 4107 vidimus
754 4046 786 4107 et
809 4045 935 4106 tantum
959 4046 1116 4126 quantum
1139 4043 1216 4109 huic
1239 4046 1374 4109 consilio
1398 4047 1590 4113 conveniens

355 4156 433 4235 erat,
446 4149 704 4235 posthabendum
719 4148 871 4213 ducemus
886 4147 1088 4213 Athenaeum
1105 4150 1195 4215 cuius
1210 4150 1317 4216 studio
1332 4174 1468 4238 magnae
1482 4158 1590 4237 partes

354 4258 451 4323 huius
471 4258 626 4323 orationis
646 4260 795 4340 acceptae
814 4255 961 4320 feruntur
979 4278 1046 4320 non
1064 4257 1127 4321 alia
1146 4258 1184 4321 de
1199 4281 1296 4324 causa
1309 4263 1477 4343 excerptae
1492 4282 1589 4344 quam

355 4365 442 4451 φοοδ
469 4363 639 4430 Aeschinis
667 4362 823 4428 Socratici
850 4362 995 4427 moribus
1024 4362 1234 4450 depingendis
1262 4366 1457 4452 prodessent.
1496 4364 1589 4432 Certe

353 4482 412 4557 της
444 4474 565 4557 χειρός,
598 4470 683 4554 φοοδ
714 4471 804 4535 abest
832 4492 851 4533 a
878 4469 1044 4535 Demetrio
1074 4474 1106 4535 et
1134 4472 1247 4537 ceteris
1275 4472 1412 4538 testibus
1441 4474 1496 4537 sed
1524 4495 1588 4558 quo

353 4580 437 4644 nihil
460 4580 566 4663 aptius
590 4581 671 4660 erat,
699 4581 825 4661 praeter
847 4575 1013 4641 Naberum
1037 4599 1130 4643 nemo
1155 4579 1241 4663 quod
1265 4581 1403 4645 sciamus
1426 4581 1466 4644 ab
1489 4580 1589 4646 Atha-

354 4709 434 4751 naeo
463 4691 495 4751 et
522 4708 541 4750 a
563 4684 662 4768 Lysia
689 4683 891 4749 abiudicavit.
930 4681 1034 4759 Quare
1063 4686 1191 4750 omissis
1215 4687 1352 4752 testibus
1376 4688 1502 4771 alienis,
1531 4688 1588 4772 qui

354 4793 438 4859 nihil
463 4816 523 4859 nos
549 4793 662 4858 docere
684 4794 822 4875 possunt
846 4790 933 4873 φοοδ
956 4790 996 4854 ad
1020 4812 1087 4855 rem
1110 4792 1283 4879 pertineat,
1312 4794 1351 4858 ad
1375 4794 1505 4878 Lysiam
1528 4817 1587 4860 nos

354 4904 591 4985 convertamus,
618 4903 655 4964 ut
683 4901 855 4983 quaeratur
882 4898 987 4980 ipsum
1013 4898 1092 4980 quid
1116 4898 1224 4964 deceat
1248 4900 1352 4966 dicere
1376 4902 1410 4966 in
1434 4902 1496 4967 ista
1519 4925 1588 4969 sen-
