3967 5725
510 626 759 680 demoramur
776 630 816 679 IN
835 628 1028 680 CICERONIS
1047 628 1205 680 sculfus
1222 627 1473 682 PHILOSOPHIS.
1544 625 1612 694 845

509 791 641 869 lineam,
668 800 842 872 numqaum
865 791 934 872 sore
959 795 995 854 at
1021 795 1143 855 ammas
1165 789 1265 855 alteo
1287 789 1420 856 wenna
1437 797 1542 876 puasat
1563 797 1612 858 at-

508 899 639 979 tiaqere,
670 900 797 979 itaqua
827 897 934 962 attulit
957 917 1024 962 rem
1051 897 1314 963 mammaeam:
1346 899 1503 965 destinare
1528 899 1612 966 suis

465 1027 468 1030 ⁴
509 1011 649 1069 domam
669 1005 875 1088 perpaulum
900 1003 1069 1085 qao-attii
1088 1009 1193 1087 possa
1213 1004 1285 1087 fiai
1307 1008 1430 1084 minuam
1457 1007 1505 1072 ito
1527 1007 1612 1090 effici

509 1112 733 1193 eomplaaionaa
759 1117 788 1177 et
814 1112 1023 1194 mpulotioaaa
1050 1117 1078 1176 et
1104 1111 1307 1178 odboenonea
1334 1118 1506 1179 mmmm
1528 1115 1613 1180 sete

493 1239 548 1298 aa,
571 1240 609 1284 aa
631 1240 690 1300 qao
713 1219 884 1301 afficeretur
907 1219 1045 1284 mundas
1067 1239 1230 1300 omnaaque
1247 1225 1355 1302 portes
1377 1221 1498 1286 maadi.
1601 1225 1605 1234 '
1671 1299 1674 1309 Α

375 1326 524 1416 Apparet
544 1325 624 1411 quid
646 1326 808 1412 legentem
829 1325 999 1412 impediat:
1022 1326 1103 1391 duae
1126 1328 1212 1392 enim
1235 1331 1343 1412 partes
1362 1327 1517 1392 orationis
1536 1349 1610 1393 oum

376 1433 498 1518 optime
521 1434 607 1498 coire
630 1436 776 1517 possent,
803 1433 916 1498 deinde
936 1434 1026 1499 bonae
1049 1435 1171 1513 ombus,
1194 1454 1264 1499 nam
1286 1440 1468 1514 ooearreret
1487 1434 1612 1501 teau

374 1541 450 1606 bueo
469 1561 563 1622 posse
582 1541 666 1624 fiai,
695 1541 801 1606 aaut
821 1561 887 1605 rem
909 1542 1169 1621 commeatuum,
1196 1539 1342 1607 uotam
1362 1540 1514 1608 intimum
1537 1559 1611 1608 oon-

375 1669 494 1711 nexum
521 1647 626 1712 media
647 1648 841 1731 interposita
862 1649 968 1729 depae
989 1647 1162 1732 particula3
1191 1669 1272 1732 quae
1295 1669 1392 1731 quam
1415 1646 1542 1714 nullum
1565 1648 1611 1714 lo,

347 1776 450 1821 oum
482 1754 616 1819 haberet
642 1753 826 1839 Madvigius
856 1754 1023 1840 patefecit:
1055 1775 1160 1839 neque
1190 1754 1277 1820 enim
1308 1757 1478 1821 revocatur
1506 1757 1610 1822 oratio
1625 1778 1653 1822 ιο

376 1863 469 1945 quasi
497 1861 584 1926 ultra
610 1862 879 1947 finem-evagata·
896 1882 1002 1945 neque
1029 1862 1059 1925 ei
1086 1861 1133 1926 rei
1161 1861 1315 1926 inservire
1342 1863 1447 1945 itaque
1468 1885 1532 1928 vox
1555 1861 1611 1928 sed

375 1970 473 2052 ipitur
501 1969 592 2034 solet.
630 1967 735 2044 Quare
763 1968 874 2032 multis
902 1969 966 2032 ista
992 1968 1153 2052 particula
1181 1971 1329 2052 suspecta
1356 1969 1431 2055 fuit;
1460 1969 1610 2036 sedeam

377 2078 549 2160 quominus
576 2075 744 2159 tollamus,
770 2074 923 2159 prohibet
951 2074 1039 2159 quod
1067 2075 1151 2140 unde
1178 2097 1248 2140 eam
1277 2075 1444 2142 advolasse
1467 2075 1610 2142 dieamus

376 2204 471 2268 aegre
495 2182 672 2266 dispicitur.
709 2181 785 2247 Non
807 2181 934 2248 felisius
958 2183 987 2247 si
1011 2180 1088 2264 quid
1114 2182 1270 2247 sentimus
1292 2182 1325 2267 ii,
1349 2181 1490 2267 quinon
1509 2204 1611 2248 remo·

378 2290 513 2359 vendam
536 2289 592 2354 sed
615 2289 845 2354 emendandam
868 2311 980 2356 vooem
1004 2288 1128 2374 opinati
1150 2294 1207 2355 aut
1229 2292 1341 2356 iterum
1364 2294 1421 2354 aut
1438 2293 1504 2357 ruit
1521 2295 1613 2374 atque

377 2397 474 2462 soribi
497 2418 592 2482 posse
615 2396 850 2480 oonieotarunt3
874 2401 1012 2480 quorum
1036 2400 1187 2462 neutrum
1209 2418 1268 2462 neo
1287 2398 1447 2464 sententia
1464 2419 1524 2464 nee
1542 2418 1611 2464 oras

376 2504 476 2569 tionis
500 2504 607 2569 forma
629 2505 713 2568 ferre
736 2502 832 2569 nobis
855 2503 990 2568 videtur.
1029 2501 1106 2569 Fuit
1128 2503 1226 2569 etiam
1250 2504 1307 2588 qui
1330 2527 1396 2571 nou
1419 2505 1611 2591 particulam

377 2610 432 2676 sed
454 2614 558 2676 totam
581 2611 678 2675 istam
702 2611 1153 2695 sententiamexstirpandam
1171 2610 1316 2696 instaret,
1339 2615 1443 2677 ortem
1462 2611 1612 2682 videlieet

377 2739 417 2782 ex
448 2718 656 2784 adnotatione
682 2718 871 2802 interpretis
899 2718 1035 2782 ridentis
1063 2716 1242 2802 Epicurum
1270 2740 1328 2784 sua
1356 2719 1460 2805 ipsius
1487 2719 1611 2786 ratione

376 2825 546 2891 eonfirtari.
585 2823 686 2902 Quam
718 2826 878 2891 oredimus
906 2829 939 2890 et
965 2826 1072 2911 ipsum
1099 2847 1167 2893 rem
1196 2827 1454 2894 commentitiam
1481 2828 1608 2895 efferre:
1624 2853 1651 2899 ao

377 2936 463 2999 oerte
492 2933 622 3017 quidem
649 2933 716 2999 hos
739 2956 840 3020 genas
869 2954 964 2998 omne
992 2932 1236 2999 adnotationum
1263 2934 1491 3021 marginalium
1519 2938 1612 3002 textu

377 3042 587 3125 receptarum,
610 3040 729 3124 quibus
753 3040 905 3105 iudicium
929 3040 1098 3125 probantis
1117 3041 1169 3105 vel
1188 3040 1392 3125 reprobantis
1409 3040 1540 3107 lootoris
1561 3064 1612 3107 ex·

324 3155 363 3215 14
376 3146 584 3233 primeretur‚
611 3148 699 3232 quod
727 3147 856 3213 eredula
882 3146 998 3212 levitas
1015 3146 1209 3212 >oritioorum
1232 3148 1430 3234 excogitavit
1452 3152 1489 3213 ut
1513 3170 1546 3213 ae
1569 3150 1613 3215 la·

378 3253 728 3337 queisdiffioultatum·
745 3255 942 3339 expedirent,
962 3254 1055 3320 nullo
1078 3253 1240 3338 probabili
1263 3254 1411 3339 exemplo
1431 3254 1612 3321 confirmari

377 3364 411 3425 et
426 3361 516 3441 ⁴ol'mr
542 3362 711 3446 posuimus
737 3384 842 3447 neque
868 3383 955 3426 nune
980 3360 1138 3445 quidquid
1162 3359 1305 3425 oblocuti
1330 3364 1406 3427 suut
1427 3362 1522 3427 aliter
1544 3383 1613 3428 sen·

377 3468 486 3551 timus.
520 3467 728 3534 Probabilius
755 3468 939 3554 Madvigius
971 3468 1108 3533 o'onieoit
1139 3468 1278 3533 fortasse
1310 3469 1444 3535 verbum
1477 3466 1613 3534 alterum

378 3583 486 3640 errore
508 3575 634 3640 librarii
647 3578 812 3651 omissum
835 3597 913 3660 esse,
936 3574 988 3639 oui
1010 3574 1100 3640 bosam
1119 3580 1228 3641 doubts
1246 3574 1425 3642 subiectum
1446 3580 1530 3642 esset
1548 3575 1613 3641 oui·

379 3705 446 3767 que
457 3682 521 3746 illa
543 3688 628 3748 reete
650 3684 1023 3765 adnecterenturitu'que
1045 3682 1151 3747 attuatii
1171 3702 1238 3747 rem
1260 3684 1514 3747 commenticiam.
1550 3680 1612 3747 Sed

377 3811 437 3855 neo
458 3792 528 3875 ipse
551 3790 705 3856 indicavit
723 3790 857 3856 verbum
876 3790 964 3873 quod
981 3788 1095 3875 vellet.
1110 3810 1170 3856 nee
1185 3789 1282 3855 iaoile
1301 3788 1477 3874 oxoogiteri
1496 3788 1613 3874 potest,

378 3897 407 3961 si
430 3898 560 3982 quidem
583 3897 624 3961 ad
646 3898 703 3961 illa
721 3898 834 3962 deinde
849 3898 938 3962 horam
957 3902 1067 3963 aeetae
1084 3896 1163 3980 quid
1181 3895 1378 3961 desideretur
1397 3916 1470 3961 oum
1489 3896 1613 3980 quaeri-
1627 3916 1656 3965 to

377 4007 441 4088 tur,
462 4027 530 4069 non
551 4008 659 4089 potest
680 4004 867 4088 responderi
889 4006 953 4069 nisi
975 4004 1082 4069 aaut
1102 4025 1168 4068 rem
1186 4002 1440 4069 mmmmtieebm.
1477 4000 1549 4068 Hoo
1566 4002 1613 4068 ite

377 4133 448 4175 esse
465 4111 656 4175 confirmant
675 4133 722 4195 ea,
739 4133 822 4195 qnae
840 4134 940 4195 paene
958 4111 1091 4175 eandem
1109 4108 1144 4174 in
1163 4107 1353 4175 sententiam
1369 4108 1480 4175 Oioero
1500 4108 1615 4175 scribit

378 4218 418 4283 de
439 4222 557 4283 natura
579 4218 712 4282 deorum
733 4218 819 4302 125,
837 4218 880 4283 69
903 4218 985 4282 odeat
1001 4218 1162 4299 lipidam
1184 4236 1262 4281 eum
1286 4217 1441 4296 videret,
1458 4218 1494 4282 ‘aa'
1516 4218 1613 4283 Menai

375 4326 534 4407 formatur
560 4327 596 4390 in
622 4325 722 4390 lenam
749 4326 930 4407 inferiorem
956 4329 1062 4407 suopte
1077 4324 1228 4405 pondere,
1256 4322 1338 4388 adad
1358 4325 1426 4406 fere
1447 4324 1483 4389 iu
1505 4328 1614 4389 noeto

371 4438 536 4516 potestate,
566 4434 650 4516 qaod
674 4438 751 4498 ease
776 4453 885 4497 aarum
902 4437 1013 4497 ,omme
1039 4436 1138 4496 certus
1164 4436 1193 4495 et
1218 4433 1423 4511 messeanam,
1455 4432 1614 4517 inveniti

378 4562 440 4623 qao
465 4541 556 4606 modo
582 4542 790 4605 amasinum
817 4540 978 4621 essuperet:
1005 4539 1062 4603 ait
1083 4543 1222 4603 ammom
1244 4558 1314 4603 eum
1331 4538 1470 4621 pondere
1492 4544 1521 4603 et
1540 4558 1613 4622 pra-

378 4649 474 4713 vitate
495 4648 778 4729 damnosorum,
801 4645 958 4711 destinare
973 4644 1161 4727 pudieam
1186 4666 1268 4729 quae
1292 4650 1341 4711 eet
1364 4646 1468 4711 oratio
1491 4645 1615 4732 pariter

378 4754 520 4820 formata
537 4754 727 4837 easdemque
740 4752 836 4838 plane
848 4774 908 4837 per
920 4756 1030 4836 partes
1043 4752 1226 4838 distributa,
1244 4750 1329 4819 unde
1343 4752 1481 4840 intelligi
1496 4756 1613 4839 potest,

379 4861 438 4929 illo
472 4863 574 4927 altero
601 4862 675 4926 loeo
701 4860 786 4925 nihil
812 4859 935 4944 requiri
962 4860 1115 4947 amplius,
1146 4860 1201 4925 sed
1229 4861 1407 4926 sententiae
1435 4860 1615 4926 conforma
