3967 5725
363 589 430 654 280
554 594 666 645 XLVII.
685 596 802 645 INDEX
819 596 1033 647 merrom
1051 597 1282 649 AESTIVARUM
1302 601 1380 651 1898.

361 748 414 837 ἆρ’
444 750 550 839 ἔστιν;
577 750 637 838 ἆρ’
659 755 722 819 οὐκ
748 752 854 841 ἔστιν,
881 755 973 843 (Oed
992 757 1061 822 col.
1079 757 1170 845 316).
1211 758 1317 836 Quare
1343 759 1401 824 illa
1426 783 1494 826 non
1518 766 1595 826 sunt

360 862 424 925 tria
451 883 533 944 quae
559 861 624 924 tria
651 883 721 925 esse
747 863 953 948 videbantur,
984 865 1041 929 sed
1069 864 1148 948 duo,
1176 889 1213 932 ac
1241 869 1418 932 sententiae
1444 869 1594 933 satisfieri

360 971 490 1051 poterat
514 967 577 1033 hac
598 968 703 1033 forma
726 969 818 1046 ὅστις
839 971 951 1035 αὐτῶν
973 971 1064 1055 ὠμός
1087 972 1179 1038 ἐστιν
1200 973 1220 1056 ἢ
1244 973 1374 1056 πέπων,
1401 975 1458 1039 sed
1479 975 1596 1040 maluit

360 1074 423 1139 hoc
441 1076 578 1139 alterum
591 1079 690 1159 poeta
702 1076 849 1160 pleniore
862 1080 1009 1143 oratione
1023 1082 1192 1145 contrariis
1206 1081 1401 1166 comparatis
1415 1081 1595 1166 dispeseere

359 1183 395 1245 in
422 1182 501 1246 duo:
528 1182 617 1259 ὅστις
643 1184 756 1248 αὐτῶν
782 1184 871 1265 ὠμός
898 1184 1005 1268 ἐστιν,
1032 1187 1052 1270 ἢ
1079 1187 1196 1252 πέπων
1222 1189 1243 1271 ἣ
1269 1190 1315 1273 μὴ
1342 1187 1465 1254 πέπων.
1506 1187 1594 1266 Quae

358 1289 443 1354 ratio
472 1288 599 1354 dicendi
625 1294 694 1355 tarn
720 1312 786 1356 uon
814 1293 961 1375 quaesita
982 1298 1033 1357 est
1055 1299 1112 1359 aut
1133 1293 1289 1378 insolens,
1318 1299 1356 1360 ut
1378 1317 1449 1360 eam
1471 1295 1594 1360 Aristo

359 1380 460 1479 pbani
485 1396 647 1480 placuisse
674 1397 867 1462 credendum
894 1401 950 1483 sit,
977 1402 1076 1465 etiam
1104 1401 1130 1465 si
1158 1401 1241 1466 nihil
1269 1408 1353 1467 esset
1374 1405 1594 1487 exemplorum

360 1524 426 1586 quo
453 1525 524 1569 eam
552 1504 781 1569 confirmatum
802 1506 877 1590 ires.
908 1505 979 1570 Sed
1001 1513 1077 1572 sunt
1100 1511 1259 1594 exempla,
1287 1510 1407 1594 quibus
1430 1511 1527 1574 etiam
1548 1511 1596 1574 iu·

360 1609 483 1674 creduli
509 1610 638 1676 facilius
665 1612 729 1675 sibi
755 1613 941 1697 persuaderi
966 1614 1142 1699 patiuntur.
1181 1615 1235 1681 Sic
1257 1617 1342 1681 enim
1365 1617 1479 1681 scribit
1501 1617 1595 1682 Euri-

320 1745 347 1785 1ο
360 1717 453 1800 pides
474 1717 510 1780 in
529 1715 643 1782 Oreste
665 1719 701 1782 in
722 1719 885 1803 colloquio
909 1719 998 1804 quod
1020 1726 1069 1786 est
1090 1723 1272 1788 Menelaum
1294 1725 1380 1788 inter
1398 1728 1431 1788 et
1448 1723 1595 1788 Orestem

360 1847 381 1890 a
402 1845 431 1888 v,
449 1823 518 1889 440

485 1937 550 2003 ΟΡ.
573 1943 687 2022 ψῆφος
709 1934 787 2002 καθ’
815 1935 909 2023 ἡμῶν
932 1945 1057 2004 οἴσεται
1080 1937 1151 2025 τῇδ’
1179 1938 1291 2025 ἡμέρᾳ.

473 2049 551 2110 ΜΕ.
574 2047 714 2130 φεύγειν
735 2049 836 2110 πόλιν
858 2045 957 2129 τήνδ’
979 2045 1000 2129 ἢ
1023 2053 1167 2112 θανεῖν
1189 2047 1209 2130 ἢ
1232 2049 1281 2130 μὴ
1303 2053 1461 2129 θανεῖν,

485 2157 549 2218 ΟΡ.
571 2159 694 2218 θανεῖν
716 2151 772 2217 ὑπ’
799 2152 910 2217 ἀστῶν
933 2155 1079 2242 λευσίμῳ
1102 2156 1297 2238 πετρώματι.

361 2259 425 2326 Sed
451 2282 563 2325 rursus
590 2260 742 2325 admirari
763 2259 841 2325 licet
864 2262 1057 2345 interpretes
1079 2264 1245 2345 tamquam
1268 2262 1302 2325 in
1325 2283 1359 2325 re
1382 2259 1541 2347 singulari
1563 2265 1597 2325 et

360 2367 507 2433 inaudita
529 2366 746 2451 obstupefieri.
778 2366 841 2431 Vel
860 2365 1062 2432 Godofredus
1080 2367 1295 2452 Hermaunus,
1317 2372 1428 2431 tantus
1446 2368 1505 2452 vir,
1523 2367 1597 2432 hue-

362 2474 481 2539 sitabat
506 2495 568 2539 nec
594 2495 629 2538 se
656 2474 861 2558 expediebat,
887 2479 925 2538 ut
952 2476 1051 2539 etiam
1079 2475 1212 2540 dubium
1241 2474 1280 2538 de
1307 2475 1493 2560 integritate
1520 2474 1597 2540 scri-

360 2588 476 2668 pturae
497 2585 654 2645 moveret:
678 2582 765 2646 ‘nam
788 2581 881 2646 valde
904 2581 1020 2647 inutile
1043 2586 1100 2663 est,
1122 2583 1238 2666 inquit,
1261 2581 1342 2646 illud
1364 2581 1385 2665 ἧ
1403 2583 1447 2665 μὴ
1467 2587 1596 2665 θανεῖν,

362 2689 449 2775 quod
472 2690 500 2753 si
523 2688 655 2772 scripsit
677 2686 860 2772 Euripides,
882 2689 1135 2775 intellegendum
1159 2693 1268 2754 estut
1290 2688 1478 2754 scholiastes
1500 2689 1597 2754 iuter·

321 2824 347 2865 ro
360 2799 508 2883 pretatur
526 2793 547 2879 ἢ
565 2800 696 2880 θανεῖν,
713 2794 735 2880 ἣ
752 2796 797 2880 μὴ
815 2803 937 2862 θανεῖν
956 2795 1034 2861 ἀλλ’
1052 2793 1170 2880 ἑτέρως
1187 2803 1397 2881 κολασθῆναι
1416 2793 1598 2881 δηλονότι.’

360 2904 407 2970 Et
427 2904 491 2970 hoc
512 2903 603 2967 futili
626 2902 750 2967 scholio
772 2904 881 2968 nescio
904 2905 996 2970 cuius
1018 2902 1212 2989 interpretis,
1236 2903 1323 2987 quod
1345 2904 1534 2969 Dindorfius
1557 2925 1597 2967 ex

361 3012 490 3077 Arrenii
508 3010 672 3096 farragine
690 3009 768 3097 (vol.
782 3028 796 3074 1
809 3033 839 3094 p.
854 3028 917 3074 xxi
926 3010 988 3098 sq.)
1008 3010 1216 3095 deprompsit,
1234 3010 1293 3075 Ed.
1309 3009 1498 3077 Schwartzii
1512 3010 1598 3074 iusta

361 3119 520 3202 recensio,
546 3123 584 3183 ut
605 3140 664 3201 par
686 3117 763 3201 fuit,
786 3119 994 3201 contempsit,
1017 3122 1182 3201 tamquam
1205 3117 1301 3181 unica
1323 3116 1427 3181 salute
1449 3118 1598 3181 nituntur

361 3226 459 3291 etiam
486 3225 676 3310 posterioris
704 3226 820 3289 aetatis
847 3217 1038 3309 interpretes
1061 3245 1127 3288 non
1149 3246 1233 3289 unus
1257 3224 1313 3288 sed
1336 3226 1534 3309 complures,
1560 3243 1598 3288 ae

361 3354 428 3397 nou
446 3331 565 3415 vident,
584 3353 681 3415 quam
699 3332 846 3415 ineptum
866 3332 909 3395 sit
923 3332 1184 3415 supplementum
1198 3331 1375 3399 sententiae
1389 3329 1476 3414 quod
1490 3335 1598 3396 mente

362 3439 437 3503 addi
459 3439 551 3503 iubet
573 3436 756 3503 scholiasta.
793 3437 876 3502 Sunt
898 3440 996 3504 etiam
1020 3426 1077 3521 qui
1101 3459 1173 3503 cum
1194 3434 1322 3503 taceant
1339 3438 1597 3522 interpungendo

361 3546 562 3629 patefaciunt
580 3566 615 3609 se
632 3566 700 3610 rem
718 3566 786 3609 non
802 3544 1011 3628 intellexisse,
1029 3545 1168 3627 φεύγειν
1185 3548 1285 3610 πόλιν
1304 3543 1412 3627 τήνδ’,
1430 3544 1598 3628 ἢθανεῖν,

362 3652 382 3736 ἢ
411 3654 456 3737 μὴ
483 3658 613 3717 θανεῖν.
650 3650 736 3727 Quid
762 3652 888 3716 multa?
924 3649 1071 3736 Apparet
1098 3651 1162 3715 duo
1191 3652 1380 3737 significari,
1413 3652 1451 3715 de
1479 3650 1598 3735 quibus

363 3759 525 3825 decretum
544 3758 792 3842 exspectabatur
809 3758 986 3842 publicum,
1004 3758 1136 3823 exilium
1155 3757 1211 3823 aut
1228 3762 1375 3842 mortem,
1392 3758 1477 3824 hanc
1490 3762 1599 3823 autem

323 3892 350 3931 so
365 3866 473 3932 afferri
496 3865 542 3931 ita
559 3870 598 3930 ut
617 3869 749 3950 quaerat
767 3864 933 3929 Menelaus
952 3874 1066 3948 ψῆφος
1084 3866 1210 3930 οἴσεται
1226 3872 1349 3931 θανεῖν
1366 3864 1387 3948 ἢ
1406 3867 1450 3949 μὴ
1469 3872 1600 3949 θανεῖν,

363 3972 427 4039 hoc
454 3972 613 4038 eomodo
638 3994 702 4056 quo
726 3971 899 4055 Euripides
922 3971 1181 4056 Aristophaneus
1207 3973 1285 4036 dicit
1309 3970 1520 4059 (Thesmoph
1540 3970 1598 4056 77)

935 4080 1012 4163 τῇδε
1035 4077 1167 4165 θήμέρᾳ
1189 4083 1385 4164 καυθήσεται
1614 4089 1652 4145 11

525 4184 582 4252 εἴτ’
610 4183 676 4251 ἔστ’
702 4182 753 4250 ἔτι
776 4187 836 4264 ζὼς
859 4183 925 4249 εἶτ’
947 4183 1091 4250 ἀπόλωλ’
1118 4185 1319 4269 Εὐριπίδης,

364 4295 420 4360 ubi
444 4294 484 4358 de
506 4293 576 4359 sola
598 4297 703 4359 morte
726 4292 834 4378 agitur
855 4291 911 4357 sed
928 4293 974 4356 ita
993 4296 1030 4355 ut
1047 4313 1106 4377 per
1124 4293 1285 4357 contraria
1304 4293 1483 4376 composita
1502 4294 1600 4378 sigui·

364 4401 479 4465 ficetur
505 4423 614 4465 unum.
656 4398 720 4463 Sed
747 4399 782 4462 in
809 4397 967 4484 Euripide
993 4420 1089 4463 nemo
1118 4398 1347 4483 Aristophanis
1374 4421 1501 4464 memor
1528 4399 1599 4483 fuit,

365 4528 431 4571 non
455 4507 557 4593 magis
582 4528 678 4590 quam
700 4507 734 4571 in
753 4503 972 4589 Aristophane
990 4504 1165 4588 Euripidis.
1202 4505 1316 4589 Neque
1334 4506 1485 4572 norimus
1503 4508 1601 4572 inter-

365 4617 488 4695 pretem
508 4615 564 4697 qui
582 4613 662 4678 haec
681 4614 744 4677 duo
764 4613 911 4696 exempla
929 4610 1013 4676 inter
1031 4633 1065 4675 se
1083 4611 1179 4697 plane
1199 4612 1335 4699 gemella
1352 4613 1393 4677 ad
1410 4613 1601 4679 declaranda

367 4718 521 4801 quaedam
555 4719 673 4784 similia
704 4721 906 4784 arcessiverit
936 4740 1017 4801 quae
1045 4722 1186 4801 exstant,
1218 4740 1300 4803 quae
1327 4720 1518 4803 interpretes
1546 4721 1601 4785 bic

365 4824 434 4889 illic
456 4826 642 4911 tetigerunt,
668 4826 724 4889 sed
746 4831 784 4890 ut
806 4826 996 4909 plerumque
1020 4845 1078 4889 nee
1101 4826 1252 4890 afferrent
1275 4826 1384 4889 omnia
1405 4848 1466 4891 nec
1488 4849 1601 4893 eorum
