3967 5725
407 1575 567 1647 XXXIX.
595 1573 767 1647 INDEX
793 1572 1111 1647 LEOTIONUM
1138 1574 1494 1648 AESTIVARUM
1520 1578 1619 1648 1894.

485 1749 705 1816 Periucundus
729 1749 859 1813 libellus
878 1752 927 1813 est
946 1748 989 1814 M.
1004 1748 1141 1815 Minucii
1157 1748 1273 1815 Felicis
1293 1751 1345 1815 cui
1364 1748 1490 1816 Octavii
1509 1751 1665 1816 nomen&

393 1857 559 1941 inscripsit
586 1858 654 1921 eius
682 1878 778 1941 quem
804 1878 876 1921 cum
901 1855 1040 1920 Caecilio
1063 1856 1139 1921 fidei
1163 1858 1356 1923 christianae
1380 1879 1473 1922 onore
1497 1858 1535 1921 de
1558 1858 1628 1922 veri

394 1963 446 2028 dei
474 1962 562 2028 cultu
590 1986 624 2029 se
651 1966 819 2047 praesente
837 1966 880 2028 'et
907 1962 1031 2028 arbitro
1058 1963 1136 2027 facit
1165 1964 1420 2031 contendentem.
1466 1963 1538 2041 Quo
1566 1986 1629 2029 ser-

393 2092 489 2136 mone
511 2092 577 2134 non
601 2092 676 2135 sane
695 2070 791 2136 nimis
811 2069 986 2134 subtilibus
1005 2070 1186 2136 rationibus
1205 2075 1262 2135 aut
1280 2071 1409 2159 invictis
1429 2072 1627 2158 argumentis
1649 2121 1652 2125 Α
1673 2088 1675 2092 ·

392 2177 601 2243 christianam
639 2177 828 2264 religionem
870 2177 1098 2265 superstitione
1134 2176 1281 2241 Romana
1322 2178 1520 2263 superiorem
1557 2199 1627 2243 esse

393 2284 643 2369 demonstratur,
670 2307 866 2369 quamquam
892 2306 934 2349 ne
962 2284 1044 2348 illud
1067 2284 1197 2368 quidem
1224 2285 1388 2371 ingratum
1412 2289 1462 2350 est
1484 2285 1627 2370 aspicere

392 2414 457 2476 quo
481 2393 620 2457 maxime
642 2413 759 2477 genere
781 2382 940 2475 probandi
964 2394 997 2455 et
1019 2391 1231 2478 redarguendi
1255 2391 1312 2455 illa
1339 2396 1444 2456 aetate
1467 2392 1626 2477 quibusve

391 2499 570 2564 maledictis
597 2503 654 2565 ant
681 2498 834 2563 conviciis
862 2497 947 2561 inter
975 2520 1009 2563 se
1036 2499 1204 2582 utriusque
1232 2503 1337 2563 sectae
1364 2500 1497 2565 comites
1525 2498 1626 2587 digla-

347 2631 378 2670 ιο
392 2605 473 2669 diari
492 2607 580 2671 soliti
599 2606 678 2691 sint3
701 2606 756 2670 sed
776 2627 858 2689 quae
877 2605 1091 2690 disputantur,
1110 2628 1147 2670 ea
1166 2606 1274 2670 omnia
1292 2607 1452 2690 exquisita
1466 2608 1625 2672 sermonis

392 2712 563 2797 elegantia,
590 2734 833 2797 nonnumquam
862 2712 1068 2777 artificiosius
1091 2713 1266 2797 perpolita,
1297 2713 1461 2797 dicuntur,
1489 2718 1527 2778 ut
1547 2714 1626 2778 licet

391 2819 511 2902 passim
534 2823 679 2885 veterum
699 2818 921 2899 imitationem,
944 2818 1128 2886 Tullianam
1151 2820 1309 2905 inprimis,
1333 2841 1498 2907 agnoscas,
1516 2823 1626 2886 tamen

389 2927 469 2991 haec
491 2927 637 2992 nativum
660 2928 819 3012 quendam
842 2927 987 3013 leporem
1007 2927 1163 2993 orationis
1181 2950 1259 3011 prae
1283 2949 1317 2992 se
1340 2929 1423 2993 ferre
1445 2927 1624 3011 videantur,

389 3056 455 3118 quo
480 3035 536 3119 qui
557 3035 669 3121 legant
691 3057 757 3101 non
780 3035 907 3119 possint
929 3057 997 3099 non
1020 3034 1112 3098 valde
1140 3035 1302 3100 delectari.
1347 3033 1419 3111 Quo
1442 3035 1546 3120 magis
1569 3034 1625 3099 do-

388 3141 520 3205 lendum
539 3146 588 3206 est
605 3142 692 3206 hunc
709 3141 857 3207 libellum
877 3141 973 3207 unius
988 3140 1108 3206 codicis
1127 3140 1190 3205 fide
1208 3143 1271 3206 niti
1289 3164 1356 3207 non
1371 3141 1492 3226 optime
1511 3141 1626 3225 scripti

388 3248 446 3313 sed
460 3250 523 3313 iam
538 3248 747 3314 multifariam
760 3249 966 3313 librariorum
985 3248 1109 3313 incuria
1128 3248 1307 3331 depravati:
1326 3245 1463 3333 quorum
1480 3247 1624 3313 errorum

389 3354 507 3420 bonam
537 3361 663 3441 partem
693 3355 852 3420 indefessa
880 3355 1096 3438 plurimorum
1125 3355 1312 3421 criticorum
1342 3356 1450 3420 studia
1476 3377 1534 3440 per
1560 3355 1625 3419 tria

307 3517 311 3525 .
389 3463 516 3527 saecula
538 3465 573 3527 in
595 3463 683 3529 hunc
705 3462 851 3528 libellum
874 3463 992 3528 collata
1014 3462 1153 3528 feliciter
1177 3464 1389 3546 sustulerunt3
1420 3462 1477 3527 sed
1498 3466 1622 3527 restant

388 3591 454 3634 non
483 3570 528 3634 ita
557 3590 661 3655 pauca
690 3591 771 3654 quae
801 3573 858 3634 aut
886 3570 1031 3634 nondum
1062 3591 1121 3635 suo
1151 3569 1342 3634 emendandi
1368 3550 1624 3655 gencre'sanata

296 3741 298 3746 .
345 3680 464 3742 nsunt
486 3681 543 3742 aut
565 3676 647 3742 falso
670 3680 842 3760 temptata,
870 3699 943 3741 cum
970 3677 1098 3764 integra
1121 3677 1201 3762 sint,
1227 3677 1414 3761 interpretis
1437 3697 1553 3741 munus
1576 3698 1625 3740 re

389 3783 522 3867 quirunt
545 3806 609 3868 quo
633 3785 673 3849 ab
692 3783 810 3848 iniuria
834 3784 1027 3866 criticorum,
1051 3785 1080 3848 si
1098 3785 1170 3848 fieri
1187 3784 1300 3868 possit,
1322 3782 1533 3848 vindicentur.
1570 3782 1623 3848 Ex

388 3893 525 3974 utroque
548 3912 665 3977 genere
686 3890 748 3955 hac
770 3891 953 3956 reveniente
976 3890 1139 3956 scribendi
1160 3891 1351 3955 necessitate
1373 3889 1531 3954 nonnulla
1548 3912 1623 3974 pro-

387 4018 473 4062 mere
495 3998 671 4082 pauoisque
695 3998 873 4081 disceptare
896 3990 1055 4078 volumus,
1078 3996 1125 4062 ita
1146 3997 1219 4080 rati,
1241 4019 1336 4081 posse
1355 3997 1453 4062 etiam
1471 3997 1506 4060 in
1524 3995 1621 4061 huius

386 4105 513 4187 generis
532 4108 564 4168 et
583 4104 696 4170 aetatis
714 4104 799 4169 libro
819 4105 974 4187 exemplis
995 4103 1103 4169 doceri
1117 4103 1195 4186 quid
1210 4105 1362 4169 severitas
1375 4103 1622 4189 argumentandi

386 4214 499 4294 poscat
513 4214 569 4275 aut
582 4212 738 4297 repudiet,
753 4215 867 4276 etcum
882 4210 1016 4275 subinde
1030 4209 1154 4275 accidat
1168 4213 1205 4274 nt
1214 4212 1254 4275 ed
1263 4211 1360 4275 huius
1371 4210 1537 4294 scriptoris
1547 4232 1622 4276 con-

385 4317 588 4383 suetudinem
611 4317 833 4384 declarandam
856 4317 1049 4382 tuendamve
1071 4317 1169 4382 latius
1188 4339 1351 4403 vagemur,
1374 4318 1540 4403 continget
1558 4318 1623 4382 for-

385 4425 472 4488 tasse
495 4424 592 4489 etiam
616 4425 702 4489 ultra
724 4425 820 4491 huius
843 4424 946 4490 libelli
969 4422 1130 4490 cancellos
1153 4424 1239 4507 quod
1262 4423 1342 4488 utile
1366 4423 1409 4488 sit
1431 4424 1553 4490 afferre.

476 4548 497 4594 1.
528 4529 705 4616 incipimus
738 4536 858 4615 autem,
892 4530 1046 4615 quoniam
1079 4531 1223 4595 ordinem
1256 4529 1485 4614 disputationis
1511 4530 1658 4600 Minu-4

387 4636 496 4702 cianae
528 4638 705 4722 sequimur,
719 4662 756 4704 a
786 4638 961 4703 levioribus
996 4636 1119 4701 duabus
1156 4636 1408 4720 quaestionibus.
1453 4637 1539 4703 Leve
1570 4643 1621 4704 est

341 4769 372 4811 so
386 4744 472 4810 anim
500 4745 586 4830 quod
613 4744 648 4808 in
675 4744 727 4809 his
755 4745 860 4810 verbis
889 4767 971 4828 quae
999 4744 1034 4808 in
1062 4743 1193 4809 exordio
1222 4749 1298 4809 sunt
1328 4744 1485 4809 sermonis
1514 4742 1622 4810 Caeci-

385 4851 465 4916 liani
488 4874 513 4917 c.
535 4850 600 4936 5,2

247 5286 442 5384 A
