3967 5725
479 644 777 695 OBSERVATIONES
797 644 967 695 GRITIOAE
984 645 1025 694 IN
1044 644 1245 696 SOPHOCLIS
1263 643 1467 696 ELEOTRAM.
1527 641 1595 707 159

357 805 413 869 sed
442 805 498 889 qui
524 806 625 870 libero
655 807 774 889 animo,
806 827 872 869 non
900 806 1159 870 coniecturarum
1185 805 1320 869 libidine
1352 810 1505 890 corrupto
1532 806 1592 870 has

353 912 538 997 'tragoedias
564 914 753 997 perlustrat,
784 934 857 977 eum
884 933 951 976 non
977 915 1086 995 potest
1111 913 1300 997 praeterire,
1326 917 1438 996 poetas
1466 935 1532 978 non
1559 913 1593 978 id

356 1042 451 1105 agere
473 1024 511 1084 ut
536 1042 632 1104 quam
654 1020 841 1103 parcissime
865 1041 976 1083 sensus
1000 1023 1151 1103 promant
1171 1020 1227 1084 sed
1245 1025 1413 1084 venustam
1432 1020 1594 1105 quandam

355 1127 535 1191 ubertatem
566 1127 721 1211 loquendi
752 1127 880 1209 sectari,
913 1148 995 1211 quae
1022 1130 1060 1191 ut
1086 1149 1138 1191 res
1165 1130 1198 1191 et
1225 1148 1379 1210 personas
1409 1127 1519 1192 deceat
1545 1127 1593 1192 ita

356 1234 540 1299 auditorum
563 1255 656 1297 aures
680 1234 766 1298 dulci
789 1255 906 1297 sonore
929 1232 1135 1317 permulceat.

446 1341 476 1405 2.
507 1338 546 1405 In
569 1340 680 1405 eadem
704 1361 851 1405 sororum
875 1340 1122 1424 concertatione,
1144 1341 1179 1404 in
1202 1362 1240 1404 aa
1261 1345 1353 1425 parte
1372 1364 1436 1426 qua
1455 1338 1592 1425 Chryso-

356 1447 474 1513 themis
497 1448 537 1511 ab
557 1447 669 1512 audaci
687 1448 817 1531 incepto
836 1446 999 1513 Electram
1020 1446 1184 1512 dehortari
1202 1448 1250 1512 sic
1267 1452 1305 1511 ut
1322 1451 1431 1532 potest
1449 1453 1592 1532 conatur,

356 1555 430 1619 inde
454 1555 473 1619 a
494 1576 522 1618 v.
546 1554 631 1619 1003
655 1554 734 1619 haec
756 1554 917 1641 legrmtur.
1562 1583 1565 1588 ·

570 1662 631 1745 ὅρα
653 1672 761 1737 κακῶς
783 1662 969 1746 πράσσοντε
992 1664 1037 1745 μὴ
1059 1666 1156 1743 μειζω
1180 1663 1264 1726 κακά

569 1766 769 1853 κτησώμεθ’,
793 1774 827 1833 εἴ
845 1792 896 1845 τις
917 1767 1039 1833 τούσδ’
1061 1768 1239 1834 ἀκούσεται
1262 1772 1393 1853 λόγους.

319 1904 338 1960 5
440 1874 525 1941 1005
572 1876 644 1941 λύει
667 1876 730 1958 γάρ
754 1873 839 1959 ἡμᾶς
861 1871 963 1940 οὐδὲν
987 1874 1060 1941 οὐδ’
1087 1874 1253 1961 ἐπωφελεῖ

529 1991 531 1995 ’
570 1982 666 2067 βάξιν
688 1983 794 2064 καλὴν
817 1984 955 2064 λαβόντε
979 1984 1148 2059 δυσκλεῶς
1170 1989 1300 2047 θανεῖν.

570 2089 610 2154 οὐ
634 2089 698 2172 γάρ
721 2093 843 2153 θανεῖν
866 2084 1041 2171 ἔχθιστον,
1065 2088 1138 2153 ἀλλ’
1166 2089 1246 2154 ὅταν
1269 2096 1390 2155 θανεῖν

569 2193 697 2280 χρῄζων
720 2219 769 2271 τις
792 2186 862 2260 εἶτα
883 2192 967 2277 μηδὲ
992 2193 1079 2261 τοῦτ’
1107 2193 1165 2281 ἔχῃ
1189 2198 1313 2278 λαβεῖν.

354 2304 393 2370 In
407 2305 557 2369 extremis
572 2304 699 2367 duobus
713 2302 868 2387 versibus,
884 2301 1003 2386 quibus
1018 2301 1078 2366 Ad.
1087 2301 1256 2367 Michaelis
1272 2302 1461 2368 insanabilis
1475 2305 1594 2391 plagae·

354 2416 465 2477 notam
488 2410 648 2496 praefixit,
670 2410 774 2473 multa
796 2412 954 2491 temptata
977 2413 1053 2472 sunt
1077 2433 1095 2473 a
1118 2409 1232 2494 dochs,
1253 2409 1385 2475 fuemnt
1408 2414 1505 2476 etiam
1525 2412 1594 2496 qui,

356 2540 437 2603 quae
469 2521 518 2582 est
550 2516 727 2582 multorum
754 2516 850 2580 hodie
878 2515 952 2579 diva
981 2517 1166 2601 Πανάκεια,
1197 2516 1258 2580 hos
1287 2516 1367 2581 duos
1395 2539 1507 2583 versus
1536 2523 1592 2584 aut

356 2623 479 2713 solos*)
509 2628 564 2690 aut
592 2646 664 2687 cum
691 2623 839 2708 pluribus
869 2622 1021 2686 delendos
1045 2644 1115 2687 esse
1138 2623 1201 2687 sibi
1223 2624 1458 2709 persuaderent.
1501 2624 1590 2702 Quos

355 2754 479 2817 versus,
510 2732 545 2796 in
578 2730 694 2815 quibus
727 2730 918 2814 interpretes
950 2733 1079 2797 nostros
1111 2730 1167 2795 vix
1198 2730 1266 2794 ulla
1292 2735 1384 2817 parte
1412 2732 1590 2817 explevisse

354 2861 471 2905 munus
495 2861 588 2903 suum
612 2837 714 2922 dicae,
737 2838 815 2902 olim
837 2838 996 2922 interpres
1020 2834 1159 2902 Graecus
1183 2839 1229 2903 ita
1252 2838 1420 2925 explicuit,
1447 2839 1532 2906 nihil
1552 2844 1590 2905 ut

355 2947 569 3012 dubitationis
589 2967 756 3030 superesse
774 2944 929 3028 videatur,
949 2944 1025 3028 quin
1047 2948 1079 3008 et
1097 2949 1184 3010 recte
1203 2948 1236 3009 et
1254 2967 1312 3009 suo
1327 2946 1398 3010 loco
1413 2946 1498 3011 elata
1511 2947 1591 3013 haec

355 3055 513 3119 sententia
528 3054 578 3118 sit.
599 3052 662 3130 Qui
675 3054 815 3137 primum
831 3052 870 3116 ad
881 3048 999 3138 (1006)
1015 3052 1182 3129 δυσκλεῶς
1196 3059 1317 3117 θανεῖν
1330 3053 1409 3117 haec
1424 3055 1590 3119 adnotavit
1677 3071 1681 3117 3

355 3162 504 3227 ἐνταῦθα
529 3162 625 3245 δηλοῖ
647 3161 684 3226 τὸ
709 3157 777 3244 μετ’
801 3162 937 3243 αι’σχρᾶς
956 3160 1115 3244 τιμωρίας
1134 3159 1329 3224 ἀποθανεῖν.
1365 3158 1421 3224 καὶ
1434 3158 1589 3246 Ὅμηρος

355 3269 410 3353 ’μὴ
429 3269 496 3353 μὴν
514 3269 556 3351 δὴ
576 3273 715 3355 καθαρῷ
730 3267 867 3354 θανάτῳ
887 3264 951 3330 άπὸ
971 3267 1085 3350 θυμὸν
1104 3263 1260 3350 ἕλοίμην’.
1280 3265 1402 3332 Versus
1417 3289 1497 3351 quos
1512 3267 1595 3333 dicit

354 3373 514 3460 Odysseae
530 3371 723 3462 (11111462),
737 3373 855 3457 quibus
869 3373 1008 3437 refertur
1021 3371 1231 3438 Telemachus
1245 3374 1281 3437 in
1295 3373 1406 3458 δμωὰς
1420 3374 1593 3438 sceleratas

355 3483 505 3566 omnique
533 3503 638 3567 poena
666 3481 780 3566 dignas
805 3479 882 3564 quid
905 3479 1110 3544 constituerit
1133 3479 1271 3544 naillac
1294 3488 1432 3570 καθαρῷ
1452 3483 1588 3569 θανάτῳ

354 3587 458 3676 (mera
475 3587 593 3675 morte)
612 3589 756 3673 perirent
775 3587 830 3650 sed
849 3591 886 3650 ut
905 3587 1024 3651 dicitur
1041 3609 1071 3650 v.
1085 3587 1151 3650 472
1172 3586 1259 3663 ὅπως
1274 3593 1422 3652 οἴκτιστα
1435 3588 1587 3666 θάνοιεν,

354 3699 491 3779 possunt
517 3695 637 3760 indicio
660 3716 743 3779 esse,
771 3694 865 3777 quale
889 3715 991 3778 genus
1014 3693 1102 3758 necis
1127 3691 1371 3777 Chrysothemis
1394 3695 1455 3759 sibi
1481 3696 1589 3758 animo

353 3803 576 3867 informaverit
600 3823 672 3866 cum
696 3801 783 3865 dicat
805 3801 973 3877 δυσκλεῶς
990 3807 1121 3865 θανεῖν.
1158 3799 1246 3864 Haec
1265 3805 1371 3865 autem
1391 3824 1472 3886 quae
1492 3803 1590 3867 sentit

354 3931 418 3993 quo
442 3911 546 3994 magis
568 3910 603 3974 in
621 3910 693 3973 luce
711 3911 875 3992 ponantur
893 3908 1055 3972 subnectit
1072 3907 1130 3973 illa
1148 3909 1188 3973 οὐ
1208 3908 1272 3992 γάρ
1290 3914 1412 3973 θανεῖν
1430 3905 1591 3992 ἔχθιστον

353 4022 421 4081 κτλ.
452 4014 595 4092 Quorum
611 4016 803 4081 sententiam
818 4013 990 4080 scholiasta
1006 4013 1144 4080 Graecus
1158 4016 1192 4079 in
1206 4015 1292 4079 hunc
1305 4016 1436 4080 modum
1451 4015 1590 4080 reddidit

354 4121 472 4210 (1008)
506 4115 575 4188 εἶτα
605 4119 688 4208 μηδὲ
716 4119 806 4187 τοῦτ’
838 4117 910 4207 ἕχχμ
942 4121 984 4186 οὐ
1012 4122 1049 4185 τὸ
1077 4131 1138 4187 τοῦ
1166 4123 1319 4187 θανάτου
1347 4123 1461 4187 δεινόν
1487 4120 1590 4204 ἐστιν,

354 4228 424 4295 ἀλλ’
453 4229 533 4294 ὅταν
557 4229 733 4311 ἐπιθυμῶν
755 4253 806 4306 τις
829 4228 1031 4310 ἀποθανεῖν,
1059 4229 1142 4293 ὥστε
1165 4230 1223 4305 τὰς
1245 4229 1416 4314 παρούσας
1437 4229 1590 4304 κολάσεις

353 4334 529 4421 ἐκφυγεῖν,
557 4339 629 4402 τότε
657 4333 740 4421 μηδὲ
767 4336 889 4400 τούτου
917 4335 1009 4420 τύχῃ.
1042 4343 1178 4400 τοιαῦτα
1206 4332 1269 4402 οὖν
1292 4338 1477 4419 πεισόμεθα
1501 4329 1589 4400 ὧνὸ

353 4444 501 4519 θάνατος
531 4444 754 4528 αἱρετώτερος.
791 4441 879 4519 Quae
906 4440 1077 4525 perspicua
1104 4446 1179 4507 sunt
1206 4447 1240 4506 et
1266 4442 1353 4506 hunc
1379 4442 1587 4526 interpretem

352 4549 494 4634 probant
521 4571 558 4614 ea
586 4549 745 4633 explicare
773 4571 855 4633 quae
879 4549 1001 4632 scripta
1022 4551 1098 4613 sunt
1120 4549 1155 4612 in
1177 4548 1278 4614 libris.
1320 4547 1372 4612 Ab
1394 4548 1458 4613 hoc
1480 4552 1588 4612 autem

442 4725 509 4795 *18)
528 4724 609 4791 Quod
627 4743 651 4778 v.
669 4729 736 4778 1007
756 4725 787 4777 in
806 4723 902 4778 codice
916 4723 1107 4776 Laurentiano
1126 4721 1255 4789 omissus,
1273 4741 1291 4776 a
1305 4725 1459 4778 correctore
1474 4722 1591 4776 additus

354 4816 406 4880 est,
425 4813 504 4867 cuius
522 4813 564 4867 rei
583 4829 668 4867 causa
687 4813 807 4882 apparet
825 4812 934 4866 duobus
953 4811 1094 4866 continuis
1113 4810 1239 4866 versibus
1253 4812 1284 4864 in
1297 4812 1416 4866 candem
1430 4828 1526 4865 vocem
1541 4810 1591 4864 de·

353 4902 521 4969 sinentibus,
539 4902 606 4956 inde
626 4902 661 4956 dc
681 4902 789 4972 origine
809 4917 935 4954 versuum
957 4900 1088 4955 concludi
1106 4900 1179 4954 nihil
1197 4902 1300 4968 potest.

1606 1801 1638 1841 10·

1604 2872 1636 2913 20·

1603 3942 1634 3983 ω
1704 3908 1707 3919 .
