3967 5725
395 638 463 702 334
590 639 623 691 Ia
641 639 758 690 INDEX
775 637 990 690 LEOI'IONUM
1007 635 1355 706 BIBERNARUMfsess)
1360 637 1437 688 1900.
1485 654 1488 664 ·

396 805 453 868 aut
470 800 579 866 addita
596 821 675 866 voce
693 800 734 865 ad
752 799 998 866 sustentandum
1015 798 1200 884 genetivum
1214 803 1322 864 eontra
1336 797 1484 865 Pbitonis
1498 795 1632 885 (seaea-

395 906 489 994 tiam)
513 907 552 973 da
574 906 698 974 Halmii
721 907 875 993 opinione
898 908 1075 971 restituere.
1112 904 1164 968 Ex
1182 905 1233 970 his
1253 905 1340 989 quod
1358 903 1489 972 Halmio
1507 907 1632 989 placuit

395 1015 529 1080 liberius
547 1019 597 1080 est
615 1036 712 1099 quam
732 1015 820 1098 quod
836 1012 1006 1098 probetur,
1024 1011 1231 1076 verisimilius
1250 1012 1387 1077 alterum
1401 1018 1508 1077 coam
1522 1012 1631 1078 Philo·-

395 1123 462 1202 nia,
477 1123 565 1206 quod
579 1143 640 1187 usu
655 1122 837 1205 adiuvatur3
852 1120 898 1186 rio
912 1120 999 1185 euim
1014 1118 1126 1184 Cicero
1141 1118 1253 1184 scribit
1267 1117 1365 1186 Acad.
1377 1118 1466 1202 1131,
1477 1119 1518 1183 98
1534 1119 1631 1202 eapti·

395 1236 467 1295 eata
482 1235 545 1295 tota
560 1227 736 1296 Carneadis
748 1229 902 1293 sententia
914 1226 1087 1291 Antiochea
1100 1227 1163 1291 ista
1177 1231 1318 1290 manant
1330 1227 1494 1303 arnonem
1512 1226 1590 1291 ibid.
1604 1243 1631 1290 Η

396 1336 449 1416 36,
465 1335 529 1400 115
547 1336 602 1417 qai
619 1337 683 1400 ista
696 1333 869 1399 Antiochea
888 1334 1069 1411 contemnit,·
1088 1331 1127 1395 de
1145 1331 1315 1416 fin.16,ll
1335 1337 1416 1397 totns
1433 1338 1477 1398 ast
1489 1332 1630 1398 annas:

394 1442 591 1508 Democritea
618 1442 707 1525 dicit,
728 1453 890 1522 papaaea
917 1445 1059 1516 matans;
1087 1437 1164 1504 ibid.
1183 1457 1206 1502 v
1225 1438 1284 1524 28,
1303 1438 1346 1502 84
1373 1439 1499 1504 Mnmta
1522 1441 1629 1519 oratio,

394 1548 567 1627 Socratica,
600 1547 747 1613 Platonis
773 1549 887 1624 aan-
919 1567 956 1611 ao
983 1550 1098 1611 notum
1127 1548 1177 1610 est
1203 1546 1237 1611 in
1265 1545 1364 1611 simili
1392 1566 1507 1631 genere
1535 1567 1630 1631 saepe

395 1657 499 1721 solere
525 1655 684 1721 adiectiva
709 1677 769 1740 pro
797 1653 956 1740 genetivis
979 1653 1148 1718 nominum
1172 1654 1260 1737 poni.
1295 1650 1388 1718 Nihil
1413 1656 1534 1737 autem,
1561 1653 1630 1737 opi·-

355 1789 381 1830 1o
394 1784 519 1846 namur,
541 1762 702 1828 incautius
725 1765 795 1827 arat
811 1764 869 1825 aut
887 1759 1112 1845 inconsultius,
1135 1783 1231 1845 quam
1250 1759 1398 1827 Pbdomis
1416 1759 1520 1824 delere
1538 1759 1629 1842 velle,

395 1869 483 1954 quod
505 1870 533 1934 si
557 1869 713 1953 scriptum
735 1871 895 1934 nouerat
916 1890 936 1931 a
959 1865 1128 1952 Cicerone,
1152 1889 1208 1933 cur
1231 1866 1401 1932 adderetur
1423 1887 1518 1932 eausa
1539 1867 1630 1932 nulla

394 1980 471 2041 erat
511 1975 622 2061 Ipsum
646 1975 733 2059 quod
755 1974 910 2040 uadum
935 1978 984 2039 est
1007 1981 1115 2040 mactra
1134 1974 1280 2042 Philonis
1300 1973 1461 2057 pendente
1478 1974 1628 2059 genetivo

394 2104 490 2169 possa
511 2105 623 2148 verum
642 2103 720 2166 esse,
741 2081 935 2147 Muellerum
953 2081 1167 2168 intelligimus
1183 2102 1250 2145 non
1267 2083 1447 2164 reputass03
1471 2085 1503 2145 et
1520 2084 1628 2146 tamen

393 2190 480 2255 huno
502 2189 656 2274 loquendi
678 2189 810 2255 modum
829 2187 1013 2274 Madvigius
1036 2189 1101 2253 iam
1124 2209 1150 2251 a.
1172 2186 1233 2251 187
1236 2186 1257 2251 6
1281 2191 1314 2250 et
1335 2191 1409 2252 ante
1427 2187 1628 2275 Madvigium
1655 2233 1658 2239 -

394 2295 418 2361 Ι,
438 2296 471 2362 0.
492 2295 528 2362 G.
545 2297 670 2362 Bootae
689 2318 716 2360 a
736 2295 823 2360 1865
847 2295 1004 2379 exemplis
1028 2295 1124 2358 certis
1142 2293 1325 2377 probarunt.
1362 2292 1504 2370 Quorum
1522 2295 1576 2360 hic
1594 2297 1628 2360 in

394 2404 540 2489 epistolis
570 2403 610 2468 ad
637 2402 785 2468 Atticum
813 2423 833 2465 a
858 2422 894 2466 se
921 2401 1017 2467 editis
1044 2401 1085 2464 ad
1111 2417 1161 2464 ΧΠ
1184 2399 1281 2484 2³,2
1310 2421 1390 2482 qaae
1416 2407 1444 2467 te
1470 2404 1566 2467 etiam
1592 2423 1629 2468 ea

393 2510 578 2592 Apollodori
590 2516 667 2594 pato
679 2530 772 2593 posse
789 2510 930 2573 awende
948 2511 982 2573 at
999 2509 1142 2572 alterum
1155 2529 1195 2571 ex
1212 2506 1264 2572 his
1283 2507 1431 2593 epistolis
1446 2509 1627 2594 exemplum

393 2635 458 2682 xm
476 2617 529 2702 32,
547 2617 568 2682 3
591 2639 661 2682 mm
680 2617 768 2681 uideo
786 2617 822 2680 in
840 2615 972 2681 Libonis
983 2619 1169 2696 praetorem,
1193 2617 1226 2676 et
1244 2615 1306 2679 hoo
1323 2619 1471 2680 nostrum
1490 2616 1529 2681 de
1548 2615 1628 2682 Aca

394 2724 525 2791 demicis
544 2724 727 2808 adscripsit,
744 2721 930 2809 Madvigius
949 2724 1055 2786 autem
1073 2720 1167 2784 libris
1185 2719 1224 2784 de
1242 2719 1363 2786 finibus
1382 2724 1513 2788 tertium
1533 2722 1628 2788 editis

353 2862 380 2903 vo
393 2832 558 2917 complura
585 2832 650 2896 alia
676 2831 803 2915 praeter
829 2829 888 2895 illa
914 2830 978 2894 tria
1005 2827 1150 2915 collegit,
1177 2848 1250 2893 cum
1279 2828 1425 2895 adhaec
1454 2828 1492 2895 de
1518 2829 1572 2895 fin.
1591 2847 1628 2895 rv

392 2939 450 3023 25,
469 2938 512 3003 69
545 2961 583 3004 ea
614 2938 664 3004 las
695 2939 853 3020 ananaiis
878 2939 941 3002 ista
968 2940 1130 3001 enesaunt
1156 2936 1309 3000 amnne
1336 2957 1432 3019 qnam
1458 2937 1628 3017 Aristoma

391 3045 424 3110 h.
443 3068 468 3110 e.
495 3050 534 3110 ut
559 3048 791 3129 interpretatur
814 3043 834 3128 ἢ
858 3045 898 3109 τὰ
920 3052 981 3108 τοῦ
997 3042 1206 3128 Ἀρίστωνος,
1234 3042 1363 3107 afferret
1385 3042 1514 3109 Tuscul.
1532 3062 1556 3108 v
1575 3044 1628 3129 36,

394 3151 458 3216 105
481 3152 565 3217 mato
584 3153 669 3217 atim
690 3150 881 3217 Graemvum
899 3171 994 3232 qnam
1012 3154 1120 3215 nostra
1131 3150 1291 3231 proseria
1316 3150 1354 3215 de
1374 3149 1470 3217 divin.
1489 3150 1570 3235 126,
1583 3151 1626 3217 55

391 3256 1090 3341 sedqnideyotdraecoramineseioqao
1119 3256 1627 3340 modonaernayisnostrade-

391 3366 520 3442 ieotaaat;
551 3369 700 3430 nostrum
727 3362 809 3429 illud
836 3364 875 3429 de
902 3362 1052 3429 Academ.
1075 3368 1183 3427 eontm
1206 3362 1367 3444 Philonis,
1400 3366 1488 3449 quod
1516 3364 1627 3429 durius

392 3493 471 3555 esse,
492 3492 553 3536 nec
572 3476 681 3537 tamem
698 3475 786 3537 recte
804 3469 986 3536 addubitari
1006 3470 1130 3553 scribit3
1154 3472 1223 3533 tum
1242 3470 1386 3535 inlibris
1406 3472 1624 3559 significandis
1644 3487 1663 3543 a

392 3582 473 3643 orat.
493 3577 545 3662 70,
563 3577 628 3643 233
648 3600 705 3663 aaa
721 3599 809 3645 anne
826 3580 864 3644 de
880 3577 1016 3644 Grambi
1034 3578 1122 3660 apad
1135 3596 1271 3642 neocaes
1284 3578 1374 3660 iliad,
1393 3581 1485 3646 cuius
1498 3580 1627 3667 generis

391 3689 467 3750 sunt
490 3684 547 3750 illa
569 3685 633 3751 duo
656 3707 696 3751 ex
715 3686 860 3771 epistolis
879 3686 920 3749 ad
938 3684 1085 3749 Atticum
1105 3706 1124 3747 a
1141 3683 1248 3748 Booto
1267 3688 1386 3750 notata
1423 3686 1515 3752 Licet
1532 3708 1626 3771 quae-

391 3792 465 3857 dam
493 3792 679 3859 discrimina
705 3793 918 3875 intercedant,
946 3813 1028 3875 quae
1050 3791 1210 3855 neminem
1232 3790 1373 3877 fugient,
1400 3798 1505 3859 tamen
1530 3795 1565 3859 in
1587 3816 1625 3859 eo

351 3931 378 3973 ω
391 3902 579 3985 conspirant
600 3901 718 3984 omnia,
740 3904 778 3963 ut
798 3899 877 3983 quid
896 3896 1008 3964 Cicero
1026 3898 1060 3963 in
1079 3897 1136 3963 illo
1155 3896 1305 3963 liberiore
1323 3920 1384 3964 usu
1403 3901 1545 3986 genetivi
1563 3900 1626 3967 sibi

390 4008 573 4091 permiserit
594 4006 719 4091 liquido
742 4005 945 4091 patefaciant.
981 4004 1091 4088 Atque
1115 4006 1142 4069 is
1161 4026 1239 4069 usus
1258 4004 1292 4070 in
1311 4004 1403 4071 libris
1422 4006 1551 4094 quidam
1570 4030 1626 4073 no-

390 4114 498 4180 tandis
516 4115 614 4179 etiam
632 4113 731 4178 latius
748 4113 869 4197 patuit,
887 4110 977 4177 velut
996 4111 1081 4176 idem
1100 4132 1203 4198 genus
1222 4113 1407 4198 agnoscitur
1425 4114 1460 4179 in
1478 4113 1626 4198 hisquae

389 4221 542 4308 leguntur
566 4220 716 4287 Academ.
735 4236 762 4283 11
779 4219 918 4302 44,135
942 4219 1074 4301 tannae
1096 4238 1200 4285 omna
1224 4216 1389 4287 &anans
1410 4222 1520 4287 vetoris
1542 4222 1626 4287 Aa·

390 4327 502 4393 miei
529 4329 568 4393 de
593 4328 694 4404 tantm
721 4332 765 4391 est
789 4327 873 4391 mna
895 4346 960 4391 aon
981 4346 1129 4408 mmmm,
1156 4346 1263 4391 naam
1286 4328 1430 4394 ostreolns
1448 4377 1477 4393 ..
1497 4328 1624 4394 libellas.

390 4433 478 4511 Quae
502 4435 558 4519 qui
581 4434 682 4519 proba
704 4433 872 4518 taxaverit,
894 4432 1057 4519 intelliget
1075 4432 1232 4498 Varronis
1257 4455 1338 4517 quae
1363 4438 1439 4500 sunt
1457 4434 1496 4499 de
1513 4434 1626 4520 lingua

388 4541 506 4607 Latina
521 4559 570 4605 ax
594 4543 627 4626 l,
659 4541 695 4605 in
725 4539 914 4605 Florentino
945 4539 1055 4605 codice
1088 4539 1134 4604 sic
1165 4540 1345 4625 perscripta
1373 4540 1481 4607 Grates
1512 4541 1626 4607 nobilis

386 4650 625 4732 mammatae,
652 4649 707 4730 qai
726 4648 827 4729 fretas
849 4645 1037 4730 Quippe,
1059 4646 1182 4713 bomine
1204 4648 1397 4732 acidissimo,
1423 4650 1479 4731 qai
1500 4648 1626 4731 reliquit

388 4753 464 4840 περὶ
492 4754 695 4839 ἀνωμαλίας,
721 4756 773 4820 iei
800 4751 882 4841 (sive
909 4752 964 4839 lei)
991 4753 1085 4819 libri
1107 4758 1215 4819 contra
1237 4754 1409 4839 maaian
1432 4760 1522 4838 atque
1546 4754 1625 4821 Ari·

387 4861 545 4927 aunon
565 4866 610 4928 eet
625 4863 730 4939 amas,
755 4858 944 4945 Spengelios
961 4880 1030 4924 non
1046 4863 1133 4924 recte
1151 4862 1316 4945 tractasse,
1339 4883 1410 4927 oum
1429 4862 1475 4927 ita
1494 4862 1625 4927 aderent
