3967 5725
413 621 476 685 118
607 624 732 676 XXXIX.
752 624 867 675 INDEX
886 623 1100 675 LEOTIONUM
1118 623 1351 675 AESTIVARUM
1370 626 1447 676 1894.

545 792 573 850 et
600 785 770 849 nonnullas
798 785 835 850 de
867 787 1068 850 matrimonio
1103 786 1303 850 maliermlas
1329 786 1398 849 sine
1425 806 1509 852 mere
1536 786 1648 866 rapuit

459 891 501 955 10
545 892 675 957 uiolauit
696 892 808 957 inlusit
830 898 859 956 et
881 912 950 956 eam
968 913 1078 957 earnm
1094 892 1289 973 parentibus,
1315 892 1353 956 id
1374 898 1419 955 est
1440 912 1511 961 cam
1532 892 1646 956 soceris

543 1001 622 1077 sais,
654 999 766 1064 belhem
798 1000 934 1078 miscuit,
961 1001 1177 1081 propinquam
1206 1000 1392 1082 sanquinem
1416 999 1511 1080 fudit.
1561 998 1647 1079 Qaid

543 1106 763 1189 irreliaiesins,
795 1106 873 1187 qnid
904 1107 1070 1183 andamns,
1101 1106 1180 1187 qaid
1212 1108 1282 1188 ipsa
1308 1106 1430 1170 sceleris
1456 1104 1647 1186 confidentia

545 1211 665 1279 tatius?

409 1318 498 1383 Haec
521 1319 730 1385 exscribenda
752 1324 844 1384 erant
866 1324 904 1383 ut
926 1320 1063 1385 iudicari
1085 1324 1196 1404 posset
1220 1319 1258 1383 de
1281 1322 1425 1383 extrema
1448 1339 1535 1403 voce,
1563 1339 1646 1401 quae

409 1430 459 1490 est
489 1428 602 1503 tntins;
634 1448 716 1511 quae
745 1426 966 1511 compluribus
995 1427 1145 1511 deinceps
1172 1424 1351 1491 editoribus
1380 1446 1515 1511 magnae
1547 1424 1646 1489 offen-

409 1533 494 1597 sioni
518 1533 582 1597 fuit
606 1555 765 1617 quamque
783 1534 892 1617 variis,
915 1537 952 1597 ut
970 1534 1017 1617 fit,
1041 1534 1232 1598 commentis
1251 1534 1412 1618 corrigere
1430 1535 1645 1615 temptarunt:

408 1642 553 1719 atracias,
577 1640 708 1722 tarpins,
732 1642 869 1719 taeteim,
893 1643 1037 1725 astutias,
1061 1641 1317 1706 coniecturarum
1341 1661 1433 1725 seges
1458 1641 1507 1704 est
1530 1639 1564 1703 in
1582 1638 1646 1704 hoc

368 1774 394 1813 ro
408 1745 509 1811 fundo
533 1750 691 1811 natarum.
728 1746 873 1823 Quorum
899 1750 1008 1812 tomen
1030 1747 1114 1811 nihil
1137 1751 1194 1829 est,
1219 1746 1305 1831 quod
1328 1768 1367 1810 ex
1390 1729 1462 1830 ipsa
1485 1746 1646 1810 sententia

408 1853 533 1936 aliquid
555 1853 748 1918 firmamenti
771 1856 990 1940 nanciscatu13
1014 1877 1089 1918 nam
1111 1854 1164 1918 his
1187 1853 1341 1938 epithetis
1364 1873 1437 1918 cum
1455 1853 1645 1935 confidentia

407 1960 530 2026 sceleris
553 1959 636 2025 nihil
659 1982 728 2027 esse
752 1962 989 2031 communionis
1014 1965 1154 2048 apparet.
1192 1959 1255 2036 Qui
1278 1982 1354 2025 vero
1383 1960 1575 2025 sententiam
1599 1960 1646 2024 in·

376 2116 378 2121 .
408 2067 529 2132 tentius
547 2070 722 2152 perspiciet
741 2090 778 2133 ec
795 2067 1035 2153 pertemptabit‚
1053 2068 1144 2133 nullo
1163 2069 1296 2153 negotio
1315 2068 1497 2153 intelligere
1515 2066 1645 2150 poterit,

408 2174 450 2237 ad
474 2175 596 2241 sceleris
618 2176 839 2259 confidentiam
862 2178 937 2260 apte
961 2176 1075 2240 referri
1097 2198 1163 2240 non
1186 2196 1283 2258 posse
1306 2175 1370 2239 nisi
1392 2196 1507 2258 unum,
1534 2174 1644 2237 talias:

409 2283 529 2366 quippe
557 2283 662 2347 scelus
685 2283 792 2367 ipsum
814 2288 914 2346 tntum
939 2282 1071 2345 reddere
1098 2281 1291 2346 confidentia
1320 2280 1450 2346 sceleris
1477 2282 1568 2345 solet.
1606 2278 1645 2344 ln

407 2386 492 2452 hanc
519 2390 712 2453 sententiam
741 2386 921 2472 Cyprianus
951 2388 1066 2453 scribit
1094 2387 1135 2451 ad
1157 2387 1400 2453 Demetrianum
1424 2410 1450 2452 e.
1472 2388 1510 2451 11
1537 2385 1645 2474 (vol.1

407 2518 438 2579 p.
458 2494 523 2559 358
543 2493 651 2581 Hert.)
673 2497 708 2559 in
727 2495 901 2560 latronibus
919 2502 963 2559 est
980 2502 1143 2577 atcumque
1160 2495 1270 2576 aliana
1287 2495 1434 2560 scelerum
1452 2495 1645 2577 emmandia,

408 2604 502 2666 arias
521 2603 629 2683 fames
651 2608 679 2665 et
701 2602 838 2666 inertas
860 2603 1045 2667 solitudines
1068 2602 1214 2684 dilipant
1237 2608 1265 2666 et
1286 2604 1332 2666 sie
1354 2602 1421 2666 illie
1444 2602 1645 2683 deliranitm,

406 2715 444 2773 at
470 2715 575 2773 tamen
605 2709 850 2789 delinquentiam
870 2710 1000 2790 faeiems
1022 2708 1154 2773 tenebris
1176 2714 1204 2773 et
1226 2715 1311 2774 nocte
1332 2709 1455 2773 aeletm
1494 2708 1646 2776 Avaritia

367 2816 517 2899 ropalam
543 2815 642 2881 saevit
669 2821 697 2880 et
723 2817 795 2897 ipsa
818 2816 957 2881 andacia
979 2836 1039 2880 sna
1062 2820 1129 2881 tata
1152 2816 1188 2880 in
1209 2817 1275 2898 fari
1297 2816 1363 2881 lnce
1385 2815 1537 2898 abreptae
1559 2818 1646 2898 capi-

407 2925 517 2988 ditatis
544 2945 638 2988 arma
662 2925 830 3005 prcstdnit.
873 2921 943 2987 Nec
972 2924 1165 2986 vetustiores
1191 2944 1259 2988 non
1287 2923 1406 2987 similia
1436 2924 1565 3007 saepius
1592 2945 1646 2987 ex·

407 3035 608 3116 pressenmt,
640 3030 729 3095 velut
757 3030 842 3115 apud
871 3029 1024 3095 Senecam
1052 3030 1087 3092 in
1118 3028 1360 3114 Agamemnone
1389 3027 1646 3114 Clytaemnestra

407 3139 455 3201 ita
480 3159 588 3202 secum
614 3134 888 3224 deliberatum)

592 3246 635 3309 da
655 3244 749 3325 frena
772 3249 801 3308 et
822 3264 944 3309 omnem
964 3264 1070 3325 praem
1094 3245 1268 3324 nequitiam
1291 3245 1407 3308 imita:

586 3372 645 3433 per
667 3351 781 3416 seelera
803 3371 923 3432 semper
944 3349 1108 3414 sceleritas
1132 3355 1233 3414 tatnm
1255 3357 1299 3416 est
1321 3352 1389 3435 iter,

408 3462 441 3522 ct
465 3457 638 3522 Sallustius
662 3480 734 3523 cum
757 3459 793 3522 in
815 3456 974 3543 Iugurtha
998 3479 1023 3522 c.
1042 3456 1096 3540 31,
1120 3457 1161 3520 13
1179 3479 1261 3540 pars
1283 3478 1387 3522 earam
1415 3458 1562 3522 amidisse
1588 3459 1647 3522 tri-

408 3566 505 3631 bnnos
521 3565 632 3647 plebis,
656 3565 717 3629 alii
738 3566 932 3647 questiones
950 3565 1094 3643 iniustas,
1111 3565 1256 3646 plenam
1273 3564 1395 3628 medem
1414 3566 1454 3632 in
1468 3585 1521 3629 aas
1537 3564 1647 3645 fecisse

402 3693 464 3756 pra
484 3675 675 3738 munimenta
693 3672 820 3736 labent:
844 3673 891 3736 ita
909 3693 1006 3752 qnam
1023 3673 1152 3752 annone
1168 3672 1303 3753 passim
1322 3671 1398 3751 fecit
1418 3675 1485 3735 tam
1507 3672 1646 3736 nmeime

408 3786 492 3845 tntns
519 3786 580 3857 est;
608 3783 678 3844 tum
707 3779 742 3844 in
769 3778 916 3843 orations
939 3777 1054 3862 Lepidi
1078 3774 1129 3864 (6)
1157 3777 1237 3842 haec
1265 3775 1303 3841 de
1330 3773 1421 3841 Sulla
1447 3777 1539 3842 dicit:
1566 3779 1645 3859 quin

367 3914 395 3953 eo
408 3888 495 3952 solas
517 3889 659 3952 amninm
675 3893 748 3968 post
771 3887 953 3950 nmmariam
976 3885 1111 3949 lamani
1130 3885 1252 3966 pencris
1273 3883 1431 3966 supplicia
1449 3885 1485 3947 in
1500 3891 1575 3965 past
1594 3886 1646 3966 fn

409 4001 495 4059 tmos
513 3996 691 4077 compesuit,
709 3995 780 4076 anis
793 3994 889 4075 prins
908 3993 1032 4056 ininria
1049 4012 1145 4072 qaam
1163 3991 1229 4054 cita
1247 3995 1330 4054 eerta
1343 3995 1426 4069 esset,
1443 3992 1646 4072 pravissime·

409 4121 466 4182 qne
482 4122 543 4182 per
565 4101 687 4166 sceleris
710 4101 941 4165 immanitatem
964 4099 1068 4162 adine
1089 4101 1174 4161 tatas
1192 4098 1265 4178 fnit,
1294 4097 1370 4160 elam
1392 4117 1445 4161 vos
1467 4103 1550 4162 maa
1570 4118 1645 4180 ara-

409 4209 507 4272 aieris
529 4209 650 4272 semitii
672 4229 694 4272 a
716 4207 881 4289 tendenda
904 4206 1043 4270 libertate
1065 4204 1241 4280 terremini;
1265 4207 1297 4268 et
1320 4203 1355 4267 in
1377 4204 1522 4268 oratione
1541 4203 1645 4282 Macri

409 4317 449 4378 tr.
464 4313 507 4398 pl.
523 4311 596 4401 (13)
610 4335 693 4378 nnnc
716 4315 861 4379 animam
884 4313 1041 4376 aduertere
1064 4316 1092 4375 et
1113 4311 1179 4374 nisi
1201 4311 1345 4389 viceritis,
1368 4313 1518 4392 qnoniam
1531 4309 1646 4376 'omnis

409 4421 533 4487 ininria
557 4421 712 4502 monitate
738 4421 834 4485 tntior
861 4426 920 4497 est,
949 4420 1052 4483 aetius
1079 4416 1239 4482 habebant.
1276 4415 1338 4480 Vel
1362 4417 1441 4482 talla
1464 4419 1558 4501 quale
1581 4418 1645 4482 hoc

409 4533 459 4590 est
482 4525 568 4610 apud
586 4525 713 4590 Livium
738 4523 824 4613 (xxv
839 4526 891 4610 38,
908 4523 963 4612 18)
987 4527 1051 4590 sne
1074 4525 1183 4589 andan
1205 4525 1306 4588 videri
1327 4524 1510 4601 consiliam
1532 4527 1586 4589 sed
1607 4526 1646 4589 in

407 4633 499 4698 retus
521 4634 642 4714 asperis
663 4638 692 4696 et
713 4635 799 4698 lenm
820 4653 874 4714 spe
888 4633 1066 4714 fortissima
1083 4652 1219 4713 alaeam
1236 4631 1369 4696 amicilia
1387 4633 1545 4696 tutissima
1562 4636 1644 4709 sant,

408 4738 450 4804 ad
474 4737 699 4804 declarandum
723 4738 849 4802 dicendi
872 4759 983 4824 genus,
1007 4738 1046 4802 de
1069 4758 1133 4821 quo
1158 4739 1292 4821 agimus,
1315 4759 1382 4802 non
1404 4737 1534 4801 inutilia
1557 4740 1648 4802 sunt:

408 4845 473 4912 Sed
497 4846 575 4932 quid
597 4867 657 4910 nos
682 4845 806 4910 aliena?
842 4844 1004 4910 Minucius
1027 4846 1097 4928 ipse
1120 4844 1183 4908 sibi
1207 4844 1351 4909 subsidio
1376 4848 1434 4926 est,
1463 4844 1519 4928 qui
1542 4844 1642 4929 paulo

437 5258 553 5394 k
