3967 5725
477 676 528 726 DE
547 676 757 728 PRAEOEPTO
778 676 933 739 QUODAM
951 677 1120 727 ANONYMI
1138 674 1226 727 ΠΕΡΙ
1242 674 1460 729 mumulus.
1526 677 1594 741 559

323 842 341 898 4
361 837 527 902 induceret
550 858 608 899 sua
630 838 721 921 loqui
745 836 881 902 dialecto
904 837 1038 920 iuberet,
1065 839 1156 902 velut
1178 835 1412 921 Aristophanes
1436 838 1594 906 Boeotum

357 945 391 1009 in
415 943 687 1026 Achemensibus,
712 942 865 1027 Scytham
889 945 924 1008 in
947 944 1304 1029 Thesmophoriazusis,
1328 943 1503 1029 Spartanae
1526 970 1594 1011 mu-

357 1050 451 1115 lieres
475 1051 509 1115 in
531 1050 712 1134 Lysistrata
735 1072 792 1115 sua
816 1073 974 1135 quemque
997 1050 1111 1136 lingua
1135 1052 1232 1116 verba
1255 1052 1360 1116 facere
1383 1052 1496 1118 voluit.
1530 1052 1594 1119 Sed

356 1157 496 1242 hospitis
521 1158 675 1242 quoniam
698 1157 733 1221 in
752 1158 857 1223 uerbis
877 1159 1007 1242 scriptis
1025 1159 1147 1224 mentio
1166 1159 1256 1223 nulla
1274 1161 1332 1241 est,
1356 1181 1395 1223 ex
1418 1160 1478 1225 hac
1500 1164 1593 1245 parte

357 1264 495 1329 violatae
524 1264 704 1351 integritati
733 1266 911 1329 sententiae
935 1266 1189 1329 subveniendum
1217 1286 1286 1329 esse
1308 1266 1505 1350 Bemaysius
1529 1268 1592 1333 sibi

356 1370 524 1456 persuasit.
558 1369 620 1447 Qui
636 1370 722 1454 quod
739 1370 801 1435 hac
820 1370 981 1455 scriptura
1000 1393 1097 1454 quam
1115 1372 1287 1457 proposuit
1305 1377 1338 1437 et
1357 1374 1593 1440 commendavit

492 1479 543 1542 det
560 1479 620 1543 τὸν
639 1478 879 1565 κωμῳδοποιὸν
897 1478 958 1561 τὴν
976 1477 1118 1562 πάτριον
1137 1478 1242 1543 αὑτοῦ
1262 1484 1417 1561 γλῶσσαν
1436 1493 1506 1558 τοῖς
1522 1484 1591 1559 (111-

358 1690 514 1756 desiderio
535 1691 685 1756 satisfieri
703 1690 840 1775 putavit,
864 1692 1056 1756 sententiam
1081 1692 1211 1776 quidem
1234 1694 1386 1775 restituit,
1410 1701 1507 1779 quam
1525 1719 1591 1761 non

357 1799 462 1882 possis
489 1820 556 1863 non
582 1798 718 1882 probam
742 1798 874 1881 habere,
902 1798 958 1861 sed
980 1798 1125 1863 restituit
1147 1800 1296 1865 remediis
1318 1801 1486 1887 adhibitis,
1511 1826 1592 1888 quae
1610 1829 1634 1869 ιο

356 1906 531 1971 verendum
555 1909 666 1969 estne
689 1906 763 1989 plus
787 1904 894 1969 damni
918 1927 1014 1989 quam
1037 1906 1150 1970 salutis
1174 1906 1349 1972 attulerint.
1381 1907 1483 1985 Quam
1507 1911 1592 1974 enim

357 2011 526 2096 probabile
554 2034 623 2077 1111
652 2012 787 2078 dicimus
816 2033 869 2075 eas
896 2012 1105 2095 potissimum
1128 2010 1593 2102 1οο11(αὐτῷέκείνῳ)111-

356 2120 501 2203 ruptelae
525 2120 627 2205 argui,
652 2141 730 2204 quas
755 2140 812 2183 sua
830 2118 1027 2203 integritatis
1047 2120 1152 2203 specie
1170 2124 1278 2183 111111
1296 2121 1405 2185 credas
1429 2144 1468 2186 ne
1488 2144 1592 2188 emen·

358 2225 462 2290 dando
496 2226 698 2312 attingantur
730 2229 785 2289 eut
818 2248 914 2309 quam
944 2224 1097 2291 credibile
1124 2248 1194 2290 esse
1224 2248 1306 2309 quae
1336 2228 1466 2293 refinxit
1495 2230 1593 2295 verba

359 2330 461 2420 (αὐτῷ
485 2340 530 2419 τῷ
549 2329 645 2419 ξένῳ)
665 2354 818 2416 umquam
838 2332 1007 2409 scribentis
1026 2332 1106 2398 vitio
1126 2333 1244 2398 abiisse
1262 2334 1297 2399 in
1316 2356 1353 2397 ea
1372 2357 1453 2419 quae
1472 2337 1592 2403 codicis

357 2438 420 2502 fide
449 2440 717 2504 circumferuntur
745 2437 849 2526 (αὐτῷ
877 2435 1018 2527 ἐκείνῳ).
1062 2438 1124 2503 Sed
1152 2462 1262 2506 earum
1290 2465 1397 2507 rerum
1427 2443 1482 2507 ille
1509 2443 1592 2508 nihil

359 2546 586 2627 consideravit,
615 2546 801 2611 criticorum
830 2567 932 2629 more,
961 2547 1017 2630 qui
1046 2549 1189 2612 contenti
1218 2549 1473 2634 quoviscumque
1495 2552 1592 2617 modo

356 2654 491 2718 mutatis
518 2653 636 2717 litteris
665 2652 788 2737 aliquid
816 2655 995 2719 sententiae
1026 2656 1189 2738 peperisse
1215 2656 1341 2740 reliqua
1372 2678 1437 2722 non
1470 2664 1590 2724 curant.

445 2759 560 2844 ltaque
588 2782 653 2824 non
682 2761 800 2826 iniuria
826 2760 921 2825 nobis
944 2761 1092 2826 ridemur
1120 2762 1198 2827 olim
1223 2765 1369 2847 quamvis
1392 2765 1592 2849 perbreviter

357 2889 560 2953 memorasse,
584 2868 708 2934 irritam
731 2890 801 2935 esse
824 2870 857 2934 in
882 2870 1043 2933 sententia
1061 2870 1148 2936 iusta
1164 2869 1333 2956 Bemaysii
1358 2874 1592 2958 opinationem:
1606 2899 1635 2939 ro

356 2995 416 3039 nec
444 2976 529 3040 enim
558 2977 671 3052 ἄλλοις
699 2976 879 3041 addendum
907 2977 1008 3042 fuisse
1037 2978 1124 3062 quod
1151 2978 1288 3057 addidit,
1312 3001 1371 3044 nec
1394 3003 1470 3045 vero
1494 2982 1593 3047 verbe

357 3081 447 3171 αὐτῷ
462 3082 577 3170 ἐκείνῳ
591 3083 698 3148 labem
711 3084 856 3164 traxisse,
876 3083 932 3148 sed
950 3105 987 3148 ea
1006 3106 1071 3168 quo
1090 3085 1286 3150 referrentur
1302 3088 1337 3150 in
1355 3089 1505 3154 mutilata
1523 3111 1592 3154 ora-

357 3189 444 3254 tione
463 3189 604 3272 periisse.
630 3189 712 3253 Eam
727 3193 834 3253 autem
850 3190 947 3254 licere
966 3192 1001 3254 in
1019 3190 1107 3256 hunc
1123 3191 1191 3256 fere
1210 3193 1340 3257 modum
1358 3194 1590 3279 redintegrare:

490 3302 555 3360 Δεῖ
568 3296 628 3360 τὸν
640 3297 954 3383 κωμῳδοποιὸν-τὴν
967 3297 1110 3380 πάτριον
1121 3299 1226 3363 αὑτοῦ
1239 3303 1394 3380 γλῶσσαν
1406 3311 1476 3377 τοῖς
1489 3320 1591 3382 προσ-

491 3403 595 3477 ώποις
618 3401 836 3484 περιτιθέναι,
862 3408 919 3490 (τῷ
939 3399 976 3467 δὲ
998 3401 1080 3490 ξένῳ
1100 3403 1311 3481 ἀποδιδόναι)
1332 3407 1394 3488 τὴν
1412 3404 1591 3490 ἐπιχώριον

490 3509 580 3594 αὐτῷ
604 3506 729 3594 ἐκείνῳ.

446 3613 522 3678 Non
544 3615 762 3698 persuasimus
781 3615 940 3699 Kaibelio,
960 3615 1015 3698 qui
1040 3617 1117 3700 quid
1141 3617 1235 3701 probi
1258 3623 1314 3683 aut
1336 3620 1505 3704 probabile
1527 3621 1591 3686 ista

356 3720 473 3785 habeat
502 3723 604 3785 oratio
633 3743 698 3786 non
725 3722 937 3808 perspiciens,
961 3744 1057 3805 quam
1082 3723 1249 3807 paululum
1272 3726 1449 3791 inflectenti
1471 3727 1590 3793 licebat

356 3809 500 3892 invenire
518 3849 639 3911 verum,
662 3829 830 3914 Berneysii
853 3829 1012 3894 rationem
1035 3835 1147 3895 nostra
1169 3833 1328 3916 potiorem
1352 3855 1420 3898 esse
1439 3834 1590 3918 affirmet,

357 3935 448 3999 cuius
471 3935 609 4021 vestigia
631 3935 782 4001 insistens
805 3936 901 4001 huius
924 3936 1012 4001 modi
1031 3938 1319 4004 conformationem
1343 3941 1519 4006 sententiae
1542 3963 1590 4006 re
1603 3971 1633 4011 ro

357 4041 457 4125 quirit
479 4039 572 4128 (talia
595 4041 680 4107 enim
704 4043 805 4107 oculis
824 4046 861 4107 ut
879 4047 965 4109 recte
984 4044 1193 4110 aestimentur
1210 4046 1409 4112 subiicienda
1427 4045 1517 4135 sunt)

491 4154 554 4214 Δεῖ
567 4149 628 4213 τὸν
642 4151 881 4237 κωμῳδοποιὸν
900 4153 961 4234 τὴν
979 4149 1122 4234 πάτριον
1136 4153 1240 4217 αὑτοῦ
1253 4159 1409 4236 γλῶσσαν
1423 4168 1493 4231 τοῖς
1508 4155 1589 4234 (ἑπι-

489 4258 634 4340 χωρίοις)
655 4257 845 4341 προσώποις
863 4256 1082 4340 περιτιθέναι,
1106 4259 1166 4341 τὴν
1190 4256 1227 4324 δὲ
1247 4259 1426 4344 ἐπιχώριον
1449 4260 1590 4327 ἑκάστου

488 4371 534 4451 τῷ
558 4361 650 4452 ξένῳ,

356 4492 452 4554 quam
477 4473 510 4536 in
533 4492 648 4535 comm.
669 4469 812 4557 Gotting.
837 4469 882 4556 (p.
897 4469 955 4558 59)
974 4474 1145 4555 proposuit
1164 4477 1198 4537 et
1215 4474 1250 4537 in
1269 4471 1474 4539 Comicorum
1494 4473 1590 4540 Grae-

301 4585 307 4597 ·
355 4598 466 4640 corum
489 4577 681 4662 fragmentis
704 4575 767 4642 111.
786 4595 799 4641 1
822 4579 897 4643 fasc.
918 4578 935 4641 1
960 4601 990 4661 p.
1005 4576 1050 4643 52
1073 4579 1215 4664 repetiit,
1242 4580 1304 4644 nisi
1330 4580 1418 4663 quod
1441 4581 1588 4647 additum

355 4681 542 4768 ἐπιχωρίοις
556 4683 748 4749 vocabulum
768 4689 881 4768 postea
897 4684 1122 4768 praetermisit.
1145 4684 1190 4750 Et
1208 4690 1294 4752 certe
1307 4686 1371 4779 lroc
1382 4687 1475 4771 peius
1490 4688 1587 4754 etiam

355 4811 452 4873 quam
480 4790 698 4874 aBernaysio
727 4792 841 4867 ἄλλοις
868 4791 943 4856 addi
970 4793 1162 4873 προσώποις
1188 4785 1324 4858 11111111
1362 4793 1477 4879 Neque
1500 4796 1585 4861 enim

355 4901 423 4962 erat
451 4897 537 4981 quod
566 4918 603 4961 ea
630 4897 794 4963 definitius
821 4897 1079 4983 designarentur,
1107 4899 1163 4963 sed
1190 4899 1230 4964 ab
1253 4901 1404 4966 universa
1426 4903 1588 4968 sententia
