3967 5725
505 622 557 672 DE
575 621 674 672 VOOE
693 620 958 673 CONTROVERSA
974 622 1015 672 IN
1032 621 1210 673 PLATONIS
1227 621 1435 674 PHAEDONE.
1523 619 1586 685 207

353 781 419 848 ἀπὸ
447 791 508 847 τοῦ
536 782 597 867 ῥῶ,
625 776 667 848 οὗ
695 783 713 849 ὁ
741 781 872 867 μέλλων
897 782 988 868 ῥάσω
1012 781 1056 860 ὣς
1079 783 1207 868 δράσω,
1235 783 1334 867 ρατὸς
1356 781 1412 848 καὶ
1435 784 1589 868 άρρατος,

351 894 550 978 πλεονασμῷ
573 899 633 955 τοῦ
662 889 691 973 ῤ.
709 891 894 967 Μεθόδιος.
936 889 1059 966 Quodsi
1087 891 1121 955 in
1145 890 1198 955 his
1222 890 1394 974 postremis
1416 890 1588 976 veriloquii

352 995 534 1081 explicandi
553 998 727 1069 ¹conamina
749 1001 782 1061 et
799 999 947 1082 ἄρρατον
965 1009 1039 1062 cu'm
1058 997 1189 1086 ἀρρήτῳ
1209 997 1378 1063 confusum
1398 998 1588 1080 omittimus,

352 1125 546 1187 quamquam
566 1105 600 1167 in
618 1102 669 1167 his
688 1107 797 1169 tamen
814 1104 949 1169 redeunt
967 1126 1049 1189 quae
1068 1108 1145 1169 sunt
1158 1104 1243 1189 apud
1258 1105 1437 1188 superiores
1453 1106 1588 1190 ἰσχυρὸς

352 1211 373 1294 ἢ
396 1211 604 1294 δυσκίνητος,
628 1211 751 1295 reliqua
775 1211 883 1276 omnia
901 1212 1036 1276 candem
1053 1232 1129 1295 prae
1148 1232 1183 1275 se
1200 1212 1283 1276 ferre
1303 1211 1462 1297 originem
1480 1211 1588 1278 viden·

352 1321 407 1380 tur
429 1338 534 1401 neque
552 1317 594 1382 ad
610 1317 685 1402 plus
705 1338 801 1401 quam
822 1318 885 1383 duo
903 1319 992 1383 locos
1012 1318 1197 1382 Platonicos
1217 1339 1297 1402 quos
1317 1318 1455 1384 diximus
1475 1319 1587 1386 redire.

442 1422 506 1488 Sed
523 1423 685 1489 Usenerus
709 1424 806 1489 etiam
829 1427 933 1510 ipsam
956 1425 1094 1489 formam
1117 1425 1268 1508 nominis,
1292 1447 1387 1510 quam
1405 1425 1534 1490 Platoni
1553 1428 1586 1492 in

353 1529 525 1596 Phaedone
547 1531 741 1596 reddendam
765 1532 899 1617 censuit,
921 1553 990 1598 non
1007 1532 1203 1618 singularem
1223 1553 1291 1598 esse
1311 1532 1365 1598 sed
1385 1533 1483 1598 semel
1503 1537 1587 1599 certe

352 1642 517 1722 practerea
544 1642 671 1703 exstare
698 1639 842 1704 credidit.
879 1637 933 1704 sio
960 1639 1046 1704 enim
1072 1639 1233 1725 legentem
1261 1641 1385 1726 relegat
1412 1641 1452 1704 ad
1476 1637 1587 1705 Iaoobi

352 1744 520 1829 Bernaysii
542 1746 698 1829 opuscula
715 1742 744 1832 (1
764 1744 852 1833 132),
875 1751 911 1811 ut
929 1768 995 1811 nou
1013 1747 1117 1831 possit
1135 1767 1201 1810 non
1221 1746 1431 1831 comprobare
1450 1768 1514 1831 qua
1533 1746 1588 1812 ille
1602 1771 1628 1814 ιο

353 1850 549 1916 divinatione
576 1874 654 1916 usus
682 1853 815 1917 eandem
841 1875 954 1918 vocem
980 1851 1151 1917 Aristoteli
1178 1853 1362 1918 vindicavit.
1399 1850 1498 1918 Cuius
1526 1854 1587 1920 viri

350 1959 510 2045 ingeniosi
532 1959 681 2044 inprimis
700 1961 893 2025 sententiam
911 1981 1107 2045 quamquam
1126 1980 1186 2024 nos
1205 1959 1282 2023 alibi
1302 1962 1401 2025 semel
1420 1963 1587 2026 etiterum

351 2067 541 2152 redarguere
571 2067 825 2152 argumentando
853 2068 961 2131 conati
989 2088 1113 2150 sumus,
1144 2070 1266 2152 tamen,
1300 2068 1452 2150 quoniam
1481 2090 1518 2132 ca
1545 2068 1586 2132 ab

349 2171 495 2238 Usenero
518 2172 665 2260 neglecta
687 2174 918 2258 repudiataque
941 2173 1101 2256 videmus,
1128 2193 1196 2238 non
1218 2172 1480 2257 detrectabimus,
1508 2196 1585 2258 quo-

350 2279 459 2343 minus
482 2281 615 2345 tertium
639 2280 722 2345 hanc
746 2301 875 2345 causam
898 2302 1046 2366 agamus,
1073 2280 1099 2343 ai
1123 2279 1208 2344 forte
1231 2301 1316 2344 nunc
1340 2280 1526 2366 contigerit,
1549 2286 1586 2346 ut

350 2386 422 2451 viro
450 2387 669 2453 eruditissimo
697 2410 735 2452 ea
763 2409 844 2471 quae
870 2388 965 2452 nobis
988 2389 1075 2451 certa
1098 2387 1248 2452 videntur
1270 2408 1335 2452 non
1359 2387 1586 2473 improbabilia

350 2515 419 2558 esse
442 2494 679 2578 persuadeatur.

439 2600 633 2665 Plutarchus
657 2603 758 2687 igitur
775 2603 809 2665 in
828 2601 975 2666 libellum
995 2623 1091 2685 quem
1111 2600 1240 2686 scripsit
1259 2601 1298 2666 ad
1317 2599 1528 2685 Apollonium
1547 2602 1586 2666 de

349 2707 570 2772 consolatione
594 2731 666 2774 cum
691 2730 730 2772 ex
749 2708 935 2773 Aristotelis
958 2709 1098 2795 dialog0,
1122 2709 1172 2774 cui
1197 2709 1375 2792 praefixum
1399 2712 1449 2772 est
1467 2729 1586 2773 nomen

348 2814 496 2896 Eudemi,
518 2815 710 2900 particulam
735 2816 899 2900 quantivis
922 2816 1019 2902 pretii
1039 2815 1094 2881 sad
1112 2837 1131 2880 a
1150 2816 1270 2882 criticis
1290 2819 1437 2901 exparte
1457 2815 1586 2900 quidem
1600 2839 1627 2882 ao

348 2944 462 3005 parum
492 2923 691 2988 considerate
719 2927 888 2990 tractatam
917 2923 1103 3008 recepisset,
1132 2945 1205 2988 oum
1232 2926 1296 2988 alia
1319 2928 1388 2988 tum
1412 2923 1492 2988 haec
1514 2922 1586 2988 Ari-

350 3029 475 3094 stotelis
498 3030 687 3115 perscripsit
709 3029 749 3116 (c.
768 3031 810 3094 27
830 3054 861 3115 p.
884 3031 947 3097 115
958 3029 988 3118 c)

527 3137 680 3214 κάκεῖνος
702 3137 882 3222 ὑπολαβὼν
906 3139 963 3215 ’ὡς
986 3138 1052 3221 ἀρα
1075 3139 1119 3221 μή
1143 3141 1299 3219 γίνεσθαι
1321 3133 1399 3219 μὲν’
1421 3139 1485 3221 ἔφη
1506 3138 1586 3221 ’ἀρι-

483 3261 565 3309 στον
587 3244 737 3326 πάντων,
765 3247 801 3310 τὸ
825 3245 864 3309 δὲ
885 3246 1047 3310 τεθνάναι
1071 3253 1131 3310 τοῦ
1155 3248 1213 3326 ζῆν
1236 3240 1304 3308 ἐστὶ
1328 3255 1487 3328 κρεῖττον.
1529 3244 1584 3308 καὶ

482 3356 619 3427 πολλοῖς
651 3352 739 3418 οὕτω
771 3354 860 3438 παρὰ
891 3360 952 3417 τοῦ
981 3353 1158 3436 δαιμονίου
1186 3349 1440 3435 μεμαρτύρηται.
1484 3358 1583 3415 τοῦτο

482 3458 543 3541 μὲν
572 3456 687 3547 ἐκείνῳ
715 3466 760 3546 τῷ
779 3460 876 3545 Μίδᾳ
903 3457 1039 3541 λέγουσι
1068 3458 1176 3541 δήπου
1204 3459 1284 3539 μετά
1312 3457 1373 3540 τήν
1399 3460 1511 3542 θήραν
1540 3456 1584 3533 ὡς

415 3564 436 3627 5
481 3562 579 3647 ἔλαβε
606 3566 666 3630 τὸν
689 3566 856 3649 Σειληνὸν
879 3566 1080 3650 διερωτῶντι
1103 3561 1158 3629 καὶ
1181 3561 1429 3651 πυνθανομένῳ
1453 3567 1488 3627 τί
1507 3561 1578 3628 ποτ’

482 3670 552 3737 ἐστὶ
580 3672 617 3737 τὸ
641 3671 813 3756 βέλτιστον
837 3683 906 3748 τοῖς
929 3669 1124 3756 ἀνθρώποις
1147 3668 1202 3735 καὶ
1224 3675 1259 3735 τι’
1280 3671 1317 3735 τὸ
1341 3670 1476 3735 πάντων
1499 3670 1584 3754 αἱρε-

482 3781 639 3862 τώτατον,
657 3781 694 3845 τὸ
714 3776 776 3863 μὲν
794 3790 927 3865 πρῶτον
946 3774 1048 3843 οὐδὲν
1067 3775 1199 3843 ἐθέλειν
1214 3780 1320 3842 εἰπεῖν
1334 3776 1417 3841 ἀλλά
1432 3784 1584 3841 σιωπᾶν

482 3886 671 3972 ἀρρήτως·
700 3885 813 3969 ἐπειδή
842 3884 882 3950 δέ
906 3907 986 3950 ποτε
1009 3887 1104 3966 μόλις
1126 3893 1237 3949 πᾶσαν
1260 3884 1410 3968 μηχανήν
1432 3882 1583 3967 μηχανά·
1598 3907 1625 3949 ιο

482 4017 580 4077 μενος
598 3992 826 4077 προσηγάγετο
846 3990 1064 4077 φθέγξασθαί
1080 4014 1111 4055 τι
1130 3992 1214 4075 πρὸς
1232 3991 1346 4074 αὐτόν,
1365 3988 1470 4065 οὕτως
1484 3988 1584 4071 ἀναγ-

482 4102 663 4184 καζόμενον
686 4102 792 4165 εἰπεῖν
814 4103 883 4164 κτλ.

346 4206 385 4271 ln
410 4207 528 4292 quibus
550 4206 657 4271 verbis
681 4206 737 4291 qui
761 4218 890 4271 σιωπᾶν
913 4204 1062 4291 ἀρρήτως
1085 4208 1170 4269 recte
1194 4203 1257 4270 dici
1281 4202 1481 4286 diffidebant,
1505 4203 1583 4268 olim

347 4314 513 4396 Reiskius,
544 4318 656 4398 postea
683 4313 866 4399 Madvigius
899 4316 931 4377 et
962 4316 1037 4375 ante
1064 4309 1264 4396 Madvigium
1293 4309 1583 4375 Rauchcnsteiuius

347 4419 442 4506 (mus.
458 4419 561 4485 Rhon.
575 4438 650 4483 xvn
664 4418 754 4506 465),
773 4419 943 4505 ἀρρήκτως
961 4417 1060 4483 scribi
1078 4417 1253 4503 iusserunt,
1272 4418 1305 4482 id
1324 4417 1410 4501 quod
1429 4416 1584 4482 miramur

313 4543 416 4597 tnon
438 4528 542 4592 solum
567 4550 585 4591 a
607 4526 782 4610 Rudolpho
800 4524 966 4591 Herchero
990 4525 1045 4589 sed
1069 4524 1165 4589 etiam
1185 4547 1204 4589 a
1221 4525 1397 4589 novissimo
1416 4524 1583 4590 Plutarchi

347 4634 519 4700 Moralium
546 4634 669 4698 editore
697 4637 862 4718 receptum
889 4654 966 4698 esse.
1008 4630 1093 4696 Nam
1121 4632 1220 4696 misso
1248 4631 1382 4716 proprio
1410 4631 1506 4695 huius
1531 4631 1582 4695 ad-

346 4741 449 4805 verbii
472 4763 542 4826 usu,
566 4740 619 4824 qui
644 4740 699 4803 vix
724 4741 874 4824 cuiquam
897 4738 1060 4804 videbitur
1079 4738 1119 4802 ad
1137 4738 1221 4803 hanc
1240 4739 1418 4803 orationem
1436 4736 1581 4803 adhiberi

345 4869 454 4932 posse,
482 4847 568 4931 quod
596 4846 675 4934 (qua
702 4848 827 4914 ratione
855 4844 1145 4912 Rauchonsteinius
1173 4866 1250 4909 usus
1279 4850 1339 4931 est,
1368 4867 1442 4909 nam
1465 4844 1605 4927 reliqui
