3967 5725
568 635 816 688 acerontinus
833 637 872 687 IN
891 635 1084 687 CICERONIS
1103 636 1356 688 ORATIONIBUS.
1517 633 1583 698 315

349 819 415 882 qua
430 797 619 880 interpolati
633 798 819 882 opinionem
833 797 948 862 fulcire
963 796 1164 862 studuerunt.
1201 795 1315 881 Neque
1329 801 1437 862 tamen
1451 819 1488 862 eo
1504 796 1583 862 rela-

347 902 464 988 bimur,
487 907 525 967 ut
548 901 737 969 Ciceronem
763 906 869 989 ipsum
893 908 1044 988 putemus
1070 910 1145 987 post
1163 903 1221 968 illa
1238 905 1336 969 nostis
1354 910 1451 970 cetera
1469 904 1582 969 eodem

345 1014 459 1075 tenore
477 1010 614 1075 alterum
633 1032 760 1075 versum
780 1033 852 1076 curn
871 1010 1125 1096 interrogatione
1144 1011 1257 1075 afferre
1275 1011 1426 1096 potuisse.
1460 1010 1582 1076 Verum

345 1116 410 1181 hoc
428 1121 557 1201 oportet
573 1116 723 1203 intelligi,
741 1117 804 1181 ista
817 1117 870 1181 via
884 1116 968 1181 nihil
981 1117 1052 1181 sani
1066 1120 1122 1182 aut
1137 1118 1216 1182 certi
1231 1118 1360 1184 criticos
1375 1139 1444 1183 esse
1458 1139 1581 1183 assecu-

344 1227 407 1304 tos,
430 1223 464 1287 id
487 1246 525 1289 eo
549 1225 665 1305 minus,
688 1224 776 1308 qnod
799 1225 933 1289 seclusis
958 1245 1040 1308 quae
1058 1223 1180 1291 secludi
1199 1223 1321 1308 iubent,
1344 1246 1417 1289 cum
1441 1225 1482 1290 ad
1500 1227 1582 1290 inse·

346 1331 479 1413 quentia
497 1330 596 1395 verba
613 1335 803 1416 perventum
822 1335 871 1396 est
889 1353 969 1415 qaue
985 1332 1111 1413 sorpsit
1126 1333 1235 1414 prucis
1252 1337 1281 1396 et
1297 1333 1476 1414 inperiosus
1489 1337 1582 1414 pocta

342 1437 470 1519 scripsit
491 1458 555 1502 nors
572 1443 608 1502 ut
624 1423 697 1504 illos
715 1490 722 1502 .
737 1489 744 1502 .
762 1439 818 1504 sed
838 1443 874 1503 ut
894 1459 952 1504 nos
974 1440 1127 1517 emme,
1150 1459 1259 1502 rursus
1281 1459 1341 1503 nos
1365 1437 1477 1520 turbae
1498 1440 1580 1504 exci-

345 1544 441 1626 piunt
458 1545 589 1608 minime
605 1547 669 1610 iam
683 1545 887 1629 compositae.
921 1544 1025 1622 Quam
1039 1546 1124 1610 enim
1138 1545 1235 1609 fidem
1248 1543 1404 1609 habemus
1418 1544 1484 1610 illis
1500 1567 1580 1630 quae

342 1649 430 1714 forte
457 1651 557 1717 videri
584 1655 735 1736 poterant
763 1656 856 1736 parts
883 1652 1008 1718 abiecta
1035 1651 1113 1716 satis
1141 1655 1227 1716 recte
1255 1651 1411 1717 adornata
1438 1674 1521 1736 esse,
1553 1654 1580 1716 si

343 1755 455 1822 tamen
477 1759 512 1822 in
534 1759 692 1843 proximis
716 1760 860 1825 salebrae
882 1759 1142 1846 progredientem
1165 1758 1321 1824 inhibent.
1363 1756 1447 1824 Nam
1472 1761 1500 1824 si
1524 1761 1580 1844 qui
1597 1785 1621 1824 rc

343 1864 391 1928 ita
413 1865 656 1950 ratiocinantur,
679 1867 815 1931 alterum
839 1868 965 1947 sorpsit
986 1887 1074 1930 mero
1099 1864 1260 1931 scribendi
1283 1886 1389 1930 errore
1407 1867 1580 1949 repetitum

343 1975 377 2035 et
405 1971 474 2036 sine
501 1974 706 2038 cunctatione
734 1973 947 2038 abiiciendum
975 1994 1058 2056 esse,
1086 1993 1125 2037 ea
1147 1971 1365 2037 memorabilis
1388 1976 1437 2037 est
1459 1973 1580 2058 incogi-

343 2077 448 2142 tantia
476 2101 602 2165 eorum,
629 2080 688 2163 qui
710 2102 778 2146 non
800 2080 911 2144 vident
932 2080 1013 2144 haee
1036 2080 1145 2144 omnia
1166 2081 1252 2143 inter
1275 2101 1309 2143 se
1331 2101 1413 2144 nexa
1437 2083 1469 2142 et
1492 2079 1580 2144 eolli-

344 2188 420 2271 gata
438 2185 480 2249 ad
499 2209 595 2251 unam
614 2188 792 2252 orationem
812 2189 982 2272 pertinere,
1000 2208 1106 2270 neque
1121 2207 1216 2270 posse
1230 2187 1299 2250 eins
1314 2189 1460 2252 constare
1475 2207 1581 2250 emen-

344 2291 508 2357 dationem
536 2294 599 2358 nisi
629 2316 711 2380 quae
739 2317 779 2358 ex
806 2315 871 2359 uno
898 2295 1062 2378 principio
1084 2293 1180 2358 ducta
1202 2292 1262 2358 toti
1288 2293 1465 2357 sententiae
1489 2315 1581 2358 suam

343 2400 448 2463 lucem
481 2402 639 2467 restituat.
681 2401 812 2467 Etenim
841 2405 879 2465 ut
906 2402 1148 2484 proficiscamur
1175 2398 1215 2464 ab
1243 2399 1305 2464 hoc
1333 2399 1455 2484 duplici
1481 2400 1579 2466 verbo

342 2507 483 2592 scripsit,
510 2508 612 2593 quid?
639 2509 667 2574 si
694 2507 846 2593 ponimus
873 2508 1039 2593 paulisper
1061 2507 1199 2591 exempli
1225 2529 1320 2572 causa
1343 2506 1435 2571 inre
1458 2509 1580 2572 incerta

343 2613 502 2698 scriptum
525 2615 625 2681 fuisse
648 2615 723 2680 buco
743 2635 824 2696 quoe
845 2616 971 2697 scripsit
991 2616 1172 2697 inperiosus
1188 2620 1291 2696 podo,
1314 2616 1438 2696 scripsi
1460 2635 1524 2680 aon
1546 2622 1581 2680 ct

342 2720 414 2785 illos
433 2772 440 2785 .
456 2773 462 2784 .
481 2722 537 2787 sed
557 2728 593 2787 ut
609 2741 667 2787 ros
685 2773 691 2786 .
707 2772 714 2786 .
733 2722 887 2802 werae,
910 2722 962 2786 vel
978 2722 1054 2786 boec
1071 2723 1126 2804 qui
1143 2723 1270 2804 scripsit
1286 2723 1465 2804 espeniacus
1476 2728 1578 2804 poeto,

342 2828 468 2910 sorpsit
494 2849 558 2895 aea
584 2828 639 2895 illo
666 2828 806 2908 wasta,
834 2829 889 2895 sed
909 2829 977 2914 boc,
1005 2828 1210 2923 nonneilico
1234 2832 1368 2915 apparet
1392 2831 1620 2913 quaeratione

342 2935 442 2999 fuerit
469 2940 525 3001 ant
553 2958 621 3001 esse
649 2937 793 3020 potuerit
821 2937 956 3001 duorum
982 2936 1166 3019 verborum,
1194 2938 1432 3023 geminatorum
1456 2937 1579 3003 scilicet

342 3041 410 3107 fere
434 3042 474 3107 ad
497 3064 570 3107 eum
593 3043 724 3108 modum
748 3065 812 3127 quo
836 3043 962 3108 Ennius
985 3044 1115 3129 scripsit
1132 3042 1374 3109 Andromachae
1396 3064 1507 3109 nornen
1525 3046 1580 3125 qui

341 3149 470 3227 indidit,
495 3155 574 3215 recte
595 3152 625 3214 ei
646 3151 789 3215 indidit?
810 3148 920 3235 Atque
943 3172 983 3214 ex
1006 3149 1067 3215 hac
1089 3154 1180 3235 parte
1204 3150 1335 3233 exorsis,
1359 3150 1513 3233 quoniam
1532 3155 1577 3215 to·

342 3259 395 3319 tus
418 3259 513 3322 tenor
534 3256 638 3340 ,docet
660 3256 740 3323 haec
763 3279 846 3341 quae
870 3257 948 3322 dicit
967 3255 1079 3323 Cicero
1104 3256 1143 3321 de
1166 3258 1334 3341 ingenioso
1355 3262 1453 3341 poeta
1476 3256 1578 3340 deque

343 3362 412 3426 eius
437 3363 581 3428 consiliis
605 3386 687 3448 quae
710 3366 773 3429 ista
797 3365 941 3430 oratione
965 3368 1134 3428 exsecutus
1158 3364 1201 3427 sit
1223 3362 1263 3426 ad
1283 3384 1319 3427 ea
1337 3362 1440 3427 redire
1460 3363 1577 3447 quibus

342 3490 377 3533 se
404 3470 453 3533 uti
476 3470 597 3535 fatetur
619 3471 654 3535 in
676 3470 990 3537 commonefaciendo
1014 3469 1097 3553 filio,
1124 3470 1189 3534 iam
1212 3492 1313 3553 paene
1336 3469 1454 3554 elucet,
1481 3472 1578 3536 inter-

342 3577 544 3662 rogationem
572 3578 681 3662 istam,
710 3601 792 3662 qnae
820 3582 894 3642 ante
918 3577 1057 3662 pendere
1080 3575 1249 3640 videbatur
1272 3579 1391 3661 solute,
1418 3599 1520 3643 nonae
1542 3580 1580 3643 id

342 3684 425 3764 quod
446 3685 538 3749 multi
561 3686 728 3765 inrideant,
752 3707 772 3749 a
790 3683 1009 3769 superioribus
1028 3683 1205 3748 seiunctam
1225 3684 1317 3769 iungi
1336 3688 1485 3769 oportere
1504 3708 1577 3751 cum

342 3790 549 3856 inferioribus
578 3813 701 3876 suoque
729 3792 858 3857 vinculo
886 3792 1001 3856 vinciri
1029 3790 1068 3855 iis
1097 3811 1179 3874 quae
1207 3790 1246 3855 de
1273 3795 1387 3875 poetae
1410 3790 1576 3855 voluntate

342 3897 501 3963 dicuntur.
538 3896 578 3962 ln
600 3921 700 3963 unum
723 3898 802 3963 haec
826 3897 956 3984 collige,
979 3901 1013 3963 et
1034 3896 1168 3963 habebis
1193 3919 1274 3981 quae
1299 3895 1410 3963 Cicero
1434 3898 1618 3967 senseritis

476 4005 566 4070 Haec
587 4005 638 4069 illi
659 4006 738 4071 soleo
754 4007 948 4087 praecipere,
976 4025 1056 4086 quae
1079 4005 1131 4069 ille
1153 4026 1174 4069 c
1197 4004 1270 4069 Iove
1291 4010 1377 4070 ortus
1399 4006 1466 4069 suis
1481 4026 1577 4087 prce-

476 4113 553 4194 cipit
578 4111 665 4194 filiis.
698 4112 933 4194 “Vipsloridam
961 4117 1005 4176 est
1031 4132 1166 4193 semper:
1198 4111 1314 4176 multoc
1341 4112 1479 4177 insidiae
1504 4118 1578 4177 suut

476 4218 597 4284 boam?
621 4222 719 4285 nostis
737 4225 843 4284 edna.
873 4219 987 4283 Nersae
1002 4218 1063 4283 “id
1075 4218 1158 4300 qood
1170 4218 1261 4283 multi
1273 4219 1459 4283 invideant'
1475 4216 1576 4304 qui*)

475 4327 603 4407 scripsit
621 4328 730 4409 pruris
752 4332 780 4391 et
799 4327 976 4409 inperiosus
988 4330 1091 4407 poeto,
1113 4326 1240 4407 scripsit
1256 4344 1319 4389 noa
1336 4330 1372 4389 ct
1389 4324 1460 4389 illos
1477 4326 1578 4408 reptos

470 4453 594 4514 pueros,
617 4435 673 4514 qui
694 4435 761 4498 iam
783 4453 939 4515 nuquam
962 4438 1060 4511 eunt,
1083 4433 1138 4498 scd
1158 4437 1194 4496 ut
1210 4452 1267 4497 nos
1285 4437 1313 4496 et
1330 4436 1450 4497 metros
1467 4432 1577 4498 liberos

475 4540 521 4604 cd
542 4540 677 4605 laborem
700 4546 729 4605 et
750 4540 795 4604 ud
816 4540 941 4605 luudcm
964 4539 1133 4605 enataret?

430 4696 494 4766 *33)
514 4696 674 4769 [Nordenus
694 4700 755 4767 (per
772 4696 892 4767 litteras)
910 4696 1039 4767 quamvis
1058 4697 1127 4751 meis
1146 4696 1303 4751 rationibus
1322 4714 1378 4752 non
1397 4696 1498 4752 leviter
1511 4716 1576 4767 pro-

341 4784 418 4839 batis
432 4804 502 4856 quac
514 4802 597 4855 posse
611 4786 727 4840 retineri
741 4786 924 4855 opinabatur:
938 4786 968 4840 in
983 4804 1040 4855 qua
1053 4803 1083 4840 re
1097 4786 1216 4840 fortasse
1230 4786 1322 4854 fallor,
1337 4787 1387 4841 sed
1397 4788 1487 4842 habeo
1500 4784 1576 4856 qnod

341 4875 491 4947 dubitem]
