3967 5725
638 623 689 671 DE
707 622 936 672 EMENDANDO
956 622 1115 671 VALERIO
1136 622 1290 673 MAXIMO.
1523 620 1587 685 149

487 784 616 847 dmsime
638 784 817 864 maumam,
841 803 899 865 quo
922 782 1037 847 scilicet
1058 783 1146 863 apud
1166 784 1272 865 repens
1289 803 1382 847 aures
1399 784 1446 848 uel
1462 783 1586 849 sdndio

487 892 582 955 tutior
603 890 650 954 uel
672 910 810 955 sermone
832 895 908 955 esset
928 890 1087 970 acceptior.
1127 890 1174 953 At
1194 888 1249 954 ille
1271 889 1347 953 dum
1365 890 1586 957 durandum

488 984 620 1061 Persica
650 996 854 1061 Macedonem
883 996 1072 1061 saluatione
1098 998 1285 1079 pandentem
1314 995 1459 1079 obiurgrat
1487 1004 1516 1062 et
1544 998 1590 1061 ad

487 1104 708 1169 Macedonicos
744 1124 844 1169 mnes
878 1106 1014 1169 invitum
1053 1124 1196 1168 reuocare
1231 1104 1367 1169 benevole
1402 1111 1586 1185 perseuerat,

486 1213 602 1292 spiritu
631 1231 735 1275 carere
761 1203 869 1275 iussus
892 1231 996 1275 seram
1023 1210 1150 1292 neplecd
1172 1211 1310 1276 salubris
1332 1212 1457 1276 consilii
1472 1215 1588 1294 paeni-

486 1319 616 1383 tentiam
639 1320 708 1400 epit.

351 1422 392 1489 In
420 1424 473 1489 his
503 1425 589 1489 enim
618 1425 726 1489 verbis
756 1424 972 1509 integerrimis
1003 1423 1153 1489 Halmius
1183 1425 1389 1490 Macedonem
1421 1430 1586 1508 tamquam

354 1531 494 1617 glossam
519 1532 711 1597 eiiciendum
733 1532 863 1617 statuit,
890 1553 1024 1615 eamque
1047 1530 1233 1617 opinionem
1256 1533 1408 1616 probavit
1428 1532 1587 1617 Kampfio.

353 1637 398 1702 Et
420 1643 530 1703 tamen
551 1641 643 1703 locus
666 1638 748 1723 ipse,
777 1660 841 1722 quo
869 1637 931 1702 hoc
954 1660 1072 1703 nomen
1100 1638 1256 1703 insertum
1285 1644 1346 1720 est,
1374 1640 1494 1704 indicio
1518 1661 1588 1705 esse

353 1749 470 1829 potest,
500 1750 537 1810 ut
567 1749 708 1809 mentem
739 1746 905 1829 scriptoris
936 1767 1152 1829 assequamur,
1183 1747 1239 1829 qui
1268 1747 1421 1811 nimirum
1452 1768 1518 1811 non
1548 1747 1587 1810 ds
1602 1774 1629 1815 n

353 1851 457 1917 nihilo
487 1856 543 1917 aut
572 1857 610 1917 ut
638 1853 782 1938 legentes
814 1853 1001 1917 admoneret
1023 1850 1244 1917 Alexandrum
1272 1852 1479 1918 Macedonem
1510 1876 1588 1938 esse,

355 1959 409 2023 sed
434 1982 498 2044 quo
521 1960 625 2045 magis
649 1961 697 2023 vis
722 1958 876 2024 contrarii
899 1959 1109 2024 extolleretur
1127 1965 1160 2023 et
1177 1964 1215 2023 ut
1234 1958 1363 2025 Persica
1380 1960 1588 2026 Macedonem

353 2066 547 2131 salutatione
575 2066 623 2131 uti
652 2066 803 2131 dedecere
831 2066 1063 2146 subindicant,
1096 2066 1159 2129 hoc
1193 2068 1333 2151 appositi
1361 2067 1434 2132 loco
1463 2067 1588 2132 adiecit.

352 2172 502 2237 Eundem
526 2173 666 2257 appositi
689 2196 784 2238 usum
808 2195 884 2257 prae
907 2196 941 2237 se
963 2174 1074 2238 ferunt
1092 2172 1173 2237 haec
1191 2194 1273 2256 quae
1292 2174 1357 2237 iarn
1376 2196 1474 2257 supra
1492 2174 1590 2239 allata

353 2284 428 2343 sunt
452 2280 491 2342 de
515 2278 637 2346 Cloelia
662 2280 792 2365 112,15
1025 2369 1027 2372 Ι

486 2390 567 2452 inter
594 2394 708 2453 cetam
735 2390 818 2452 enim
849 2389 987 2469 viraines
1014 2386 1164 2471 (Cloelia)
1191 2388 1275 2453 obses
1303 2388 1484 2452 Porsennae
1511 2389 1589 2453 data

485 2495 619 2560 lodium
637 2502 786 2560 nodurno
804 2500 937 2576 tempore
955 2490 1127 2560 custodiam
1146 2514 1267 2576 epressu
1286 2516 1396 2576 ennam
1415 2498 1590 2561 conscendit

486 2602 632 2683 celerima
659 2604 789 2667 traiectu
815 2602 961 2683 fluminis
986 2623 1051 2667 non
1077 2602 1177 2667 solum
1199 2602 1318 2667 obnata
1341 2621 1386 2680 se,
1416 2604 1471 2667 sed
1493 2605 1588 2667 etiam

487 2714 568 2774 metu
584 2711 730 2791 patriam
753 2709 845 2774 soluit
865 2711 945 2774 airis
961 2709 1071 2792 puella
1101 2709 1206 2773 lumen
1228 2710 1354 2774 mantis
1371 2711 1587 2791 praeferendo.

350 2814 389 2881 In
413 2815 531 2901 quibus
552 2816 661 2899 puella
684 2817 718 2880 in
742 2820 884 2882 extrema
910 2816 1072 2882 sententia
1094 2817 1254 2882 adiectum
1277 2821 1339 2902 est,
1366 2839 1433 2882 non
1456 2822 1493 2883 ut
1516 2840 1587 2903 per·
1600 2848 1627 2888 20

332 2904 431 2988 'sona
449 2923 693 3010 significaretur,
713 2924 790 2989 satis
810 2924 977 3008 designata
995 2928 1078 3007 ante,
1101 2925 1158 2988 sed
1171 2930 1209 2988 ut
1221 2925 1301 2988 viris
1315 2926 1425 3009 puella
1439 2926 1590 3010 opposita

352 3031 487 3096 eximiae
514 3032 562 3094 vis
590 3032 694 3095 laudis
723 3053 761 3095 eo
789 3031 891 3117 magis
920 3036 1124 3097 accresceret
1170 3029 1246 3095 Non
1275 3053 1368 3096 secus
1391 3054 1420 3115 p.
1442 3032 1517 3112 305,
1535 3032 1588 3097 20.

487 3139 595 3202 Tertia
609 3138 758 3217 Aemilia,
777 3139 932 3219 Africani
944 3140 1067 3220 prioris
1084 3159 1172 3216 uem,
1192 3145 1292 3203 maer
1307 3138 1471 3204 Corneliae
1491 3139 1588 3204 Grac-

486 3245 619 3326 charum,
643 3251 750 3310 tantae
765 3247 830 3327 fuit
852 3247 1008 3310 comitatis
1025 3248 1249 3328 dpatientiae,
1272 3252 1308 3311 ut
1326 3267 1394 3310 cum
1414 3249 1505 3310 sciret
1521 3248 1588 3311 viro

485 3373 541 3418 suo
560 3353 745 3418 ancillatam
759 3375 797 3418 ea
809 3355 877 3418 suis
888 3358 1015 3435 pratum
1029 3373 1092 3418 esse
1105 3353 1360 3432 dissimulaverit,
1374 3374 1414 3418 ne
1427 3353 1586 3438 [domina]

487 3461 668 3525 domitorem
695 3461 779 3526 orbis
801 3458 1047 3545 Africanum*),
1073 3461 1196 3541 femina
1223 3481 1374 3542 mapnum
1401 3462 1505 3525 uirum
1528 3463 1588 3525 im·

480 3569 657 3648 patientiae
677 3589 765 3632 reum
789 3573 897 3650 aperet.

440 3814 503 3883 Ι’26)
522 3813 616 3868 Paene
635 3814 736 3885 mirum
756 3816 799 3867 est
817 3813 923 3867 nemini
942 3815 1122 3883 displicuisse
1136 3815 1304 3881 Africanam
1324 3830 1425 3868 nomen
1445 3813 1588 3867 adiectum

351 3905 380 3956 et
398 3902 521 3957 fatemur
540 3903 652 3958 sublato
672 3920 704 3957 eo
724 3902 860 3956 orationis
879 3902 935 3954 vim
949 3919 1005 3957 non
1020 3903 1118 3957 minui.
1151 3903 1232 3957 Nihil
1245 3905 1341 3956 tamen
1356 3903 1539 3969 affirmamus,
1558 3905 1588 3956 et

350 3991 380 4046 in
399 3993 452 4048 hoc
472 4008 574 4062 genere
593 3993 706 4046 omnino
725 3991 797 4045 nihil
815 3991 907 4062 magis
927 3992 1080 4046 cavendum
1100 3996 1143 4047 est
1162 4009 1248 4061 quam
1266 4011 1301 4046 ne
1321 3993 1358 4046 ad
1372 3994 1499 4046 nostrum
1513 3991 1587 4044 arbi-

350 4084 457 4154 tratum
475 4084 602 4136 veterum
621 4099 703 4134 usum
721 4098 859 4149 regamus.
892 4078 978 4136 Velut
992 4083 1162 4148 Africanum
1179 4082 1362 4150 reliquerunt,
1381 4082 1431 4137 ssd
1448 4099 1476 4150 p.
1492 4087 1585 4147 266,4

350 4187 412 4226 cum
431 4173 545 4238 addicta
565 4171 705 4226 Cannensi
723 4173 800 4226 clade
818 4173 884 4226 urbs
898 4181 993 4228 nostra
1007 4173 1078 4225 nihil
1092 4173 1172 4226 alind
1186 4189 1269 4240 quam
1277 4172 1387 4240 pracda
1400 4172 1511 4226 uictoris
1524 4189 1588 4238 esse,

352 4261 538 4328 Hannibalis,
560 4261 697 4316 rideretur
715 4260 858 4329 Kempfius
882 4262 918 4315 de
936 4260 1093 4315 Eberhardi
1117 4261 1257 4314 sententia
1279 4277 1380 4314 nomen
1401 4260 1512 4314 delevit.
1546 4260 1588 4313 Ex

351 4349 441 4404 altera
459 4353 540 4418 parte
558 4368 585 4418 p.
601 4355 644 4418 96,
660 4356 675 4402 6
695 4350 883 4420 Kartlapinis
901 4352 1015 4420 imperio
1034 4351 1154 4419 abrupta
1170 4351 1315 4418 Hispania
1333 4356 1359 4403 et
1372 4349 1485 4403 Siciliae
1503 4355 1588 4418 caput

351 4441 500 4506 abscisum,
523 4438 690 4510 Syracusae,
713 4440 892 4509 triumphales
914 4441 1026 4510 iampere
1048 4456 1147 4493 currus
1169 4441 1349 4507 nequiverunt
1372 4437 1500 4492 Gertuius
1523 4437 1588 4491 tolli

351 4545 452 4584 nomen
467 4529 621 4600 Syracusae
639 4528 729 4592 iussit,
750 4544 805 4581 non
823 4529 995 4582 assentiente
1009 4527 1150 4594 Kempfi03
1170 4530 1201 4580 at
1213 4545 1240 4595 p.
1258 4534 1317 4591 111,
1334 4533 1366 4580 13
1382 4527 1440 4580 Nec
1453 4545 1495 4580 me
1506 4544 1586 4594 prae-

351 4621 427 4685 terit,
450 4619 574 4673 conditor
592 4619 670 4672 urbis
687 4625 809 4684 nostrae,
834 4619 962 4684 Macula,
981 4619 1173 4687 principatum
1191 4618 1241 4672 troc
1258 4617 1309 4670 tibi
1326 4619 1358 4670 in
1378 4632 1474 4686 periere
1493 4616 1587 4669 laudis

351 4709 497 4778 adsignari
515 4714 649 4776 oportcrc,·
667 4707 714 4762 sed
727 4713 832 4775 patere,
850 4708 965 4774 obsecro,
983 4724 1040 4761 uno
1054 4712 1079 4760 te
1088 4708 1237 4774 praecurri
1249 4708 1368 4773 exemplo
1383 4749 1388 4758 .
1406 4747 1412 4759 .
1427 4707 1495 4773 quia
1509 4707 1584 4759 benc·

348 4797 412 4864 ficio
435 4797 513 4852 illius
535 4796 657 4864 effectum
681 4803 719 4850 est
740 4812 774 4849 ne
796 4802 854 4850 tam
868 4799 1045 4864 praeclarum
1064 4811 1134 4862 opus
1151 4800 1228 4848 tuum
1248 4796 1523 4850 Romadilaberetur
1541 4794 1584 4844 in·

350 4885 522 4954 temptorum
542 4885 621 4939 stetit
636 4885 726 4939 Roma
744 4901 854 4937 nomen.
886 4883 949 4937 Duo
967 4885 1049 4954 paria
1068 4883 1299 4953 congregavimus
1319 4885 1348 4936 st
1362 4883 1481 4951 apparet
1495 4896 1584 4947 quan·
