3967 5725
526 622 576 672 na
595 622 824 673 muniano
844 622 992 673 mucan
1009 622 1150 674 summe
1170 622 1338 675 cernuo.
1504 622 1570 687 115

333 781 428 859 Quod
457 784 484 848 si
513 784 643 868 scripsit
667 785 714 848 ita
736 783 913 863 Minucius,
942 787 978 847 ut
1005 788 1171 869 putamus,
1198 791 1226 849 et
1251 786 1358 849 urbem
1382 785 1572 851 Sotmniam

331 890 473 955 condidit
491 891 528 954 de
546 910 601 955 suo
620 892 747 955 nemim
765 896 794 955 et
811 891 998 955 Ianiculum
1012 890 1116 956 Ianus
1134 888 1274 978 (scilicet
1293 893 1330 957 de
1347 912 1403 958 suo
1421 891 1572 980 aornim),

277 997 317 1050 1⁰
332 996 460 1061 dicendi
483 1018 584 1083 genus
610 1000 738 1062 secutus
762 1001 811 1061 est
835 1019 900 1081 quc
923 996 1068 1061 Iustinus
1096 999 1201 1062 utitur
1229 1020 1301 1063 cum
1329 999 1443 1064 scribit
1467 997 1570 1086 (xum

334 1100 441 1191 1,12)
465 1124 534 1168 cum
557 1104 682 1169 Aeneas
709 1106 779 1169 iure
804 1106 953 1169 uictoriae
979 1111 1108 1185 utroque
1128 1106 1246 1187 populo
1267 1108 1436 1187 potiretur,
1463 1107 1571 1172 urbem

331 1231 369 1275 eu
397 1213 523 1275 nomine
550 1213 659 1276 cruoris
685 1211 859 1275 Lacinium
888 1213 1040 1289 condidit,
1069 1216 1102 1275 et
1129 1211 1281 1299 Hyginus
1308 1212 1371 1278 fab.
1398 1214 1461 1279 186
1489 1218 1570 1278 extr.

331 1320 387 1399 qui
413 1319 449 1381 in
477 1318 670 1401 Propontide
697 1339 734 1382 eu
761 1338 816 1383 suo
844 1320 970 1383 nomim
1005 1319 1211 1384 condiderunt
1237 1319 1370 1385 Boeotus
1396 1320 1569 1399 Boeotiam,

331 1425 448 1489 Aeolus
469 1422 663 1511 Aeolium*).
701 1423 837 1489 Accedit
862 1424 948 1509 quod
972 1424 1144 1507 Minucius,
1169 1428 1225 1510 qui
1247 1426 1328 1491 haec
1351 1449 1433 1511 quae
1456 1428 1570 1493 scribit

334 1528 384 1618 (ὅ)
417 1532 568 1596 latebram
585 1534 690 1597 'suam
722 1532 805 1613 quod
836 1538 899 1597 tulo
927 1532 1068 1598 lmuuset
1093 1535 1201 1599 cocori
1227 1535 1341 1599 maluit
1367 1534 1498 1599 Latium
1529 1558 1570 1597 ex

331 1637 478 1724 Vergilio
502 1640 641 1723 sumpsit
664 1639 720 1722 qui
743 1637 823 1703 dicit
847 1637 940 1725 (Aen.
960 1657 1024 1703 vin
1043 1639 1124 1725 322)

992 1747 1183 1829 Latiumque
1204 1750 1310 1813 uocaui
1583 1778 1610 1817 ro

515 1853 630 1917 maluit
651 1854 701 1918 lis
723 1856 873 1935 qnoniam
897 1854 1038 1919 latuisset
1060 1859 1145 1919 tutus
1167 1857 1202 1919 in
1225 1857 1297 1934 oris,

331 1960 428 2024 etium
452 1959 517 2043 iila,
542 1960 569 2023 si
592 1982 705 2024 rerum
729 1963 778 2025 est
802 1960 888 2045 quod
912 1963 1153 2045 proposuimus,
1184 1961 1224 2025 ed
1248 1964 1431 2047 exemplum
1454 1961 1569 2049 Vergi-

329 2066 453 2131 lianum
476 2066 579 2131 rideri
603 2070 713 2151 potest
736 2068 966 2152 conformasse,
989 2067 1075 2152 apud
1095 2090 1193 2151 quem
1212 2068 1322 2133 codem
1344 2072 1455 2134 tenore
1474 2068 1569 2156 (Aen.

329 2192 395 2237 vm
414 2172 495 2259 357)
517 2173 596 2238 hacc
619 2174 779 2238 habentur

516 2281 597 2346 tanc
619 2282 725 2347 Iamts
741 2288 844 2365 pater,
867 2282 949 2345 tanc
971 2281 1132 2347 Saturnus
1154 2283 1461 2362 condiditurbem,

512 2388 692 2453 Ianiculum
716 2388 796 2473 buic,
819 2388 871 2453 illi
891 2390 999 2470 fumat
1019 2388 1177 2455 Saturnia
1198 2410 1318 2454 nomen

332 2494 493 2572 Quantam
517 2499 625 2559 autem
648 2496 901 2561 familiaritatem
925 2494 1089 2561 Minucius
1113 2518 1186 2561 cum
1209 2495 1348 2582 Vergilii
1372 2496 1569 2562 carminibus

331 2603 539 2687 contraxerit,
563 2602 694 2667 velitis
718 2603 909 2668 documento
934 2608 1010 2667 sunt
1034 2626 1117 2687 quae
1142 2625 1168 2668 c.
1190 2602 1330 2687 19,1.2
1355 2605 1501 2688 exponit:
1529 2602 1568 2668 de

330 2707 460 2794 quibus,
484 2709 724 2793 quia,vidcmus
744 2732 817 2775 cum
836 2710 876 2775 ab
897 2710 970 2775 aliis
987 2715 1058 2774 tum
1079 2733 1097 2774 a
1115 2710 1292 2776 novissimo
1312 2711 1434 2776 editore
1452 2733 1568 2795 parum

330 2821 418 2882 recte
442 2816 585 2902 iudicari,
608 2816 642 2881 in
666 2820 851 2883 transcursu
876 2817 1018 2883 dicemus
1042 2816 1176 2884 beviter.
1213 2818 1344 2883 Etenim
1365 2841 1438 2886 cum
1457 2819 1504 2884 ita
1522 2818 1567 2882 di·
1581 2847 1609 2888 ro

330 2929 384 2990 cat
406 2923 568 2990 Minucius

466 3032 575 3096 Audio
593 3038 704 3114 poetas
731 3053 848 3114 quoque
874 3054 972 3096 arnum
996 3039 1122 3114 patrem
1150 3034 1258 3098 dicum
1285 3039 1376 3114 atquc
1405 3034 1568 3098 homirnum

461 3139 681 3222 praedicantes
703 3145 730 3204 et
753 3140 846 3204 talem
870 3160 932 3204 esse
955 3140 1136 3204 mortalium
1159 3146 1290 3205 menum
1312 3140 1435 3222 qualem
1447 3161 1569 3222 paruus

465 3248 606 3310 omnium
635 3247 717 3311 diem
744 3247 915 3311 induruerit.
970 3248 1055 3328 Quid
1081 3247 1285 3312 Mantuanus
1312 3247 1434 3312 Maro?
1465 3269 1569 3312 nonne

466 3356 605 3436 apertius
621 3355 804 3436 prouimc'us
826 3356 931 3419 acrius
948 3355 1111 3436 principio
1135 3356 1183 3419 ait
1204 3355 1323 3419 caelum
1346 3375 1384 3419 ac
1413 3360 1514 3419 terras
1540 3361 1568 3419 et

398 3461 419 3524 ὁ
468 3467 565 3526 cetera
589 3462 701 3526 mundi
724 3461 862 3526 membra
885 3461 1018 3542 spiritus
1040 3463 1127 3526 intus
1145 3462 1205 3526 alit
1222 3468 1250 3526 ct
1266 3463 1376 3543 infusa
1394 3482 1482 3526 mens
1499 3465 1568 3544 api·

466 3574 518 3647 lat,
541 3569 616 3633 inde
637 3568 799 3632 bominum
816 3567 1030 3648 pecudumque
1051 3589 1148 3650 penus
1171 3575 1200 3632 et
1221 3569 1370 3650 quicquid
1386 3568 1478 3633 aliud
1496 3570 1568 3632 ani-

464 3674 620 3740 malium?
661 3675 752 3739 idem
780 3672 843 3738 alio
871 3673 934 3737 loco
961 3679 1093 3739 murum
1121 3677 1216 3740 istam
1244 3681 1271 3739 et
1297 3678 1445 3757 spiritum
1474 3675 1566 3739 deum

464 3784 615 3848 nominat.
647 3783 723 3846 baec
745 3783 811 3846 circs
834 3781 925 3844 uerba
947 3788 1021 3846 sunt

921 3889 1012 3952 deum
1034 3910 1169 3970 namque
1192 3890 1239 3952 ire
1256 3910 1315 3970 per
1337 3908 1443 3952 omnes
1580 3916 1607 3955 eo

378 3997 420 4061 10
515 4003 673 4078 terrasque
695 4001 869 4076 tractusque
892 3997 992 4060 moris
1016 3995 1192 4076 caelumque
1208 3995 1415 4077 profundum,

513 4104 597 4168 unde
619 4103 757 4168 homines
780 4109 808 4167 et
824 4103 965 4185 pecudes,
988 4103 1071 4166 undo
1093 4103 1192 4167 imber
1214 4108 1244 4166 et
1264 4105 1351 4184 mnes

419 4244 466 4312 *7)
486 4243 609 4314 [Servius
632 4244 664 4296 in
682 4242 765 4312 Verg.
781 4243 872 4296 bucol.
888 4249 917 4309 6,
933 4249 966 4295 72
990 4244 1076 4297 victor
1099 4243 1171 4296 duas
1189 4244 1268 4296 urbes
1286 4242 1454 4308 condidit,
1477 4259 1566 4296 unam

328 4335 495 4407 Perpamum
520 4332 556 4386 de
578 4333 709 4386 nomine
732 4333 877 4402 Perpomi,
905 4334 1020 4386 alteram
1045 4331 1185 4400 Grynium
1208 4348 1242 4384 ea
1263 4348 1391 4400 responso
1414 4332 1564 4400 Apollinis.

328 4421 516 4490 Hieronymus
535 4422 565 4474 in
584 4420 685 4475 Euseb.
706 4420 743 4474 ud
762 4437 786 4474 a.
802 4423 834 4476 A.
850 4427 919 4474 2005
940 4421 1063 4474 Herodes
1083 4421 1242 4474 Caesarium
1260 4421 1290 4473 iu
1309 4421 1419 4474 nominc
1439 4420 1567 4474 Caesaris

328 4511 472 4580 condidit]
505 4509 537 4562 in
553 4509 668 4581 Origine
683 4511 776 4580 gentis
791 4510 935 4564 Romanae
949 4509 1026 4576 quod
1041 4508 1174 4562 scribitur
1188 4525 1210 4561 c.
1227 4514 1252 4574 9,
1267 4516 1283 4561 4
1298 4512 1439 4578 (Aeneam)
1455 4511 1565 4563 Aenum

329 4618 363 4655 coc
384 4618 434 4656 ruo
457 4601 567 4654 nomine
586 4600 738 4655 condidisse
757 4600 793 4653 ad
812 4599 986 4668 superiorum
1005 4616 1088 4651 usum
1105 4598 1259 4670 formatum
1278 4600 1329 4652 cst.
1363 4584 1490 4652 Ceterum
1510 4597 1565 4650 Mi-

328 4690 428 4744 nucius
452 4690 529 4758 quod
553 4691 585 4744 de
607 4707 656 4745 suo
680 4692 788 4745 none-ine
810 4689 912 4742 maluit
934 4689 976 4757 (ut
995 4687 1117 4756 Samius)
1139 4702 1226 4753 quam
1248 4704 1295 4753 ea,
1318 4688 1462 4740 adamavit
1483 4686 1566 4739 illam

327 4795 397 4847 prae
414 4779 469 4832 hac
485 4779 724 4848 praepositionem
739 4779 824 4832 etiam
839 4778 918 4842 alibi,
937 4775 1014 4831 velut
1028 4794 1051 4830 c.
1068 4781 1110 4843 20,
1124 4782 1154 4842 4;
1169 4781 1212 4841 21,
1229 4782 1275 4842 103
1290 4783 1333 4843 25,
1348 4782 1364 4829 ὁ
1379 4777 1412 4831 de
1425 4776 1567 4829 manubiis

328 4871 358 4922 et
373 4886 395 4923 c.
417 4871 460 4937 (ea
480 4870 627 4934 concientiis,
645 4886 678 4922 eu
693 4869 809 4937 proedo,
829 4867 906 4935 apud
925 4864 1047 4920 Gellium
1066 4867 1188 4934 x11125);
1208 4871 1251 4932 33,
1267 4872 1290 4919 3.

915 4973 918 4980 .
1312 4953 1347 5007 8*
