3967 5725
553 622 614 699 ⁸DE
632 620 861 671 EMENDANDO
880 620 1027 672 MINUCII
1044 620 1184 671 FELICIS
1204 619 1372 671 OCTAVIO.
1538 617 1603 682 119

363 788 443 848 ante
473 780 521 871 (3)
551 782 683 847 eandem
712 782 904 847 sententiam
932 782 1040 846 verbis
1068 781 1198 866 quidem
1226 781 1298 846 aliis
1326 781 1457 866 extulit,
1487 783 1604 859 manili

366 892 581 955 immanitatis
598 910 674 954 suae
691 896 813 955 terrore.
841 888 902 954 His
916 889 1011 953 nobis
1026 888 1156 972 quidem
1175 888 1254 952 satis
1273 888 1448 975 probatum
1466 888 1603 970 videtur,

369 996 551 1061 Minucium
573 995 657 1060 nihil
680 995 768 1060 aliud
792 996 932 1061 scribere
955 997 1102 1082 potuisse
1126 1018 1222 1079 quam
1246 996 1334 1079 quod
1357 1000 1407 1059 est
1430 998 1464 1061 in
1493 995 1603 1060 codice

362 1106 474 1169 ‚tutius
511 1103 585 1168 Nisi
608 1102 694 1188 quod
719 1103 955 1188 comparativus
979 1101 1173 1187 displicebit,
1195 1101 1279 1167 unde
1298 1104 1402 1167 omnis
1422 1107 1494 1167 orta
1512 1100 1604 1167 dubi-

368 1212 452 1275 tatio
476 1210 611 1274 videtur.
649 1208 748 1285 Quasi
771 1232 846 1274 vero
866 1210 1028 1274 Minucius
1052 1210 1234 1294 scripsisset
1251 1210 1330 1291 quial
1347 1212 1507 1289 arrdacr'us,
1525 1211 1607 1291 quid

363 1320 475 1397 tatius,
500 1321 555 1382 aut
579 1339 703 1382 summe
726 1318 775 1382 vis
800 1318 976 1382 sententiae
1000 1317 1034 1379 in
1057 1322 1121 1382 luto
1144 1321 1228 1381 esset
1251 1340 1289 1383 ao
1310 1340 1377 1382 non
1397 1318 1430 1381 in
1448 1318 1604 1400 confiden-

368 1428 416 1490 ta'a
450 1426 584 1502 sceleris,
618 1445 700 1507 quae
731 1445 798 1488 non
829 1422 926 1510 longe
959 1424 1059 1489 distat
1086 1424 1127 1487 ab
1155 1423 1355 1509 impudentia
1382 1423 1436 1511 (cf.
1462 1423 1525 1489 Cio.
1544 1446 1603 1508 pro

371 1531 461 1597 Caec.
483 1534 511 1615 1,
530 1530 574 1617 2).
618 1529 732 1614 Itaque
760 1532 823 1597 hoc
851 1530 942 1615 dicit,
975 1531 1054 1611 qaid
1080 1532 1247 1617 cudarim,
1278 1533 1357 1613 quid
1384 1532 1604 1613 irapudeatiue‚

370 1644 427 1703 aut
457 1640 536 1720 quial
567 1640 669 1721 raupr's
692 1640 739 1702 a'ta
768 1644 978 1721 perpetratum
1012 1644 1068 1717 est,
1099 1644 1134 1702 ut
1167 1640 1236 1719 ipsa
1268 1640 1455 1721 confidentia
1483 1638 1606 1703 sceleris

369 1747 467 1812 scelus
489 1752 650 1811 hilaretur.

309 1854 355 1910 13
461 1852 500 1917 ln
513 1852 553 1917 iis
564 1874 646 1939 quae
656 1853 852 1938 praecedunt
862 1876 957 1938 aegre
967 1854 1099 1918 ferimus
1110 1854 1197 1938 quod
1206 1853 1352 1919 Usenero
1363 1852 1604 1939 obloquendum

371 1966 428 2043 est,
448 1961 504 2045 qui
522 1961 557 2025 in
577 1960 629 2024 his
650 1961 767 2045 quibus
783 1958 975 2025 Sabinarum
990 1964 1103 2046 raptus
1123 1960 1315 2026 describitur
1329 1959 1380 2049 (8)
1396 1983 1468 2027 area
1481 1961 1606 2025 alienas

367 2070 507 2150 urpiues
529 2070 597 2133 laur
616 2069 817 2151 desponsatas
835 2070 902 2132 lara
921 2069 1094 2133 destinatas
1112 2075 1140 2133 et
1157 2069 1328 2134 uernulas
1346 2071 1384 2133 de
1402 2069 1604 2133 matrimonia

367 2175 571 2240 mulierculas
593 2177 661 2240 siue
683 2196 767 2240 mare
788 2178 897 2257 rapuit
919 2176 1048 2240 alolaaa't
1070 2176 1182 2240 inlusit
1200 2175 1299 2239 verba
1316 2177 1384 2240 tara
1403 2177 1606 2257 depensum

366 2282 535 2346 damnavit
557 2286 594 2346 ut
618 2282 740 2368 spuria,
763 2281 797 2346 id
821 2283 907 2365 quod
930 2282 986 2347 ille
1008 2304 1074 2346 non
1098 2281 1229 2346 Halmio
1254 2282 1383 2366 quidem
1412 2286 1449 2346 ut
1476 2281 1605 2346 videtur

365 2392 427 2453 aut
449 2388 637 2475 Dombarto,
670 2390 725 2453 sed
748 2389 788 2454 H.
808 2388 961 2474 Sauppio,
995 2390 1051 2453 sed
1083 2387 1307 2453 Cornelisseno
1335 2388 1605 2473 Baehrensioque,

366 2498 543 2581 postremis
567 2497 753 2580 editoribus,
782 2496 941 2582 probavit.
986 2496 1056 2561 Nos
1080 2498 1126 2561 ita
1149 2498 1313 2581 sentimus,
1342 2518 1423 2579 quae
1446 2498 1482 2561 in
1503 2500 1605 2560 trans·

365 2603 437 2668 leto
467 2603 593 2668 dicendi
620 2625 736 2689 genere
761 2603 871 2669 Cicero
901 2604 939 2667 de
962 2603 1092 2689 harusp.
1111 2626 1193 2689 resp.
1213 2604 1244 2690 3,
1263 2605 1283 2668 6
1307 2605 1341 2668 in
1364 2603 1450 2668 hunc
1473 2604 1605 2668 modum

366 2710 536 2794 copulavit
568 2711 685 2775 aceedit
715 2713 809 2776 cta'aru
841 2714 924 2793 quad
955 2713 1177 2793 easpcaatraue
1203 2713 1344 2777 amulam
1374 2712 1546 2793 fortissime
1578 2716 1607 2775 el

365 2818 546 2883 clarissimo
565 2820 641 2897 uiro,
666 2820 702 2884 Τ.
721 2819 841 2903 Auula
864 2820 972 2885 deuota
996 2825 1023 2884 ct
1045 2821 1210 2885 consituta
1233 2820 1296 2885 lac
1317 2820 1419 2885 hostia
1441 2839 1504 2884 esse
1521 2819 1605 2884 uide·
1620 2848 1647 2887 aa

367 2931 430 3004 tur,
460 2928 511 2990 cul
538 2947 586 2990 rae
606 2928 790 3009 praeripere
817 2928 1002 3009 &pausam
1025 2929 1093 2991 iam
1116 2933 1145 2990 et
1167 2927 1355 2992 miratam
1379 2928 1513 3006 laudem,
1536 2947 1606 2991 caru

369 3035 437 3115 apsa
460 3035 527 3098 eius
549 3053 643 3114 aaa
665 3039 693 3098 et
716 3035 901 3118 dipua'lalera
924 3040 952 3099 et
973 3035 1106 3100 salutem
1127 3035 1347 3116 recuperarim,
1369 3034 1461 3099 ualde
1482 3041 1527 3100 est
1542 3036 1608 3099 iai-

367 3161 475 3221 quum,
505 3162 541 3204 ea
568 3141 651 3205 nihil
679 3141 833 3226 impedire
862 3143 1034 3226 quominus
1063 3164 1121 3206 sno
1144 3141 1278 3226 proprio
1302 3162 1399 3206 sensu
1421 3165 1440 3205 a
1462 3141 1605 3207 Minucio

369 3248 552 3331 composita
581 3252 774 3332 statuamus,
801 3249 848 3314 ita
877 3250 1007 3333 quidem
1031 3253 1068 3313 ut
1091 3249 1255 3333 anaphora
1277 3248 1423 3314 adhibita
1445 3250 1511 3312 vim
1535 3249 1607 3314 rhe-

370 3355 506 3419 toricam
524 3376 591 3419 non
604 3354 719 3419 leviter
733 3357 911 3441 extolleret,
929 3359 997 3420 laur
1012 3357 1214 3438 desponsatas
1226 3359 1294 3420 aa
1308 3357 1488 3420 destinatas.
1520 3356 1554 3421 N
1553 3379 1606 3420 arn

373 3462 459 3544 quod
487 3463 671 3544 desponsam
695 3461 820 3542 Cicero,
849 3464 1051 3544 desponsatas
1078 3462 1240 3527 Minucius
1268 3463 1395 3544 scribit,
1423 3467 1606 3547 temporum

372 3568 544 3633 discrimen
567 3569 765 3655 agnoscitur3
790 3592 871 3654 quae
895 3571 980 3634 enim
1004 3570 1234 3635 vetustioribus
1258 3571 1411 3652 desponsa
1433 3575 1510 3654 erat,
1534 3591 1607 3634 ean-

372 3676 445 3740 dem
473 3678 667 3761 posteriores
695 3665 913 3758 desponsatam
942 3675 1162 3764 appellabant3
1194 3677 1304 3760 itaque
1336 3678 1377 3741 ad
1404 3678 1605 3760 superiorum

369 3804 468 3847 usum
491 3781 605 3847 Festus
630 3782 720 3871 (146,
740 3784 783 3848 24
802 3781 875 3870 Th.)
900 3785 945 3847 ait
968 3805 1037 3848 cum
1061 3785 1213 3865 desperasa
1236 3790 1291 3862 est,
1319 3783 1360 3847 ad
1388 3784 1606 3867 posteriorum

368 3887 492 3954 Paulus
517 3888 562 3976 (p.
580 3888 657 3977 147)
682 3911 751 3956 cuae
772 3891 882 3973 puella
910 3893 1155 3972 desponsaretur.
1193 3889 1256 3955 Sed
1280 3891 1318 3954 de
1346 3890 1510 3974 anaphora
1538 3894 1603 3954 tam
1620 3918 1647 3957 co

370 3997 407 4060 in
430 3996 590 4062 similibus
597 4048 606 4081 ,
633 3997 856 4082 temporibus
880 3999 1003 4083 siquis
1028 3998 1167 4082 dubitet,
1196 4001 1233 4061 ut
1260 3996 1424 4063 mittamus
1452 3996 1531 4061 talia
1553 3997 1605 4062 vel

371 4101 560 4194 Ciceronem
583 4126 649 4169 non
671 4105 828 4190 refugere,
851 4105 939 4170 velut
958 4104 1057 4170 Acad.
1076 4105 1174 4188 prior.
1194 4105 1291 4187 1124,
1311 4103 1353 4168 75
1376 4104 1521 4169 videorne
1539 4105 1605 4182 tibi,
1656 4099 1661 4106 ’

371 4232 437 4276 aaa
459 4216 494 4275 al
511 4210 708 4277 Sataruiuus
724 4215 889 4278 uoraiuare
903 4213 992 4278 maala
1007 4212 1155 4277 inlustres
1167 4213 1314 4291 loruiues,
1337 4213 1393 4276 sed
1415 4213 1509 4277 etiam
1532 4214 1606 4277 lmi-

370 4319 437 4382 tarl
460 4339 633 4401 uumquara
656 4319 873 4398 aracleam,
897 4318 1131 4398 clamarem,
1159 4321 1256 4384 istam
1284 4320 1311 4382 si
1340 4341 1404 4402 qua
1431 4323 1480 4383 est
1508 4319 1607 4383 offen·

369 4425 497 4489 sionem
521 4426 616 4490 tollet
639 4426 732 4512 idem,
756 4449 820 4510 quo
844 4449 942 4512 supra
960 4425 1011 4492 usi
1030 4448 1150 4510 sumus,
1174 4425 1365 4511 Cyprianus,
1390 4426 1446 4508 qui
1466 4426 1504 4489 de
1523 4448 1607 4490 mor-

368 4531 498 4597 talitate
521 4554 546 4597 c.
567 4531 609 4596 25
634 4532 712 4620 (vol.
730 4552 743 4596 1
761 4556 792 4617 p.
811 4532 891 4621 313)
915 4535 961 4598 ita
980 4532 1093 4597 scribit
1110 4534 1141 4598 sa'
1158 4534 1194 4598 la
1211 4531 1387 4597 babltaarlc
1406 4540 1457 4597 luo
1469 4534 1608 4613 parieles

367 4643 518 4704 caudae
539 4645 694 4724 culmem,
717 4647 793 4706 tecla
817 4642 946 4722 desuper
969 4645 1139 4723 treruereat,
1162 4640 1362 4704 damasium
1383 4640 1522 4722 fathala
1538 4640 1607 4703 lara

368 4745 458 4811 lassa
485 4748 640 4830 aedificiis
667 4753 814 4813 scuectute
845 4747 1017 4813 labeata‘bus
1048 4749 1178 4812 ruiuaru
1206 4748 1391 4827 maalmam
1423 4748 1607 4810 minaretur.

368 4851 460 4918 Haec
488 4854 555 4918 ille:
585 4859 617 4919 et
645 4878 704 4921 nos
733 4877 799 4919 non
822 4856 960 4920 feremus
989 4855 1024 4918 in
1046 4854 1190 4919 Minucio
1220 4855 1287 4920 lara
1315 4856 1518 4936 despcrusalas
1539 4853 1608 4915 iam
