3967 5725
398 660 466 724 560
608 662 707 713 LXIII.
726 662 841 713 INDEX
859 662 1074 713 LECTIONUM
1091 662 1323 713 unsrivnnun
1342 664 1421 714 190⁶.

398 823 524 888 orditur
548 823 688 907 scriptor
716 844 788 888 cum
817 822 863 887 ita
885 821 964 887 dicit
988 824 1042 888 δεῖ
1062 824 1122 888 τὸν
1145 824 1386 911 αυμφδοποιδν
1408 824 1470 906 τὴν
1492 825 1635 907 πάτριον

398 930 503 995 αὑτοῦ
531 934 687 1013 γλῶσσαν
714 940 784 1006 τοῖς
810 931 1003 1014 προσώποις
1030 928 1255 1013 περιτιθέναι,
1283 933 1320 993 ut
1343 930 1416 994 dein
1440 931 1571 996 adiiciat
1593 932 1633 995 ab

397 1058 435 1101 ea
459 1059 575 1102 ¹norma
603 1036 682 1121 quid
709 1035 905 1121 excipiatur:
933 1037 995 1119 τὴν
1023 1032 1061 1100 δέ
1088 1034 1267 1121 ἐπιχώριον
1290 1036 1379 1124 αὐτῷ
1399 1034 1525 1125 έιιείνφ.
1554 1036 1634 1102 Eius

397 1165 474 1209 vero
502 1144 703 1228 exceptionis
732 1165 814 1226 quae
841 1143 946 1207 forma
972 1143 1073 1207 fuerit
1101 1143 1266 1226 quaeritur
1289 1148 1322 1207 et
1344 1143 1531 1229 ambigitur.
1565 1143 1635 1220 Qua

397 1252 433 1315 in
459 1273 494 1315 re
523 1251 610 1335 quod
637 1250 805 1315 Kaibelius
833 1272 873 1315 ne
906 1248 1086 1335 ἐπιχώριον
1114 1254 1236 1315 careret
1264 1272 1302 1314 eo
1332 1272 1396 1334 quo
1424 1250 1487 1315 niti
1515 1256 1635 1335 posset,
1667 1272 1671 1277 ’

398 1355 539 1423 ἑκάστου
563 1358 744 1422 addendum
774 1358 911 1440 censuit,
939 1361 976 1421 ut
999 1358 1166 1422 mittamus
1190 1378 1287 1440 quam
1309 1356 1371 1421 hoc
1393 1357 1568 1422 verisimile
1591 1359 1634 1422 sit

398 1486 438 1528 ex
466 1464 556 1552 αὐτῷ
586 1464 684 1547 effici,
713 1462 906 1528 desideravit
934 1484 999 1548 quo
1026 1463 1111 1528 nihil
1138 1484 1220 1549 opus
1254 1468 1336 1528 erat:
1369 1464 1458 1552 αὐτῷ
1485 1465 1571 1529 enim
1600 1467 1635 1529 in

398 1570 566 1654 Bernaysii
588 1570 748 1655 scriptura
770 1568 812 1657 (τ.
829 1572 856 1635 δ.
876 1568 1055 1656 ἐπιχώριον
1074 1570 1165 1659 αὐτῷ
1183 1578 1229 1657 τῷ
1249 1568 1346 1658 ξένῳ)
1365 1591 1431 1635 non
1454 1592 1528 1636 cum
1552 1571 1634 1660 ξένῳ

398 1678 615 1763 coniungitur,
630 1699 694 1762 quo
709 1676 792 1742 nihil
806 1677 948 1761 ineptius
967 1681 1045 1756 erat,
1064 1678 1120 1744 sed
1134 1677 1344 1763 coniungitur
1357 1698 1430 1743 oum
1444 1676 1633 1762 ἐπιχώριον,

359 1811 384 1851 ιο
399 1785 491 1868 quasi
510 1784 596 1848 dicas
615 1784 677 1867 τὴν
695 1784 733 1848 δὲ
751 1781 930 1867 ἐπιχώριον
949 1784 1039 1873 αὐτῷ
1054 1781 1293 1871 (περιτιθέναι)
1317 1793 1362 1873 τῷ
1378 1783 1474 1873 ξένφ;
1493 1785 1527 1849 id
1546 1786 1634 1868 quod

397 1891 530 1956 meliore
555 1889 766 1956 collocatione
784 1890 957 1955 verborum
980 1891 1028 1955 ita
1045 1891 1242 1955 efferendum
1266 1894 1335 1956 crat
1353 1899 1398 1979 τῷ
1414 1874 1452 1956 δὲ
1470 1888 1552 1979 ξένῳ
1571 1893 1634 1975 τὴν

398 1998 577 2083 ἐπιχώριον
604 1996 699 2086 αὐτῷ.
734 1996 878 2084 Longius
906 1997 1008 2082 igitur
1034 1997 1201 2063 Kaibelius
1230 2019 1348 2062 avero
1372 2001 1405 2062 et
1428 2020 1446 2060 a
1469 1998 1633 2083 probabili

398 2104 558 2169 aberravit
586 2127 683 2189 quam
711 2104 801 2169 cuius
830 2126 863 2169 se
887 2104 1071 2169 auctoritati
1099 2104 1296 2189 mancipavit
1319 2104 1521 2189 Bernaysius.
1567 2104 1669 2174 Sedt

397 2211 460 2277 hoc
479 2211 542 2276 iam
560 2209 686 2295 liquido
704 2210 855 2295 apparuit
872 2215 1026 2276 neutrum
1044 2233 1156 2275 eorum
1176 2210 1322 2295 quamvis
1342 2209 1456 2276 Graeci
1475 2213 1632 2277 sermonis

398 2318 526 2405 egregie
555 2318 734 2403 peritorum
762 2317 824 2381 hoc
847 2319 926 2382 satis
954 2303 1137 2402 percepisse
1170 2318 1248 2402 quid
1278 2319 1377 2383 verba
1404 2318 1493 2407 αὐτῷ
1517 2317 1632 2407 ἐκείνῳ

399 2425 462 2490 sibi
480 2424 601 2489 vellent
618 2428 676 2489 aut
694 2446 790 2508 quem
809 2445 903 2488 usum
923 2427 955 2488 et
974 2424 1167 2489 sententiam
1186 2423 1355 2511 habereut,
1375 2425 1462 2509 quod
1486 2426 1514 2490 si
1532 2425 1632 2510 probe

398 2532 646 2617 perspexissent,
660 2554 725 2595 non
740 2529 806 2594 illis
820 2530 1027 2613 potissimum
1037 2531 1227 2595 emendandi
1240 2532 1406 2596 machinas
1415 2532 1633 2597 admovissent

399 2639 454 2703 sed
482 2638 522 2704 ab
552 2639 592 2703 iis
620 2637 684 2703 sibi
711 2637 898 2722 persuaderi
925 2640 1013 2722 passi
1037 2642 1152 2722 essent,
1176 2660 1240 2723 qua
1263 2639 1316 2703 via
1339 2639 1409 2703 sola
1432 2661 1526 2723 opem
1548 2639 1633 2704 ferre

398 2746 454 2811 isti
473 2744 650 2811 sententiae
668 2744 788 2809 liceret.
817 2742 880 2809 Sed
898 2766 936 2808 ea
954 2767 1006 2809 res
1026 2745 1178 2829 quoniam
1196 2745 1244 2809 ita
1262 2767 1295 2810 se
1314 2745 1421 2830 habet,
1439 2767 1505 2811 non
1523 2745 1631 2830 inepte

359 2881 386 2922 ro
400 2875 494 2940 agere
522 2851 780 2918 existimabimur
808 2852 894 2936 quod
921 2851 1143 2937 exemplorum
1171 2853 1264 2937 copia
1287 2852 1401 2918 docere
1423 2852 1632 2936 instituimus,

398 2971 431 3025 et
454 2960 638 3025 creberrimi
667 2981 746 3025 usus
776 2980 845 3024 esse
868 2960 964 3024 istam
986 2960 1105 3024 horum
1127 2965 1356 3045 pronominum
1380 2961 1575 3043 iuncturam,
1598 2966 1633 3024 et

398 3068 450 3132 cui
473 3066 573 3132 menti
597 3067 689 3132 cuive
713 3064 850 3132 consilio
874 3065 984 3131 eadem
1007 3067 1118 3131 iuncta
1140 3066 1377 3132 accommodari
1400 3069 1532 3132 soleant.

486 3173 620 3240 Initium
637 3174 773 3239 facimus
798 3174 837 3238 ab
863 3195 901 3238 eo
925 3173 1012 3257 quod
1035 3174 1129 3238 nobis
1147 3173 1407 3258 antiquissimum
1425 3175 1634 3258 inpromptu

398 3284 448 3345 est
471 3280 654 3366 exemplum
676 3279 840 3365 Aeschyli,
864 3280 920 3365 qui
943 3279 1115 3364 Electram,
1138 3281 1195 3346 ubi
1217 3279 1258 3345 ad
1278 3283 1440 3345 tumulum
1458 3281 1559 3365 patris
1578 3303 1633 3345 ex·

397 3409 508 3472 pressa
531 3388 650 3472 pedum
673 3387 812 3472 vestigia
835 3387 970 3472 aspexit,
992 3386 1039 3450 ita
1061 3388 1248 3470 loquentem
1271 3387 1350 3453 facit
1378 3385 1427 3474 (iu
1451 3386 1632 3472 Ghoephor.

401 3493 462 3558 197
480 3490 563 3580 sqq.)

603 3603 746 3686 καὶμὴν
769 3603 878 3685 στίβοι
901 3623 950 3684 γε,
974 3600 1133 3685 δεύτερον
1155 3603 1344 3684 τεκμήριον,

603 3711 718 3774 ποδῶν
742 3709 850 3790 ὅμοιοι
874 3717 946 3785 τοῖς
967 3705 995 3773 τ’
1019 3706 1150 3789 ἐμοῖσιν
1172 3705 1336 3792 ἐμφερεῖς.

603 3816 657 3881 καὶ
681 3817 744 3899 γδιρ
768 3814 828 3880 δύ’
846 3813 942 3881 ἐστὸν
965 3815 1051 3879 τώδε
1073 3815 1263 3900 περιγραφὰ
1285 3815 1417 3898 ποδοῖν,

356 3949 383 3990 ιο
492 3923 558 3989 200
605 3923 726 3988 αὐτοῦ
750 3919 778 3985 τ’
802 3921 958 3987 ἐκείνου
982 3918 1038 3986 καὶ
1062 3923 1276 4005 συνεμπόρου
1299 3923 1399 3998 τινός.

602 4028 740 4113 πτέρναι
763 4031 929 4094 τενόντων
951 4025 986 4092 c’
1010 4027 1205 4113 ὑπογραφαὶ
1228 4029 1448 4112 μετρούμεναι

604 4138 651 4213 εἰς
673 4135 773 4201 ταύτὸ
798 4135 1022 4219 συμβαίνουσι
1045 4144 1116 4210 τοῖς
1139 4133 1229 4215 ἐμοῖς
1252 4137 1395 4217 στίβοιςε

397 4243 502 4308 αὐτοῦ
530 4241 661 4308 ἐκείνου
689 4241 768 4308 dicit
794 4242 826 4306 b.
852 4263 877 4306 e.
903 4241 972 4306 eins
1004 4241 1095 4306 cuius
1128 4262 1225 4325 supra
1257 4243 1356 4306 semel
1386 4246 1483 4326 atque
1514 4242 1633 4308 iterum

398 4351 595 4416 mentionem
618 4349 696 4414 fecit
719 4346 880 4435 (proxime
902 4370 930 4411 v.
948 4346 1037 4436 186),
1060 4345 1197 4428 Orestis,
1220 4368 1358 4432 eumque
1381 4347 1547 4413 advenisse
1570 4350 1635 4415 hoc

398 4457 535 4522 alterum
554 4454 644 4544 (post
662 4453 848 4542 πλόκαμον)
868 4455 1023 4522 indicium
1036 4452 1212 4541 (δεύτερον
1224 4451 1417 4540 τεκμήριον)
1430 4452 1527 4519 fidem
1545 4454 1635 4539 facit,

399 4564 496 4648 idque
524 4586 562 4629 eo
589 4563 694 4649 magis
723 4563 809 4646 quod
836 4583 903 4627 non
930 4563 1026 4627 nnius
1055 4560 1110 4630 sed
1137 4561 1274 4626 duorum
1302 4561 1471 4627 hominum
1496 4561 1636 4647 vestigia
1689 4575 1697 4586 '

399 4675 627 4756 agnoscuntur,
648 4669 749 4754 ipsius
768 4673 801 4734 et
820 4669 955 4733 alicuius
974 4668 1103 4734 comitis
1121 4668 1199 4732 cius.
1244 4665 1298 4732 Sic
1317 4669 1402 4732 euim
1421 4667 1518 4732 verba
1537 4664 1634 4754 (199)

399 4777 454 4842 nal
476 4777 540 4860 γὰρ
564 4774 615 4841 δύ’
644 4775 742 4841 ἐστὸν
765 4776 849 4842 τώδε
871 4775 1063 4860 περιγραφὰ
1085 4776 1207 4840 ποδοῖν
1225 4773 1411 4859 accipienda
1428 4795 1503 4840 cum
1521 4775 1635 4858 pleris-

400 4903 463 4964 que
486 4882 646 4965 ducimua,
668 4903 735 4946 non
758 4881 925 4948 amborum
948 4881 1067 4966 pedum
1091 4881 1349 4965 circumscriptas
1372 4884 1466 4946 notas
1490 4881 1553 4947 dici
1577 4882 1636 4947 sed
