3967 5725
741 673 791 722 un
809 671 962 723 noman
980 672 1142 723 CARMINE
1160 673 1199 722 1v
1213 675 1237 726 4.
1539 669 1605 734 519

371 839 507 917 uterque
534 832 714 898 rationibus
743 833 887 897 stabilire
916 833 1120 916 studuerunt,
1146 854 1183 897 ac
1206 853 1246 895 ne
1270 829 1429 896 Martinus
1454 830 1604 897 Hertzius

371 940 503 1024 quidem
531 962 604 1005 cum
632 962 658 1003 a.
686 939 771 1004 1892
798 939 927 1003 Horatii
954 939 1058 1004 libros
1087 939 1239 1003 brevibus
1262 938 1534 1003 adnotatiunculis
1558 939 1604 1003 iu-

372 1050 513 1112 structos
537 1047 644 1111 ederet
667 1046 708 1110 ab
733 1067 770 1110 ea
792 1046 937 1111 recedere
961 1068 1058 1110 ausus
1077 1050 1134 1127 est,
1159 1047 1214 1130 qui
1233 1049 1377 1109 extrema
1395 1046 1492 1110 verba
1512 1046 1605 1128 quasi

371 1153 522 1219 cancellis
547 1153 586 1216 ab
606 1151 788 1217 Hannibale
807 1154 939 1218 seclusit
957 1152 1019 1216 hac
1037 1153 1181 1218 subiecta
1200 1152 1406 1216 adnotatione
1425 1173 1452 1216 a.
1474 1152 1605 1216 73-76

372 1261 508 1326 Horatia
530 1261 671 1325 tribuant
692 1259 883 1339 sdwliastaa
907 1258 1089 1325 Hannibali
1105 1259 1248 1340 plerique
1265 1259 1395 1323 editores
1416 1261 1604 1325 recentiores,

371 1367 461 1431 Haec
484 1387 557 1432 oum
581 1367 833 1450 consideramus,
857 1366 1015 1450 quidquid
1038 1367 1084 1430 ait
1107 1365 1267 1449 Hertzius,
1289 1385 1355 1428 non
1379 1365 1497 1430 iniuria
1520 1365 1604 1430 vide-

370 1497 444 1538 mur
472 1456 644 1556 affirmare,
673 1494 755 1557 quae
781 1474 970 1558 praesertim
1000 1473 1190 1560 Kiesslingii
1223 1473 1308 1557 apud
1335 1473 1507 1557 plerosque
1536 1494 1605 1538 esse

370 1581 546 1645 auctoritas
574 1580 670 1664 solet,
697 1579 782 1645 hanc
809 1579 905 1645 hodie
933 1580 1092 1663 potiorem
1120 1581 1311 1644 sententiam
1335 1579 1455 1644 haberi.
1502 1577 1603 1655 Quam

371 1687 523 1771 quoniam
547 1687 661 1751 falsam
685 1708 754 1752 esse
781 1685 961 1751 iudicamus
990 1690 1022 1751 et
1045 1690 1158 1770 poetae
1181 1687 1387 1771 poematique
1411 1685 1603 1751 detrimento

369 1795 466 1878 verti,
488 1794 624 1858 fortasse
646 1814 713 1857 non
735 1793 838 1876 inepti
861 1793 1042 1857 videbimur
1066 1792 1153 1876 quod
1181 1793 1264 1858 hanc
1291 1815 1419 1858 causam
1447 1793 1602 1878 agendam
1618 1819 1644 1858 ro

370 1901 577 1985 suscepimus,
601 1923 639 1965 eo
663 1901 770 1964 minus
795 1899 881 1985 quod
903 1922 944 1964 ne
968 1900 991 1962 ii
1013 1901 1143 1983 quidem
1163 1901 1219 1984 qui
1241 1900 1343 1983 probe
1365 1900 1547 1966 iudicarunt
1570 1900 1604 1964 id

368 2009 523 2074 iudicium
548 2007 746 2092 argumentis
770 2008 881 2091 probis
910 2012 942 2072 et
965 2006 1007 2071 ad
1029 2006 1286 2091 persuadendum
1310 2008 1467 2091 appositis
1490 2007 1603 2072 fulcire

331 2126 352 2180 c
369 2118 553 2199 potuerunt.
576 2114 677 2178 Velut
691 2112 830 2178 Orellius
848 2135 929 2197 quae
944 2115 1075 2198 scripsit
1094 2113 1369 2179 ‘honorificentius
1385 2135 1453 2178 esse
1467 2112 1603 2180 Neroni-

368 2223 428 2286 bus
451 2221 578 2286 hostem
607 2221 647 2285 iis
675 2224 790 2306 utpote
817 2222 939 2285 iustum
963 2243 1075 2285 eorum
1102 2221 1232 2284 virtutis
1264 2221 1501 2286 aestimatorem
1529 2242 1601 2305 pro·

368 2351 493 2412 speram
516 2328 682 2393 fortunam
701 2328 868 2392 vaticinari
892 2331 924 2392 et
942 2327 1046 2412 magis
1065 2331 1195 2411 poetam
1211 2327 1321 2392 decere
1340 2349 1468 2392 carmen
1487 2328 1521 2391 in
1539 2327 1601 2393 hoe

366 2436 554 2499 vaticinium
583 2434 776 2498 Hannibalis
804 2434 912 2517 exire,
940 2434 1067 2499 etiamsi
1096 2435 1173 2519 quid
1206 2436 1273 2498 veri
1305 2435 1423 2500 habere
1455 2434 1600 2520 largiare,

367 2542 445 2625 quid
473 2546 669 2625 quantumve
697 2541 803 2606 valere
831 2541 919 2606 dicas
946 2543 982 2606 in
1009 2541 1071 2605 hac
1094 2542 1313 2607 controversia
1334 2547 1423 2621 nata,
1447 2547 1503 2607 aut
1526 2546 1601 2606 ante

367 2647 523 2733 Orellium
547 2651 603 2733 qui
626 2648 754 2733 prolixa
776 2649 983 2714 adnotatione
1008 2649 1156 2714 similiter
1184 2649 1415 2732 interpretatus
1438 2653 1487 2713 est
1511 2648 1600 2714 Chri-

365 2757 489 2820 stianus
512 2754 551 2819 D.
570 2754 680 2820 lanius
705 2753 746 2842 (a.
768 2752 879 2841 1782),
902 2755 942 2819 ab
967 2753 1086 2820 Ottono
1105 2753 1235 2819 Kellero
1264 2753 1461 2842 (Epilegom.
1486 2754 1598 2821 Horat.

366 2864 428 2927 vol
443 2881 469 2927 11
482 2886 513 2947 p.
528 2862 609 2949 314)
628 2864 713 2928 idem
732 2864 799 2928 fere
817 2863 976 2928 sentiente
993 2885 1061 2927 non
1079 2864 1241 2928 immerito
1260 2849 1418 2948 laudatus,
1437 2884 1509 2928 cum
1530 2885 1598 2928 sen·
1613 2891 1639 2930 so

364 2972 538 3035 tentiarum
552 2972 638 3035 viam
656 2971 704 3035 ita
722 2970 875 3034 describit
894 2970 1063 3035 Hannibal
1081 2972 1200 3053 inperiti
1220 2969 1350 3035 Claudii
1363 2971 1500 3035 Neronis
1515 2972 1598 3051 facto

363 3080 401 3142 in
419 3080 600 3159 interempto
614 3077 818 3143 Hasdrubale
829 3079 993 3158 parentans
1011 3097 1096 3141 nana
1113 3078 1180 3141 iarn
1198 3078 1280 3141 nibil
1299 3097 1361 3142 esse
1378 3078 1500 3142 indicat
1517 3080 1600 3159 qaod

364 3192 430 3250 tarn
453 3185 493 3249 ab
515 3187 582 3267 ipso
606 3185 661 3248 boe
679 3183 814 3249 Claudia
837 3204 932 3264 qaarn
956 3185 1083 3248 ornaina
1107 3203 1128 3247 a
1150 3184 1230 3248 uiris
1253 3181 1392 3247 Glandia
1412 3188 1500 3265 pente
1521 3186 1598 3248 artis

356 3294 471 3375 perfici
492 3294 529 3356 in
545 3297 705 3373 pestanrn
728 3311 791 3355 nan
807 3291 916 3370 possit,
940 3290 1079 3353 camilli
1099 3291 1183 3371 penti
1206 3296 1235 3354 et
1256 3290 1304 3354 dii
1326 3290 1476 3370 inprimis
1491 3290 1597 3369 favae

363 3406 391 3463 et
407 3399 581 3481 prudentia
608 3399 823 3479 sapacitasqae
849 3396 958 3461 bellica
984 3416 1049 3460 sese
1073 3402 1234 3476 tamqnam
1258 3396 1437 3461 ministram
1460 3396 1596 3461 adiutri-

362 3525 483 3586 cernqae
506 3505 667 3569 addixisse
689 3505 844 3568 videretur
871 3508 904 3568 et
931 3506 1049 3586 cetera,
1077 3506 1114 3566 ut
1137 3504 1303 3567 mittamus
1328 3525 1409 3587 quae
1431 3504 1466 3568 in
1488 3502 1540 3567 his
1563 3509 1596 3569 et

363 3610 395 3672 in
411 3610 451 3674 iis
466 3632 548 3693 quae
561 3631 659 3694 porro
675 3609 862 3693 exsequitur
875 3612 1007 3693 peccata
1021 3614 1104 3693 sunt,
1120 3609 1198 3692 quid
1212 3609 1273 3673 hac
1281 3610 1453 3675 verborum
1466 3610 1594 3676 luxuria

362 3717 503 3780 effecisse
516 3716 680 3801 putandus
694 3721 743 3781 ast
757 3716 842 3801 quod
858 3715 1071 3781 ratiocinandi
1085 3717 1274 3781 necessitate
1288 3718 1480 3782 convineat?
1500 3715 1593 3782 Certe

360 3844 422 3887 nec
447 3822 483 3886 hi
512 3824 574 3887 duo
598 3844 658 3887 nec
681 3823 737 3887 alii
760 3824 788 3887 si
811 3825 867 3906 qui
891 3822 994 3887 eidem
1023 3824 1167 3907 opinioni
1197 3823 1363 3908 astipulati
1391 3827 1468 3887 sunt
1490 3823 1592 3888 ullum

361 3951 472 3995 eorum
496 3935 720 4015 argumentum
740 3930 919 4015 attuleruut
937 3932 1055 4013 quibus
1076 3952 1144 3994 rem
1164 3931 1279 3995 confici
1297 3952 1392 4014 posse
1410 3929 1503 3995 nobis
1522 3953 1592 4015 per·
1606 3958 1633 3996 aa

359 4058 489 4101 suasum
515 4041 571 4101 est.

448 4143 595 4209 Alteram
609 4149 717 4209 autem
732 4150 851 4210 sectam
869 4146 1092 4229 rationemque
1106 4145 1216 4227 secuti,
1235 4144 1379 4209 Ritterus
1398 4149 1431 4209 et
1446 4144 1588 4228 quicum

359 4273 397 4315 eo
412 4253 566 4336 fecerunt,
582 4252 644 4317 dici
658 4254 713 4317 vix
731 4256 840 4337 potest
859 4256 980 4336 quanto
1002 4273 1097 4334 opere
1112 4274 1186 4317 cum
1199 4252 1370 4317 verborum
1384 4253 1449 4316 vim
1464 4255 1497 4316 et
1509 4274 1588 4336 pon-

359 4360 418 4423 dus
446 4363 516 4424 tum
545 4360 775 4424 sententiarum
801 4359 1088 4425 conformationem
1116 4363 1148 4423 et
1171 4380 1291 4423 nexum
1313 4360 1514 4445 negligentes
1537 4358 1587 4423 vel

311 4542 318 4548 ⁶
358 4487 456 4549 prave
470 4468 673 4551 interpretati
687 4490 706 4531 a
720 4489 795 4532 vero
810 4471 924 4551 poetae
938 4488 1035 4530 sensu
1050 4465 1274 4530 aberraverint.
1298 4466 1443 4531 Ritterus
1458 4465 1587 4549 quidem

358 4573 454 4637 ctiam
474 4597 492 4638 a
511 4573 757 4638 scholiastarum
775 4573 894 4638 iudicio
914 4573 1032 4637 erroris
1047 4573 1097 4637 sui
1111 4572 1306 4657 praesidium
1320 4572 1497 4657 requisivit,
1518 4574 1587 4656 qui·

357 4678 418 4743 bus
437 4700 477 4743 ne
492 4679 642 4744 Hertzius
663 4680 792 4764 quidem
809 4679 893 4744 nihil
911 4679 1052 4744 tribuere
1072 4679 1206 4745 videtur.
1240 4677 1384 4755 Quorum
1404 4678 1586 4763 Porphyrio

357 4786 444 4867 quod
468 4786 507 4849 ad
532 4810 560 4849 v.
576 4786 618 4849 73
646 4787 728 4851 nibil
752 4785 907 4851 Claudiae
929 4808 959 4851 n.
977 4808 1013 4867 p.
1036 4808 1076 4851 rn.
1100 4786 1266 4850 adnotavit
1293 4786 1368 4850 baec
1393 4788 1460 4850 iarn
1478 4792 1587 4867 poetae

355 4892 448 4957 acrba
470 4898 550 4971 sant,
573 4914 636 4957 non
658 4895 741 4957 enirn
765 4893 866 4958 addae
888 4892 1097 4971 Hannibalis,
1120 4894 1198 4957 item
1222 4892 1306 4958 Acro
1331 4894 1385 4977 qui
1410 4891 1528 4958 dicitur
1546 4894 1586 4957 ad
