3967 5725
809 618 898 682 88
1089 619 1392 669 XXXVIII.
1432 618 1661 668 INDEX
1700 615 2136 667 LEOTIONUM
2170 613 2654 665 HIBERNARUM
2695 609 2957 683 1893s94.

814 803 1003 846 causa
1040 780 1218 844 Petri
1255 778 1586 861 iudicium,
1622 799 1918 842 veremur
1952 798 2035 841 ne
2074 775 2377 841 subtilius
2415 774 2750 858 explorata
2776 774 3069 839 oratione
3099 796 3286 839 secus

813 887 1217 952 sentiendum
1266 887 1365 951 sit.
1452 882 1578 949 Sed
1625 888 1842 949 tamen
1888 884 2005 948 illa
2051 881 2416 947 tolerabilia
2463 904 2598 947 esse
2645 881 3080 947 concedimus:
3124 881 3283 947 ferri

811 1017 963 1058 vero
1019 1016 1150 1058 non
1204 1013 1394 1078 posse
1451 990 1838 1056 arbitramur
1894 991 2068 1075 quod
2124 989 2447 1055 similibus
2492 988 2853 1054 rationibus
2900 990 3129 1054 ductus
3174 989 3286 1054 W.

692 1141 698 1147 ·
815 1100 1146 1165 Gilbertus
1214 1096 1311 1185 (in
1363 1096 1762 1163 Fleckeiseni
1828 1096 2169 1162 annalibus
2216 1120 2269 1161 a.
2322 1096 2494 1161 1878
2550 1120 2610 1181 p.
2662 1093 2821 1181 784)
2886 1100 3289 1162 commentus

812 1212 930 1291 est,
968 1208 1080 1290 qni
1117 1228 1249 1271 non
1287 1204 1449 1269 illud
1489 1204 1812 1270 distichon
1851 1204 1960 1269 sed
1999 1225 2222 1267 versus
2261 1202 2408 1268 804.
2450 1202 2580 1267 805
2618 1202 3069 1287 exstirpandos
3104 1208 3289 1268 ratus

811 1316 980 1381 hanc
1045 1315 1402 1379 orationem
1477 1311 1654 1397 (nam
1718 1311 1876 1376 talia
1937 1317 2015 1375 ut
2077 1332 2268 1394 saepe
2333 1309 2605 1374 dicimus
2671 1309 2875 1375 oculis
2940 1310 3292 1394 animoque

815 1420 1214 1486 subiicienda
1262 1418 1442 1505 sunt)

1403 1526 1570 1590 unde
1613 1525 1810 1589 trahit
1854 1524 2119 1590 Marcia
2164 1530 2338 1589 easta
2379 1544 2587 1606 yeme&
2622 1520 2626 1525 ’

960 1634 1090 1698 803
1184 1634 1463 1712 Man-cia,
1509 1633 1794 1715 sacrifico
1841 1633 2169 1697 deductum
2215 1652 2438 1696 nomen
2484 1630 2563 1694 alb
2607 1631 2786 1695 Anco

735 1770 790 1810 10
823 1810 828 1816 ,
963 1740 1092 1805 806
1272 1742 1366 1805 Et
1406 1760 1602 1823 ‚qenns
1646 1746 1703 1804 et
1741 1741 1939 1821 facies
1982 1740 2425 1821 ingeniumque
2466 1738 2659 1803 simul

813 1847 1205 1933 peritissimo
1273 1852 1502 1931 poetae
1569 1846 1912 1911 obtrudere
1969 1868 2106 1911 non
2170 1844 2519 1910 dubitavit:
2586 1845 2700 1927 qui
2763 1844 3023 1929 quidem
3084 1802 3294 1910 sensit

814 1956 972 2040 ipse,
1007 1975 1218 2039 neque
1246 1976 1505 2019 sensum
1534 1953 1943 2018 verissimum
1982 1952 2318 2018 confutare
2347 1952 2637 2036 debebat,
2669 1953 2901 2034 faeiem
2936 1954 3295 2036 ingenium·—

812 2080 1019 2144 quea
1076 2062 1401 2127 deductum
1456 2059 1802 2145 participio
1857 2060 2135 2144 pendere
2190 2081 2325 2124 non
2376 2076 2593 2143 posse,
2658 2059 2821 2126 illud
2876 2081 3010 2124 non
3068 2059 3294 2138 sensit,

813 2156 1040 2234 nomen
1084 2174 1141 2235 et
1178 2187 1374 2251 yenns
1420 2189 1616 2251 prave
1668 2189 1792 2231 uno
1841 2166 2065 2231 ordine
2112 2166 2455 2231 recenseri:
2514 2188 2642 2250 quo
2691 2165 2863 2231 enim
2918 2166 3295 2233 discrimine-

815 2276 942 2340 duo
978 2275 1243 2344 nomina
1280 2275 1596 2361 distingui
1634 2276 1890 2359 putavit
1925 2275 2179 2338 nullum
2218 2277 2336 2358 est,
2378 2294 2590 2357 neque
2626 2272 2707 2337 iis
2742 2273 2871 2340 nisi
2908 2272 3291 2337 varietatem

816 2384 1123 2448 orationis
1180 2382 1401 2466 quaeri
1456 2383 1560 2446 vel
1614 2380 1729 2445 illa
1785 2380 2011 2446 docere
2065 2384 2341 2464 possunt
2398 2402 2560 2464 quae
2616 2402 2809 2464 supra
2869 2380 2947 2444 de
2993 2380 3296 2463 epistolis

815 2511 894 2553 ex
931 2489 1143 2555 Ponto
1163 2489 1539 2554 attulimus.
1603 2486 1732 2552 Sed
1765 2487 1944 2580 Petri
1983 2486 2299 2570 ἀθέτησις
2336 2486 2571 2571 quibus
2610 2487 3005 2573 argumentis
3041 2488 3295 2555 nitatur

814 2595 1416 2679 inquirendumest.
1480 2594 1604 2671 Qui
1632 2593 1914 2678 primum
1949 2593 2241 2658 Gilberto
2280 2592 2634 2658 assentiens
2663 2595 3057 2679 vituperavit
3094 2593 3297 2658 verba

804 2724 938 2786 par
989 2704 1207 2778 animo
1235 2722 1494 2783 ,quoqne
1543 2703 1755 2781 forma
1807 2718 1919 2766 sno
1973 2702 2331 2783 responden
2396 2700 2548 2785 quia
2609 2700 2778 2765 enim
2836 2700 2914 2766 de
2968 2701 3131 2765 facie
3185 2700 3293 2765 vel

736 2838 792 2880 »ο
818 2811 1030 2876 forma
1057 2813 1265 2895 *poeta
1300 2808 1484 2892 loqui
1523 2808 1857 2893 coepisset,
1903 2829 2038 2873 non
2072 2810 2290 2874 animo
2324 2828 2560 2892 qnoque
2590 2809 2867 2891 formam
2903 2808 3014 2873 sed
3045 2809 3301 2891 formae

818 2921 1107 2982 animum
1162 2937 1396 2999 quoqne
1436 2937 1666 2998 parem
1719 2916 2087 2997 respondere
2142 2915 2479 2979 dicendum
2543 2915 2761 2979 fuisse.
2853 2915 3101 2992 Quibus
3157 2938 3289 2980 non
3409 2902 3435 2995 J

818 3027 942 3090 hoc
989 3024 1393 3106 obiiciemuS‚
1449 3023 1619 3106 apud
1664 3026 1911 3087 veteres
1968 3025 2103 3086 tam
2146 3020 2431 3087 -Graecos
2480 3044 2672 3106 quam
2717 3021 3046 3087 Romanos
3094 3023 3163 3086 in
3209 3022 3296 3087 iis

821 3155 985 3216 quae
1033 3133 1201 3196 inter
1248 3153 1315 3195 se
1362 3130 1840 3194 contenduntur
1881 3150 2071 3212 saepe
2108 3128 2341 3193 variari
2381 3129 2690 3213 oratione,
2734 3133 2810 3193 ut
2848 3151 2993 3194 cum
3028 3129 3156 3195 hoc
3192 3129 3293 3193 illi

821 3238 1032 3312 simile
1087 3239 1284 3302 fuisse
1339 3236 1679 3301 dicendum
1733 3235 1962 3319 fuerit,
1985 3292 1989 3296 .
2014 3235 2177 3299 illud
2233 3236 2385 3301 huic
2432 3258 2571 3300 esse
2619 3237 2827 3301 simile
2873 3236 3151 3302 dicatur:
3213 3238 3299 3301 de

823 3368 951 3429 quo
1001 3366 1232 3431 genere
1281 3344 1454 3428 quod
1500 3365 1686 3426 saepe
1733 3342 1957 3406 multis
1995 3343 2382 3408 nostratium
2422 3343 2752 3430 cogitandi
2789 3365 2968 3408 more
3004 3343 3299 3429 deceptis

823 3453 1166 3518 offensioni
1213 3452 1365 3535 fuit,
1423 3450 1579 3514 alibi
1626 3449 1816 3534 plura
1863 3451 2332 3536 congessimus3
2389 3452 2738 3535 eodemque
2783 3450 2976 3516 modo
3023 3449 3301 3516 Ovidius

820 3563 961 3645 ipse
1001 3581 1191 3624 versu
1229 3580 1424 3642 supra
1461 3558 1668 3624 citato,
1698 3579 1777 3621 ex
1814 3557 2028 3622 Ponto
2058 3575 2137 3621 111
2167 3557 2225 3642 3,
2266 3557 2350 3622 99
2370 3557 2617 3622 scribit
2658 3556 3040 3623 Conveniens
3076 3560 3301 3624 animo

816 3687 1013 3750 ‚qenns
1056 3673 1144 3732 est
1186 3667 1324 3731 tibi:
1372 3665 1575 3730 nobile
1617 3686 1887 3747 namque
1910 3671 2127 3747 pectus
2155 3715 2169 3728 .
2200 3715 2213 3729 .
2242 3665 2443 3744 habes,
2490 3665 2603 3729 ubi
2644 3664 3001 3749 exspectari
3036 3669 3300 3748 poterat

824 3781 1049 3837 contra
1101 3777 1309 3853 'must-ri
1365 3760 1653 3833 :sm‘mmrn-
1709 3775 2160 3836 convenientem
2207 3792 2332 3837 esse
2379 3772 2529 3856 dici,
2592 3772 2897 3856 quoniam
2951 3771 3031 3837 de
3077 3773 3301 3838 animo

740 3913 792 3949 au
824 3881 1149 3965 deinceps?
1209 3905 1329 3941 nrm
1397 3881 1469 3941 ὼ,-
1529 3900 1758 3965 gauere
1814 3880 2049 3965 agitur.
2143 3877 2268 3943 Sed
2325 3901 2397 3942 ea
2451 3901 2571 3943 nos
2625 3878 2877 3943 ratione
2930 3894 3106 3944 nunc
3158 3901 3296 3943 non

824 3989 1093 4069 utimur,
1157 3989 1261 4069 qui
1313 3989 1405 4049 sic
1453 3997 1756 4069 putamus
1805 3984 2107 4051 Ovidium
2156 3987 2399 4070 optime
2447 3985 2798 4050 sententias
2847 4007 2994 4051 suas
3043 3985 3303 4051 confor-

824 4117 1049 4173 masse,
1097 4097 1257 4157 nihil
1313 4101 1377 4157 ui
1433 4094 1862 4158 animationis
1911 4093 2215 4178 indigeat.
2307 4091 2569 4157 Etenim
2615 4092 2859 4176 duplici
2894 4092 3084 4156 faciei
3122 4113 3303 4157 com·

824 4201 1157 4285 paratione
1197 4205 1497 4265 instituta
1537 4225 1677 4265 rum
1715 4202 1993 4284 primum
2030 4200 2259 4264 faciem
2300 4199 2433 4266 sive
2460 4200 2735 4264 formam
2764 4199 3044 4265 Marciae
3070 4221 3300 4284 parem

360 4321 364 4353 ¹
376 4329 720 4453 ἑὲ
824 4329 964 4373 suas
1000 4329 1145 4373 cum
1185 4309 1521 4369 nobilitate
1565 4309 1832 4393 generis,
1880 4330 1917 4371 a
1954 4308 2138 4372 cuius
2174 4308 2363 4371 laude
2400 4328 2668 4371 exorsus
2712 4310 2831 4390 est,
2878 4306 3107 4370 deinde
3146 4328 3293 4371 cum

384 4433 616 4437 -—·
676 4405 732 4453 ἶ*
768 4417 1041 4485 -.ιιιίῑηῡ
1093 4437 1345 4497 quoque
1397 4417 1529 4477 eius
1581 4421 1641 4477 et
1687 4414 1947 4498 ingenio
1996 4414 2274 4477 formam
2319 4414 2632 4478 faciemve
2666 4435 2889 4496 parem
2927 4423 3067 4477 esse
3105 4414 3304 4498 dicat,
3363 4433 3374 4468 -·

880 4521 1349 4606 squabiliiatsrfl
1409 4521 1723 4602 quandam
1782 4521 2095 4584 orationis
2152 4524 2483 4585 assecutus
2550 4524 2647 4584 est
2701 4521 2771 4584 in
2826 4541 2955 4605 qua
3007 4541 3137 4584 non
3196 4524 3304 4584 est

920 4626 1004 4694 ed
1049 4626 1549 4710 reprehendatur
1597 4630 1706 4690 aut
1754 4627 2056 4691 offendat.
2146 4627 2349 4692 Porro
2397 4627 2590 4692 iidem
2637 4627 2761 4693 viri
2808 4627 2981 4692 docti
3029 4648 3294 4692 consen-

360 4381 372 4437 π

928 4738 1061 4818 μεθ
1109 4734 1505 4818 tautologiae.
1553 4733 1910 4801 molestiam
1958 4735 2311 4819 increpant,
2359 4756 2487 4818 qua
2530 4736 2633 4800 his
2669 4735 2964 4819 pauculis
3000 4732 3302 4798 versibus

928 4834 1245 4966 Wffidfl
1305 4846 1429 4922 ΠΡ,
1493 4838 1585 4902 his
1641 4842 1803 4918 facie
1857 4841 2058 4905 semel
2108 4844 2320 4922 forma
2375 4842 2723 4927 appellata,
2777 4841 3143 4928 legentibus
3200 4841 3305 4904 in-

588 5166 1586 5386 μή,
