<?xml version="1.0" encoding="UTF-8"?>
<!DOCTYPE html PUBLIC "-//W3C//DTD XHTML 1.0 Transitional//EN"
    "http://www.w3.org/TR/xhtml1/DTD/xhtml1-transitional.dtd">
<html xmlns="http://www.w3.org/1999/xhtml" xml:lang="en" lang="en">
 <head>
  <title>
</title>
<meta http-equiv="Content-Type" content="text/html;charset=utf-8" />
  <meta name='ocr-system' content='tesseract 3.04.00' />
  <meta name='ocr-capabilities' content='ocr_page ocr_carea ocr_par ocr_line ocrx_word'/>
</head>
<body>
  <div class='ocr_page' id='page_1' title='image "./iohannisvahleni00vahlgoog/iohannisvahleni00vahlgoog_0499.png"; bbox 0 0 3967 5725; ppageno 0'>
   <div class='ocr_carea' id='block_1_1' title="bbox 458 644 1618 709">
    <p class='ocr_par' dir='ltr' id='par_1_1' title="bbox 458 644 1618 709">
     <span class='ocr_line' id='line_1_1' title="bbox 458 644 1618 709; baseline 0.001 -11"><span class='ocrx_word' id='word_1_1' title='bbox 458 647 740 699; x_wconf 77' lang='lat' dir='ltr'><strong>ADNOTATIONES</strong></span> <span class='ocrx_word' id='word_1_2' title='bbox 758 646 1018 698; x_wconf 82' lang='lat' dir='ltr'>GRAMMATIOAE</span> <span class='ocrx_word' id='word_1_3' title='bbox 1037 649 1076 698; x_wconf 90' lang='lat' dir='ltr'><strong>IN</strong></span> <span class='ocrx_word' id='word_1_4' title='bbox 1096 646 1296 699; x_wconf 82' lang='lat' dir='ltr'>SOPHOCLIS</span> <span class='ocrx_word' id='word_1_5' title='bbox 1313 647 1516 700; x_wconf 83' lang='lat' dir='ltr'><strong>ELECTRAM.</strong></span> <span class='ocrx_word' id='word_1_6' title='bbox 1554 644 1618 709; x_wconf 83' lang='grc' dir='ltr'><strong>5οῙ</strong></span> 
     </span>
    </p>
   </div>
   <div class='ocr_carea' id='block_1_2' title="bbox 334 806 1661 4964">
    <p class='ocr_par' dir='ltr' id='par_1_2' title="bbox 334 806 1661 4964">
     <span class='ocr_line' id='line_1_2' title="bbox 560 806 1591 893; baseline -0.003 -20"><span class='ocrx_word' id='word_1_7' title='bbox 560 813 564 818; x_wconf 82' lang='grc'>’</span> <span class='ocrx_word' id='word_1_8' title='bbox 601 806 741 893; x_wconf 85' lang='grc' dir='ltr'><strong><em>μέλαινά</em></strong></span> <span class='ocrx_word' id='word_1_9' title='bbox 763 806 798 872; x_wconf 89' lang='grc' dir='ltr'><strong>τ’</strong></span> <span class='ocrx_word' id='word_1_10' title='bbox 820 809 974 893; x_wconf 89' lang='grc' dir='ltr'><strong><em>άστρων</em></strong></span> <span class='ocrx_word' id='word_1_11' title='bbox 999 806 1188 873; x_wconf 78' lang='grc' dir='ltr'><strong><em>ἐκλέλοιπεν</em></strong></span> <span class='ocrx_word' id='word_1_12' title='bbox 1212 809 1369 893; x_wconf 90' lang='grc' dir='ltr'><strong><em>εὐφρόνη.</em></strong></span> <span class='ocrx_word' id='word_1_13' title='bbox 1426 815 1471 872; x_wconf 67' lang='lat' dir='ltr'><strong>J»</strong></span> <span class='ocrx_word' id='word_1_14' title='bbox 1590 863 1591 870; x_wconf 72' lang='grc'>,</span> 
     </span>
     <span class='ocr_line' id='line_1_3' title="bbox 387 910 1617 1001; baseline 0.001 -22"><span class='ocrx_word' id='word_1_15' title='bbox 387 957 390 962; x_wconf 96' lang='grc'>-</span> <span class='ocrx_word' id='word_1_16' title='bbox 477 924 497 949; x_wconf 80' lang='lat'><strong>&#39;·</strong></span> <span class='ocrx_word' id='word_1_17' title='bbox 512 915 556 979; x_wconf 84' lang='lat'><strong>20</strong></span> <span class='ocrx_word' id='word_1_18' title='bbox 601 914 681 1001; x_wconf 77' lang='grc' dir='ltr'><strong><em>πρὶν</em></strong></span> <span class='ocrx_word' id='word_1_19' title='bbox 705 910 767 981; x_wconf 85' lang='grc' dir='ltr'><strong><em>οὖν</em></strong></span> <span class='ocrx_word' id='word_1_20' title='bbox 789 913 853 979; x_wconf 87' lang='grc' dir='ltr'><strong><em>τιν’</em></strong></span> <span class='ocrx_word' id='word_1_21' title='bbox 881 915 1016 1000; x_wconf 83' lang='grc' dir='ltr'><strong><em>ιἰνύρῶν</em></strong></span> <span class='ocrx_word' id='word_1_22' title='bbox 1039 912 1265 1001; x_wconf 77' lang='grc' dir='ltr'><strong><em>ἐξοδοιπορεῖν</em></strong></span> <span class='ocrx_word' id='word_1_23' title='bbox 1288 915 1414 1000; x_wconf 78' lang='grc' dir='ltr'><strong><em>στέγης,</em></strong></span> <span class='ocrx_word' id='word_1_24' title='bbox 1483 922 1507 980; x_wconf 73' lang='grc' dir='ltr'><strong>ζ,</strong></span> <span class='ocrx_word' id='word_1_25' title='bbox 1615 947 1617 954; x_wconf 36' lang='lat'>⁸</span> 
     </span>
     <span class='ocr_line' id='line_1_4' title="bbox 551 1020 1334 1106; baseline -0.003 -18"><span class='ocrx_word' id='word_1_26' title='bbox 551 1052 554 1060; x_wconf 91' lang='lat'><strong>·</strong></span> <span class='ocrx_word' id='word_1_27' title='bbox 603 1021 805 1100; x_wconf 79' lang='grc' dir='ltr'><strong><em>ξυνάπτετον</em></strong></span> <span class='ocrx_word' id='word_1_28' title='bbox 828 1024 990 1105; x_wconf 80' lang='grc' dir='ltr'><strong><em>λόγοισιν·</em></strong></span> <span class='ocrx_word' id='word_1_29' title='bbox 1016 1023 1060 1099; x_wconf 86' lang='grc' dir='ltr'><strong>ὡς</strong></span> <span class='ocrx_word' id='word_1_30' title='bbox 1083 1020 1219 1088; x_wconf 77' lang='grc' dir='ltr'><strong><em>ἐνταῦθ’</em></strong></span> <span class='ocrx_word' id='word_1_31' title='bbox 1247 1021 1334 1106; x_wconf 83' lang='grc' dir='ltr'><strong><em>ἐμέν,</em></strong></span> 
     </span>
     <span class='ocr_line' id='line_1_5' title="bbox 600 1128 1410 1215; baseline -0.001 -21"><span class='ocrx_word' id='word_1_32' title='bbox 600 1129 651 1194; x_wconf 80' lang='grc' dir='ltr'><strong><em>ἵν’</em></strong></span> <span class='ocrx_word' id='word_1_33' title='bbox 674 1128 788 1195; x_wconf 88' lang='grc' dir='ltr'><strong><em>οὐκέτ’</em></strong></span> <span class='ocrx_word' id='word_1_34' title='bbox 811 1129 925 1195; x_wconf 82' lang='grc' dir='ltr'><strong><em>ὀκνεῖν</em></strong></span> <span class='ocrx_word' id='word_1_35' title='bbox 946 1130 1061 1215; x_wconf 84' lang='grc' dir='ltr'><strong><em>καιρὸς</em></strong></span> <span class='ocrx_word' id='word_1_36' title='bbox 1084 1129 1156 1195; x_wconf 77' lang='grc' dir='ltr'><strong><em>ἀλλ’</em></strong></span> <span class='ocrx_word' id='word_1_37' title='bbox 1183 1132 1293 1213; x_wconf 82' lang='grc' dir='ltr'><strong><em>ἔργων</em></strong></span> <span class='ocrx_word' id='word_1_38' title='bbox 1315 1129 1410 1215; x_wconf 81' lang='grc' dir='ltr'><strong><em>άκμή.</em></strong></span> 
     </span>
     <span class='ocr_line' id='line_1_6' title="bbox 386 1234 1620 1321; baseline 0 -19"><span class='ocrx_word' id='word_1_39' title='bbox 386 1237 456 1303; x_wconf 90' lang='lat' dir='ltr'><strong>Hos</strong></span> <span class='ocrx_word' id='word_1_40' title='bbox 485 1259 609 1321; x_wconf 87' lang='lat' dir='ltr'><strong>versus,</strong></span> <span class='ocrx_word' id='word_1_41' title='bbox 637 1239 671 1301; x_wconf 90' lang='lat' dir='ltr'><strong>in</strong></span> <span class='ocrx_word' id='word_1_42' title='bbox 700 1237 819 1320; x_wconf 91' lang='lat' dir='ltr'><strong>quibus</strong></span> <span class='ocrx_word' id='word_1_43' title='bbox 846 1237 949 1301; x_wconf 91' lang='lat' dir='ltr'><strong>multa</strong></span> <span class='ocrx_word' id='word_1_44' title='bbox 975 1237 1109 1301; x_wconf 87' lang='lat' dir='ltr'><strong>novavit</strong></span> <span class='ocrx_word' id='word_1_45' title='bbox 1131 1234 1272 1300; x_wconf 88' lang='lat' dir='ltr'><strong>Nauckii</strong></span> <span class='ocrx_word' id='word_1_46' title='bbox 1299 1236 1453 1301; x_wconf 85' lang='lat' dir='ltr'><strong>effrenata</strong></span> <span class='ocrx_word' id='word_1_47' title='bbox 1480 1237 1620 1321; x_wconf 86' lang='lat' dir='ltr'><strong>audacia,</strong></span> 
     </span>
     <span class='ocr_line' id='line_1_7' title="bbox 386 1342 1621 1428; baseline -0.001 -19"><span class='ocrx_word' id='word_1_48' title='bbox 386 1345 554 1410; x_wconf 85' lang='lat' dir='ltr'><strong>Kaibelius</strong></span> <span class='ocrx_word' id='word_1_49' title='bbox 582 1343 628 1408; x_wconf 87' lang='lat' dir='ltr'><strong>ita</strong></span> <span class='ocrx_word' id='word_1_50' title='bbox 656 1342 756 1408; x_wconf 85' lang='lat' dir='ltr'><strong>edidit</strong></span> <span class='ocrx_word' id='word_1_51' title='bbox 777 1347 815 1408; x_wconf 88' lang='lat' dir='ltr'><strong>ut</strong></span> <span class='ocrx_word' id='word_1_52' title='bbox 838 1343 997 1409; x_wconf 90' lang='lat' dir='ltr'><strong>librorum</strong></span> <span class='ocrx_word' id='word_1_53' title='bbox 1020 1343 1195 1409; x_wconf 82' lang='lat' dir='ltr'><strong>auctoritas</strong></span> <span class='ocrx_word' id='word_1_54' title='bbox 1218 1343 1416 1427; x_wconf 83' lang='lat' dir='ltr'><strong>praestabat:</strong></span> <span class='ocrx_word' id='word_1_55' title='bbox 1445 1346 1511 1428; x_wconf 89' lang='lat' dir='ltr'><strong>qui,</strong></span> <span class='ocrx_word' id='word_1_56' title='bbox 1534 1344 1621 1428; x_wconf 89' lang='lat' dir='ltr'><strong>quod</strong></span> 
     </span>
     <span class='ocr_line' id='line_1_8' title="bbox 385 1449 1620 1535; baseline 0 -19"><span class='ocrx_word' id='word_1_57' title='bbox 385 1474 453 1518; x_wconf 91' lang='lat' dir='ltr'><strong>non</strong></span> <span class='ocrx_word' id='word_1_58' title='bbox 476 1453 545 1516; x_wconf 89' lang='lat' dir='ltr'><strong>sine</strong></span> <span class='ocrx_word' id='word_1_59' title='bbox 568 1473 664 1516; x_wconf 89' lang='lat' dir='ltr'><strong>causa</strong></span> <span class='ocrx_word' id='word_1_60' title='bbox 686 1472 912 1534; x_wconf 83' lang='lat' dir='ltr'><strong>memoramus,</strong></span> <span class='ocrx_word' id='word_1_61' title='bbox 935 1450 1016 1516; x_wconf 91' lang='lat' dir='ltr'><strong>duos</strong></span> <span class='ocrx_word' id='word_1_62' title='bbox 1040 1453 1201 1516; x_wconf 85' lang='lat' dir='ltr'><strong>extremos</strong></span> <span class='ocrx_word' id='word_1_63' title='bbox 1219 1449 1336 1515; x_wconf 90' lang='lat' dir='ltr'><strong>horum</strong></span> <span class='ocrx_word' id='word_1_64' title='bbox 1356 1472 1506 1515; x_wconf 90' lang='lat' dir='ltr'><strong>versuum</strong></span> <span class='ocrx_word' id='word_1_65' title='bbox 1525 1450 1620 1535; x_wconf 89' lang='lat' dir='ltr'><strong>plane</strong></span> 
     </span>
     <span class='ocr_line' id='line_1_9' title="bbox 386 1557 1620 1642; baseline -0.001 -18"><span class='ocrx_word' id='word_1_66' title='bbox 386 1560 427 1624; x_wconf 92' lang='lat' dir='ltr'><strong>ad</strong></span> <span class='ocrx_word' id='word_1_67' title='bbox 459 1560 539 1624; x_wconf 89' lang='lat' dir='ltr'><strong>eum</strong></span> <span class='ocrx_word' id='word_1_68' title='bbox 565 1558 697 1622; x_wconf 90' lang='lat' dir='ltr'><strong>modum</strong></span> <span class='ocrx_word' id='word_1_69' title='bbox 724 1557 893 1622; x_wconf 86' lang='lat' dir='ltr'><strong>adornavit</strong></span> <span class='ocrx_word' id='word_1_70' title='bbox 920 1561 953 1621; x_wconf 88' lang='lat' dir='ltr'><strong>et</strong></span> <span class='ocrx_word' id='word_1_71' title='bbox 980 1557 1135 1642; x_wconf 76' lang='lat' dir='ltr'>explicuit</span> <span class='ocrx_word' id='word_1_72' title='bbox 1164 1578 1260 1642; x_wconf 88' lang='lat' dir='ltr'><strong>quem</strong></span> <span class='ocrx_word' id='word_1_73' title='bbox 1288 1558 1323 1622; x_wconf 91' lang='lat' dir='ltr'><strong>in</strong></span> <span class='ocrx_word' id='word_1_74' title='bbox 1349 1558 1515 1642; x_wconf 90' lang='lat' dir='ltr'><strong>prooemio</strong></span> <span class='ocrx_word' id='word_1_75' title='bbox 1544 1559 1620 1623; x_wconf 87' lang='lat' dir='ltr'><strong>anni</strong></span> 
     </span>
     <span class='ocr_line' id='line_1_10' title="bbox 389 1662 1619 1752; baseline 0 -22"><span class='ocrx_word' id='word_1_76' title='bbox 389 1665 474 1731; x_wconf 85' lang='lat'>1883</span> <span class='ocrx_word' id='word_1_77' title='bbox 494 1664 543 1752; x_wconf 90' lang='lat' dir='ltr'><strong>(P.</strong></span> <span class='ocrx_word' id='word_1_78' title='bbox 562 1683 575 1729; x_wconf 93' lang='lat'>1</span> <span class='ocrx_word' id='word_1_79' title='bbox 594 1689 624 1750; x_wconf 92' lang='lat' dir='ltr'><strong>p.</strong></span> <span class='ocrx_word' id='word_1_80' title='bbox 639 1662 721 1751; x_wconf 79' lang='lat'>201)</span> <span class='ocrx_word' id='word_1_81' title='bbox 744 1665 960 1748; x_wconf 68' lang='lat' dir='ltr'><strong>exposuimus,</strong></span> <span class='ocrx_word' id='word_1_82' title='bbox 982 1665 1046 1730; x_wconf 91' lang='lat' dir='ltr'><strong>hoc</strong></span> <span class='ocrx_word' id='word_1_83' title='bbox 1070 1666 1218 1750; x_wconf 80' lang='lat' dir='ltr'><strong>professi,</strong></span> <span class='ocrx_word' id='word_1_84' title='bbox 1242 1667 1435 1736; x_wconf 82' lang='lat' dir='ltr'><strong>sententiam</strong></span> <span class='ocrx_word' id='word_1_85' title='bbox 1457 1667 1619 1752; x_wconf 81' lang='lat' dir='ltr'><strong>egregiam</strong></span> 
     </span>
     <span class='ocr_line' id='line_1_11' title="bbox 386 1771 1661 1858; baseline 0.001 -21"><span class='ocrx_word' id='word_1_86' title='bbox 386 1794 456 1837; x_wconf 90' lang='lat' dir='ltr'><strong>esse</strong></span> <span class='ocrx_word' id='word_1_87' title='bbox 478 1777 511 1837; x_wconf 88' lang='lat' dir='ltr'><strong>et</strong></span> <span class='ocrx_word' id='word_1_88' title='bbox 533 1777 630 1856; x_wconf 89' lang='lat' dir='ltr'><strong>poeta</strong></span> <span class='ocrx_word' id='word_1_89' title='bbox 651 1772 745 1836; x_wconf 89' lang='lat' dir='ltr'><strong>unice</strong></span> <span class='ocrx_word' id='word_1_90' title='bbox 768 1771 910 1858; x_wconf 81' lang='lat' dir='ltr'><strong>dignam,</strong></span> <span class='ocrx_word' id='word_1_91' title='bbox 933 1793 1015 1856; x_wconf 86' lang='lat' dir='ltr'><strong>quae</strong></span> <span class='ocrx_word' id='word_1_92' title='bbox 1039 1771 1235 1838; x_wconf 90' lang='lat' dir='ltr'><strong>emendando</strong></span> <span class='ocrx_word' id='word_1_93' title='bbox 1258 1795 1325 1838; x_wconf 90' lang='lat' dir='ltr'><strong>non</strong></span> <span class='ocrx_word' id='word_1_94' title='bbox 1347 1777 1458 1856; x_wconf 89' lang='lat' dir='ltr'><strong>posset</strong></span> <span class='ocrx_word' id='word_1_95' title='bbox 1480 1794 1546 1837; x_wconf 89' lang='lat' dir='ltr'><strong>non</strong></span> <span class='ocrx_word' id='word_1_96' title='bbox 1570 1771 1621 1836; x_wconf 90' lang='lat' dir='ltr'><strong>de·</strong></span> <span class='ocrx_word' id='word_1_97' title='bbox 1635 1799 1661 1838; x_wconf 85' lang='grc' dir='ltr'><strong>ιο</strong></span> 
     </span>
     <span class='ocr_line' id='line_1_12' title="bbox 385 1876 1619 1965; baseline 0 -21"><span class='ocrx_word' id='word_1_98' title='bbox 385 1880 527 1965; x_wconf 80' lang='lat' dir='ltr'><strong>pravari3</strong></span> <span class='ocrx_word' id='word_1_99' title='bbox 556 1879 647 1944; x_wconf 90' lang='lat' dir='ltr'><strong>dubii</strong></span> <span class='ocrx_word' id='word_1_100' title='bbox 674 1879 752 1962; x_wconf 91' lang='lat' dir='ltr'><strong>quid</strong></span> <span class='ocrx_word' id='word_1_101' title='bbox 779 1879 919 1963; x_wconf 85' lang='lat' dir='ltr'><strong>relinqui</strong></span> <span class='ocrx_word' id='word_1_102' title='bbox 946 1879 980 1944; x_wconf 90' lang='lat' dir='ltr'><strong>in</strong></span> <span class='ocrx_word' id='word_1_103' title='bbox 1009 1880 1113 1945; x_wconf 82' lang='lat' dir='ltr'><strong>forma</strong></span> <span class='ocrx_word' id='word_1_104' title='bbox 1135 1880 1225 1945; x_wconf 85' lang='lat' dir='ltr'><strong>verbi</strong></span> <span class='ocrx_word' id='word_1_105' title='bbox 1249 1876 1326 1964; x_wconf 79' lang='grc' dir='ltr'><strong><em>ἐμλν</em></strong></span> <span class='ocrx_word' id='word_1_106' title='bbox 1350 1901 1446 1964; x_wconf 91' lang='lat' dir='ltr'><strong>quam</strong></span> <span class='ocrx_word' id='word_1_107' title='bbox 1469 1880 1532 1944; x_wconf 91' lang='lat' dir='ltr'><strong>nisi</strong></span> <span class='ocrx_word' id='word_1_108' title='bbox 1555 1901 1619 1944; x_wconf 92' lang='lat' dir='ltr'><strong>uno</strong></span> 
     </span>
     <span class='ocr_line' id='line_1_13' title="bbox 387 1984 1620 2072; baseline 0.002 -22"><span class='ocrx_word' id='word_1_109' title='bbox 387 1984 577 2051; x_wconf 79' lang='lat' dir='ltr'><strong>Callimachi</strong></span> <span class='ocrx_word' id='word_1_110' title='bbox 609 1986 756 2071; x_wconf 83' lang='lat' dir='ltr'><strong>exemplo</strong></span> <span class='ocrx_word' id='word_1_111' title='bbox 789 1985 934 2051; x_wconf 87' lang='lat' dir='ltr'><strong>stabilire</strong></span> <span class='ocrx_word' id='word_1_112' title='bbox 965 2008 1032 2051; x_wconf 92' lang='lat' dir='ltr'><strong>non</strong></span> <span class='ocrx_word' id='word_1_113' title='bbox 1059 1986 1180 2051; x_wconf 86' lang='lat' dir='ltr'><strong>liceret.</strong></span> <span class='ocrx_word' id='word_1_114' title='bbox 1219 1985 1306 2062; x_wconf 84' lang='lat' dir='ltr'><strong>Quae</strong></span> <span class='ocrx_word' id='word_1_115' title='bbox 1334 1988 1481 2070; x_wconf 84' lang='lat' dir='ltr'><strong>quamvis</strong></span> <span class='ocrx_word' id='word_1_116' title='bbox 1509 1990 1620 2072; x_wconf 88' lang='lat' dir='ltr'><strong>aperte</strong></span> 
     </span>
     <span class='ocr_line' id='line_1_14' title="bbox 387 2091 1620 2178; baseline 0.001 -22"><span class='ocrx_word' id='word_1_117' title='bbox 387 2094 558 2178; x_wconf 86' lang='lat' dir='ltr'><strong>explanata</strong></span> <span class='ocrx_word' id='word_1_118' title='bbox 576 2096 690 2178; x_wconf 88' lang='lat' dir='ltr'><strong>essent,</strong></span> <span class='ocrx_word' id='word_1_119' title='bbox 708 2091 862 2157; x_wconf 81' lang='lat' dir='ltr'><strong>Ewaldus</strong></span> <span class='ocrx_word' id='word_1_120' title='bbox 875 2092 1040 2157; x_wconf 89' lang='lat' dir='ltr'><strong>Brulmius</strong></span> <span class='ocrx_word' id='word_1_121' title='bbox 1060 2093 1092 2156; x_wconf 92' lang='lat' dir='ltr'><strong>in</strong></span> <span class='ocrx_word' id='word_1_122' title='bbox 1110 2092 1212 2158; x_wconf 89' lang='lat' dir='ltr'><strong>doctis</strong></span> <span class='ocrx_word' id='word_1_123' title='bbox 1229 2093 1512 2159; x_wconf 79' lang='lat' dir='ltr'><strong>lucubrationibus</strong></span> <span class='ocrx_word' id='word_1_124' title='bbox 1526 2093 1620 2158; x_wconf 81' lang='lat' dir='ltr'><strong>Euri-</strong></span> 
     </span>
     <span class='ocr_line' id='line_1_15' title="bbox 350 2199 1621 2285; baseline 0 -21"><span class='ocrx_word' id='word_1_125' title='bbox 350 2201 490 2284; x_wconf 75' lang='lat' dir='ltr'><strong>cpideis</strong></span> <span class='ocrx_word' id='word_1_126' title='bbox 513 2223 540 2264; x_wconf 92' lang='lat' dir='ltr'><strong>a.</strong></span> <span class='ocrx_word' id='word_1_127' title='bbox 562 2199 647 2264; x_wconf 87' lang='grc'>1886</span> <span class='ocrx_word' id='word_1_128' title='bbox 671 2199 766 2264; x_wconf 87' lang='lat' dir='ltr'><strong>editis</strong></span> <span class='ocrx_word' id='word_1_129' title='bbox 789 2199 971 2283; x_wconf 87' lang='lat' dir='ltr'><strong>vituperare</strong></span> <span class='ocrx_word' id='word_1_130' title='bbox 993 2199 1109 2264; x_wconf 88' lang='lat' dir='ltr'><strong>maluit</strong></span> <span class='ocrx_word' id='word_1_131' title='bbox 1133 2221 1229 2284; x_wconf 85' lang='lat' dir='ltr'><strong>quam</strong></span> <span class='ocrx_word' id='word_1_132' title='bbox 1258 2199 1450 2285; x_wconf 80' lang='lat' dir='ltr'><strong>intelligere3</strong></span> <span class='ocrx_word' id='word_1_133' title='bbox 1479 2201 1536 2284; x_wconf 90' lang='lat' dir='ltr'><strong>qui</strong></span> <span class='ocrx_word' id='word_1_134' title='bbox 1559 2199 1621 2265; x_wconf 90' lang='lat' dir='ltr'><strong>Lu·</strong></span> 
     </span>
     <span class='ocr_line' id='line_1_16' title="bbox 387 2305 1620 2393; baseline 0.002 -23"><span class='ocrx_word' id='word_1_135' title='bbox 387 2307 492 2372; x_wconf 76' lang='lat' dir='ltr'><strong>dorici</strong></span> <span class='ocrx_word' id='word_1_136' title='bbox 514 2307 631 2393; x_wconf 82' lang='lat' dir='ltr'><strong>Langii</strong></span> <span class='ocrx_word' id='word_1_137' title='bbox 654 2307 820 2371; x_wconf 85' lang='lat' dir='ltr'><strong>inventum</strong></span> <span class='ocrx_word' id='word_1_138' title='bbox 844 2311 1009 2391; x_wconf 88' lang='lat' dir='ltr'><strong>tamquam</strong></span> <span class='ocrx_word' id='word_1_139' title='bbox 1029 2305 1168 2392; x_wconf 84' lang='grc' dir='ltr'><strong><em>ἕρμαιον</em></strong></span> <span class='ocrx_word' id='word_1_140' title='bbox 1187 2330 1226 2372; x_wconf 85' lang='lat' dir='ltr'><strong>ex</strong></span> <span class='ocrx_word' id='word_1_141' title='bbox 1247 2306 1409 2373; x_wconf 87' lang='lat' dir='ltr'><strong>oblivione</strong></span> <span class='ocrx_word' id='word_1_142' title='bbox 1428 2307 1620 2386; x_wconf 80' lang='lat' dir='ltr'><strong>suscitatum</strong></span> 
     </span>
     <span class='ocr_line' id='line_1_17' title="bbox 386 2413 1556 2499; baseline -0.001 -21"><span class='ocrx_word' id='word_1_143' title='bbox 386 2413 561 2479; x_wconf 76' lang='lat' dir='ltr'><strong>identidem</strong></span> <span class='ocrx_word' id='word_1_144' title='bbox 585 2413 656 2478; x_wconf 84' lang='lat' dir='ltr'><strong>aliis</strong></span> <span class='ocrx_word' id='word_1_145' title='bbox 679 2413 924 2478; x_wconf 88' lang='lat' dir='ltr'><strong>commendavit.</strong></span> <span class='ocrx_word' id='word_1_146' title='bbox 961 2413 1024 2490; x_wconf 83' lang='lat' dir='ltr'><strong>Qui</strong></span> <span class='ocrx_word' id='word_1_147' title='bbox 1048 2415 1134 2497; x_wconf 90' lang='lat' dir='ltr'><strong>quod</strong></span> <span class='ocrx_word' id='word_1_148' title='bbox 1157 2414 1361 2478; x_wconf 87' lang='lat' dir='ltr'><strong>scribendum</strong></span> <span class='ocrx_word' id='word_1_149' title='bbox 1385 2415 1556 2499; x_wconf 89' lang='lat' dir='ltr'><strong>proposuit</strong></span> 
     </span>
     <span class='ocr_line' id='line_1_18' title="bbox 600 2518 1340 2606; baseline 0 -20"><span class='ocrx_word' id='word_1_150' title='bbox 600 2518 802 2598; x_wconf 78' lang='grc' dir='ltr'><strong><em>ξυνάπτετον</em></strong></span> <span class='ocrx_word' id='word_1_151' title='bbox 826 2525 987 2606; x_wconf 77' lang='grc' dir='ltr'><strong><em>λόγοισιν,</em></strong></span> <span class='ocrx_word' id='word_1_152' title='bbox 1011 2522 1055 2598; x_wconf 85' lang='grc' dir='ltr'><strong>ὡς</strong></span> <span class='ocrx_word' id='word_1_153' title='bbox 1079 2519 1238 2587; x_wconf 78' lang='grc' dir='ltr'><strong><em>ἐνταῦθ’</em></strong></span> <span class='ocrx_word' id='word_1_154' title='bbox 1266 2524 1340 2606; x_wconf 81' lang='grc' dir='ltr'><strong><em>ένι,</em></strong></span> 
     </span>
     <span class='ocr_line' id='line_1_19' title="bbox 599 2626 1101 2714; baseline 0 -22"><span class='ocrx_word' id='word_1_155' title='bbox 599 2627 643 2692; x_wconf 79' lang='grc' dir='ltr'><strong><em>ἵν’</em></strong></span> <span class='ocrx_word' id='word_1_156' title='bbox 671 2626 777 2694; x_wconf 87' lang='grc' dir='ltr'><strong><em>οὐκέτ’</em></strong></span> <span class='ocrx_word' id='word_1_157' title='bbox 805 2628 917 2694; x_wconf 80' lang='grc' dir='ltr'><strong><em>ὀκνεῖν</em></strong></span> <span class='ocrx_word' id='word_1_158' title='bbox 939 2631 1054 2714; x_wconf 85' lang='grc' dir='ltr'><strong><em>καιρός</em></strong></span> <span class='ocrx_word' id='word_1_159' title='bbox 1097 2683 1101 2692; x_wconf 81' lang='grc'>,</span> 
     </span>
     <span class='ocr_line' id='line_1_20' title="bbox 384 2735 1619 2822; baseline 0.001 -24"><span class='ocrx_word' id='word_1_160' title='bbox 384 2757 450 2799; x_wconf 92' lang='lat' dir='ltr'><strong>non</strong></span> <span class='ocrx_word' id='word_1_161' title='bbox 473 2735 578 2800; x_wconf 89' lang='lat' dir='ltr'><strong>solum</strong></span> <span class='ocrx_word' id='word_1_162' title='bbox 601 2735 747 2819; x_wconf 91' lang='lat' dir='ltr'><strong>ineptum</strong></span> <span class='ocrx_word' id='word_1_163' title='bbox 771 2739 821 2801; x_wconf 88' lang='lat' dir='ltr'><strong>est</strong></span> <span class='ocrx_word' id='word_1_164' title='bbox 843 2740 876 2800; x_wconf 92' lang='lat' dir='ltr'><strong>et</strong></span> <span class='ocrx_word' id='word_1_165' title='bbox 898 2758 917 2799; x_wconf 87' lang='lat' dir='ltr'><strong>a</strong></span> <span class='ocrx_word' id='word_1_166' title='bbox 939 2739 1055 2821; x_wconf 87' lang='lat' dir='ltr'><strong>poetae</strong></span> <span class='ocrx_word' id='word_1_167' title='bbox 1079 2737 1154 2801; x_wconf 90' lang='lat' dir='ltr'><strong>stilo</strong></span> <span class='ocrx_word' id='word_1_168' title='bbox 1179 2735 1330 2822; x_wconf 87' lang='lat' dir='ltr'><strong>alienum,</strong></span> <span class='ocrx_word' id='word_1_169' title='bbox 1353 2736 1409 2800; x_wconf 92' lang='lat' dir='ltr'><strong>sed</strong></span> <span class='ocrx_word' id='word_1_170' title='bbox 1432 2757 1491 2820; x_wconf 90' lang='lat' dir='ltr'><strong>pro</strong></span> <span class='ocrx_word' id='word_1_171' title='bbox 1515 2758 1619 2800; x_wconf 89' lang='lat' dir='ltr'><strong>exem·</strong></span> 
     </span>
     <span class='ocr_line' id='line_1_21' title="bbox 384 2841 1660 2931; baseline 0.004 -25"><span class='ocrx_word' id='word_1_172' title='bbox 384 2842 440 2927; x_wconf 91' lang='lat' dir='ltr'><strong>plo</strong></span> <span class='ocrx_word' id='word_1_173' title='bbox 472 2841 585 2908; x_wconf 86' lang='lat' dir='ltr'><strong>haberi</strong></span> <span class='ocrx_word' id='word_1_174' title='bbox 617 2845 724 2928; x_wconf 89' lang='lat' dir='ltr'><strong>potest</strong></span> <span class='ocrx_word' id='word_1_175' title='bbox 756 2843 824 2909; x_wconf 87' lang='lat' dir='ltr'><strong>eius</strong></span> <span class='ocrx_word' id='word_1_176' title='bbox 859 2843 946 2909; x_wconf 88' lang='lat' dir='ltr'><strong>modi</strong></span> <span class='ocrx_word' id='word_1_177' title='bbox 983 2865 1048 2928; x_wconf 94' lang='lat' dir='ltr'><strong>quo</strong></span> <span class='ocrx_word' id='word_1_178' title='bbox 1081 2843 1180 2931; x_wconf 79' lang='lat' dir='ltr'><strong>vulgo</strong></span> <span class='ocrx_word' id='word_1_179' title='bbox 1215 2844 1416 2911; x_wconf 84' lang='lat' dir='ltr'><strong>coniecturae</strong></span> <span class='ocrx_word' id='word_1_180' title='bbox 1449 2843 1621 2929; x_wconf 82' lang='lat' dir='ltr'><strong>pariuntur</strong></span> <span class='ocrx_word' id='word_1_181' title='bbox 1634 2870 1660 2911; x_wconf 85' lang='lat' dir='ltr'><strong>ao</strong></span> 
     </span>
     <span class='ocr_line' id='line_1_22' title="bbox 385 2949 1619 3035; baseline 0.001 -21"><span class='ocrx_word' id='word_1_182' title='bbox 385 2972 505 3035; x_wconf 90' lang='lat' dir='ltr'><strong>eorum,</strong></span> <span class='ocrx_word' id='word_1_183' title='bbox 529 2949 586 3034; x_wconf 89' lang='lat' dir='ltr'><strong>qui</strong></span> <span class='ocrx_word' id='word_1_184' title='bbox 609 2973 643 3015; x_wconf 91' lang='lat' dir='ltr'><strong>se</strong></span> <span class='ocrx_word' id='word_1_185' title='bbox 666 2951 700 3014; x_wconf 88' lang='lat' dir='ltr'><strong>in</strong></span> <span class='ocrx_word' id='word_1_186' title='bbox 724 2951 898 3016; x_wconf 86' lang='lat' dir='ltr'><strong>sententias</strong></span> <span class='ocrx_word' id='word_1_187' title='bbox 922 2954 1092 3035; x_wconf 87' lang='lat' dir='ltr'><strong>poetarum</strong></span> <span class='ocrx_word' id='word_1_188' title='bbox 1109 2952 1240 3035; x_wconf 89' lang='lat' dir='ltr'><strong>penitus</strong></span> <span class='ocrx_word' id='word_1_189' title='bbox 1259 2952 1423 3016; x_wconf 87' lang='lat' dir='ltr'><strong>insinuare</strong></span> <span class='ocrx_word' id='word_1_190' title='bbox 1441 2951 1619 3016; x_wconf 75' lang='lat' dir='ltr'><strong>nescientes</strong></span> 
     </span>
     <span class='ocr_line' id='line_1_23' title="bbox 384 3045 1619 3143; baseline 0.002 -23"><span class='ocrx_word' id='word_1_191' title='bbox 384 3045 510 3121; x_wconf 84' lang='lat' dir='ltr'><strong>litteras</strong></span> <span class='ocrx_word' id='word_1_192' title='bbox 532 3058 692 3122; x_wconf 86' lang='lat' dir='ltr'><strong>rimantur</strong></span> <span class='ocrx_word' id='word_1_193' title='bbox 715 3058 844 3142; x_wconf 89' lang='lat' dir='ltr'><strong>etquid</strong></span> <span class='ocrx_word' id='word_1_194' title='bbox 867 3080 922 3123; x_wconf 86' lang='lat' dir='ltr'><strong>eae</strong></span> <span class='ocrx_word' id='word_1_195' title='bbox 946 3059 1083 3124; x_wconf 91' lang='lat' dir='ltr'><strong>condere</strong></span> <span class='ocrx_word' id='word_1_196' title='bbox 1102 3058 1273 3123; x_wconf 86' lang='lat' dir='ltr'><strong>videantur</strong></span> <span class='ocrx_word' id='word_1_197' title='bbox 1295 3058 1438 3143; x_wconf 89' lang='lat' dir='ltr'><strong>undique</strong></span> <span class='ocrx_word' id='word_1_198' title='bbox 1460 3062 1619 3142; x_wconf 87' lang='lat' dir='ltr'><strong>temptant</strong></span> 
     </span>
     <span class='ocr_line' id='line_1_24' title="bbox 334 3161 1619 3249; baseline -0.002 -20"><span class='ocrx_word' id='word_1_199' title='bbox 334 3183 337 3189; x_wconf 89' lang='grc'>’</span> <span class='ocrx_word' id='word_1_200' title='bbox 386 3168 418 3229; x_wconf 90' lang='lat' dir='ltr'><strong>et</strong></span> <span class='ocrx_word' id='word_1_201' title='bbox 441 3164 654 3249; x_wconf 87' lang='lat' dir='ltr'><strong>perspiciunt:</strong></span> <span class='ocrx_word' id='word_1_202' title='bbox 682 3165 771 3230; x_wconf 88' lang='lat' dir='ltr'><strong>velut</strong></span> <span class='ocrx_word' id='word_1_203' title='bbox 798 3164 854 3228; x_wconf 90' lang='lat' dir='ltr'><strong>ille</strong></span> <span class='ocrx_word' id='word_1_204' title='bbox 876 3167 984 3249; x_wconf 90' lang='lat' dir='ltr'><strong>posito</strong></span> <span class='ocrx_word' id='word_1_205' title='bbox 1013 3161 1091 3249; x_wconf 71' lang='lat' dir='ltr'><strong>epla</strong></span> <span class='ocrx_word' id='word_1_206' title='bbox 1114 3164 1232 3229; x_wconf 88' lang='lat' dir='ltr'><strong>falsum</strong></span> <span class='ocrx_word' id='word_1_207' title='bbox 1255 3186 1325 3229; x_wconf 89' lang='lat' dir='ltr'><strong>esse</strong></span> <span class='ocrx_word' id='word_1_208' title='bbox 1348 3166 1382 3228; x_wconf 92' lang='lat' dir='ltr'><strong>in</strong></span> <span class='ocrx_word' id='word_1_209' title='bbox 1405 3186 1442 3229; x_wconf 91' lang='lat' dir='ltr'><strong>eo</strong></span> <span class='ocrx_word' id='word_1_210' title='bbox 1467 3163 1545 3248; x_wconf 90' lang='lat' dir='ltr'><strong>quid</strong></span> <span class='ocrx_word' id='word_1_211' title='bbox 1568 3163 1619 3227; x_wconf 90' lang='lat' dir='ltr'><strong>de-</strong></span> 
     </span>
     <span class='ocr_line' id='line_1_25' title="bbox 384 3266 1618 3357; baseline -0.002 -22"><span class='ocrx_word' id='word_1_212' title='bbox 384 3272 545 3336; x_wconf 90' lang='lat' dir='ltr'><strong>litesceret</strong></span> <span class='ocrx_word' id='word_1_213' title='bbox 566 3272 738 3357; x_wconf 88' lang='lat' dir='ltr'><strong>quaesivit:</strong></span> <span class='ocrx_word' id='word_1_214' title='bbox 763 3270 863 3355; x_wconf 81' lang='lat' dir='ltr'><strong>quid?</strong></span> <span class='ocrx_word' id='word_1_215' title='bbox 885 3272 950 3335; x_wconf 90' lang='lat' dir='ltr'><strong>nisi</strong></span> <span class='ocrx_word' id='word_1_216' title='bbox 967 3268 1033 3336; x_wconf 82' lang='grc' dir='ltr'><strong><em>ένιι</em></strong></span> <span class='ocrx_word' id='word_1_217' title='bbox 1056 3271 1119 3336; x_wconf 92' lang='lat' dir='ltr'><strong>hoc</strong></span> <span class='ocrx_word' id='word_1_218' title='bbox 1138 3292 1215 3357; x_wconf 82' lang='lat' dir='ltr'><strong>ergo</strong></span> <span class='ocrx_word' id='word_1_219' title='bbox 1233 3274 1349 3353; x_wconf 85' lang='lat' dir='ltr'><strong>poetae</strong></span> <span class='ocrx_word' id='word_1_220' title='bbox 1366 3270 1525 3335; x_wconf 84' lang='lat' dir='ltr'><strong>reddatur.</strong></span> <span class='ocrx_word' id='word_1_221' title='bbox 1554 3266 1618 3333; x_wconf 83' lang='lat' dir='ltr'><strong>Sed</strong></span> 
     </span>
     <span class='ocr_line' id='line_1_26' title="bbox 384 3375 1617 3462; baseline -0.002 -20"><span class='ocrx_word' id='word_1_222' title='bbox 384 3378 464 3443; x_wconf 91' lang='lat' dir='ltr'><strong>haec</strong></span> <span class='ocrx_word' id='word_1_223' title='bbox 491 3380 525 3442; x_wconf 91' lang='lat' dir='ltr'><strong>in</strong></span> <span class='ocrx_word' id='word_1_224' title='bbox 551 3381 753 3462; x_wconf 88' lang='lat' dir='ltr'><strong>transcursu,</strong></span> <span class='ocrx_word' id='word_1_225' title='bbox 780 3400 821 3441; x_wconf 91' lang='lat' dir='ltr'><strong>ne</strong></span> <span class='ocrx_word' id='word_1_226' title='bbox 844 3377 1009 3442; x_wconf 88' lang='lat' dir='ltr'><strong>Bruhnius</strong></span> <span class='ocrx_word' id='word_1_227' title='bbox 1037 3377 1176 3456; x_wconf 88' lang='lat' dir='ltr'><strong>dubitet,</strong></span> <span class='ocrx_word' id='word_1_228' title='bbox 1205 3375 1282 3461; x_wconf 91' lang='lat' dir='ltr'><strong>quid</strong></span> <span class='ocrx_word' id='word_1_229' title='bbox 1309 3398 1383 3458; x_wconf 92' lang='lat' dir='ltr'><strong>nos,</strong></span> <span class='ocrx_word' id='word_1_230' title='bbox 1410 3375 1451 3440; x_wconf 87' lang='lat' dir='ltr'><strong>ad</strong></span> <span class='ocrx_word' id='word_1_231' title='bbox 1479 3396 1617 3459; x_wconf 89' lang='lat' dir='ltr'><strong>quorum</strong></span> 
     </span>
     <span class='ocr_line' id='line_1_27' title="bbox 385 3482 1617 3573; baseline -0.003 -23"><span class='ocrx_word' id='word_1_232' title='bbox 385 3486 537 3551; x_wconf 87' lang='lat' dir='ltr'><strong>iudicium</strong></span> <span class='ocrx_word' id='word_1_233' title='bbox 561 3486 759 3573; x_wconf 85' lang='lat' dir='ltr'><strong>provocavit,</strong></span> <span class='ocrx_word' id='word_1_234' title='bbox 787 3485 826 3550; x_wconf 89' lang='lat' dir='ltr'><strong>de</strong></span> <span class='ocrx_word' id='word_1_235' title='bbox 850 3486 911 3550; x_wconf 90' lang='lat' dir='ltr'><strong>ista</strong></span> <span class='ocrx_word' id='word_1_236' title='bbox 935 3483 1087 3570; x_wconf 86' lang='lat' dir='ltr'><strong>opinione</strong></span> <span class='ocrx_word' id='word_1_237' title='bbox 1110 3484 1294 3549; x_wconf 86' lang='lat' dir='ltr'><strong>sentiamus.</strong></span> <span class='ocrx_word' id='word_1_238' title='bbox 1331 3482 1416 3548; x_wconf 91' lang='lat' dir='ltr'><strong>Nam</strong></span> <span class='ocrx_word' id='word_1_239' title='bbox 1441 3482 1617 3567; x_wconf 88' lang='lat' dir='ltr'><strong>disceptare</strong></span> 
     </span>
     <span class='ocr_line' id='line_1_28' title="bbox 386 3591 1369 3659; baseline -0.002 -2"><span class='ocrx_word' id='word_1_240' title='bbox 386 3616 426 3658; x_wconf 87' lang='lat' dir='ltr'><strong>ex</strong></span> <span class='ocrx_word' id='word_1_241' title='bbox 449 3594 513 3658; x_wconf 89' lang='lat' dir='ltr'><strong>illis</strong></span> <span class='ocrx_word' id='word_1_242' title='bbox 537 3594 683 3658; x_wconf 87' lang='lat' dir='ltr'><strong>versibus</strong></span> <span class='ocrx_word' id='word_1_243' title='bbox 707 3615 773 3656; x_wconf 93' lang='lat' dir='ltr'><strong>non</strong></span> <span class='ocrx_word' id='word_1_244' title='bbox 796 3592 983 3659; x_wconf 89' lang='lat' dir='ltr'><strong>volebamus</strong></span> <span class='ocrx_word' id='word_1_245' title='bbox 1005 3592 1070 3656; x_wconf 88' lang='lat' dir='ltr'><strong>nisi</strong></span> <span class='ocrx_word' id='word_1_246' title='bbox 1093 3591 1369 3656; x_wconf 86' lang='lat' dir='ltr'><strong>undevicesimum</strong></span> 
     </span>
     <span class='ocr_line' id='line_1_29' title="bbox 598 3697 1347 3784; baseline -0.005 -18"><span class='ocrx_word' id='word_1_247' title='bbox 598 3699 738 3782; x_wconf 88' lang='grc' dir='ltr'><strong><em>μέλιιινά</em></strong></span> <span class='ocrx_word' id='word_1_248' title='bbox 761 3698 787 3764; x_wconf 88' lang='grc' dir='ltr'><strong>τ’</strong></span> <span class='ocrx_word' id='word_1_249' title='bbox 816 3701 949 3784; x_wconf 80' lang='grc' dir='ltr'><strong><em>ἄστρων</em></strong></span> <span class='ocrx_word' id='word_1_250' title='bbox 973 3697 1164 3764; x_wconf 82' lang='grc' dir='ltr'><strong><em>ἐκλέλοιπεν</em></strong></span> <span class='ocrx_word' id='word_1_251' title='bbox 1188 3698 1347 3783; x_wconf 84' lang='grc' dir='ltr'><strong><em>εὐφρόνη,</em></strong></span> 
     </span>
     <span class='ocr_line' id='line_1_30' title="bbox 384 3804 1617 3893; baseline -0.002 -21"><span class='ocrx_word' id='word_1_252' title='bbox 384 3808 418 3872; x_wconf 89' lang='lat' dir='ltr'><strong>in</strong></span> <span class='ocrx_word' id='word_1_253' title='bbox 456 3829 520 3891; x_wconf 89' lang='lat' dir='ltr'><strong>quo</strong></span> <span class='ocrx_word' id='word_1_254' title='bbox 557 3828 653 3871; x_wconf 90' lang='lat' dir='ltr'><strong>versu</strong></span> <span class='ocrx_word' id='word_1_255' title='bbox 689 3808 858 3893; x_wconf 86' lang='lat' dir='ltr'><strong>genetivus</strong></span> <span class='ocrx_word' id='word_1_256' title='bbox 895 3809 1027 3890; x_wconf 78' lang='grc' dir='ltr'><strong><em>ἄστρων</em></strong></span> <span class='ocrx_word' id='word_1_257' title='bbox 1059 3806 1189 3892; x_wconf 83' lang='lat' dir='ltr'><strong>ingenia</strong></span> <span class='ocrx_word' id='word_1_258' title='bbox 1222 3805 1434 3889; x_wconf 87' lang='lat' dir='ltr'><strong>interpretum</strong></span> <span class='ocrx_word' id='word_1_259' title='bbox 1467 3804 1617 3869; x_wconf 85' lang='lat' dir='ltr'><strong>exercuit.</strong></span> 
     </span>
     <span class='ocr_line' id='line_1_31' title="bbox 386 3911 1659 3998; baseline 0.002 -20"><span class='ocrx_word' id='word_1_260' title='bbox 386 3912 530 3990; x_wconf 85' lang='lat' dir='ltr'><strong>Quorum</strong></span> <span class='ocrx_word' id='word_1_261' title='bbox 549 3912 717 3978; x_wconf 89' lang='lat' dir='ltr'><strong>Kaibelius</strong></span> <span class='ocrx_word' id='word_1_262' title='bbox 739 3913 916 3998; x_wconf 85' lang='lat' dir='ltr'><strong>repudiatis</strong></span> <span class='ocrx_word' id='word_1_263' title='bbox 940 3914 1077 3979; x_wconf 88' lang='lat' dir='ltr'><strong>aliorum</strong></span> <span class='ocrx_word' id='word_1_264' title='bbox 1102 3912 1325 3978; x_wconf 88' lang='lat' dir='ltr'><strong>conaminibus</strong></span> <span class='ocrx_word' id='word_1_265' title='bbox 1349 3915 1382 3976; x_wconf 90' lang='lat' dir='ltr'><strong>et</strong></span> <span class='ocrx_word' id='word_1_266' title='bbox 1405 3911 1561 3995; x_wconf 86' lang='lat' dir='ltr'><strong>exemplis</strong></span> <span class='ocrx_word' id='word_1_267' title='bbox 1581 3932 1618 3977; x_wconf 92' lang='lat' dir='ltr'><strong>eo</strong></span> <span class='ocrx_word' id='word_1_268' title='bbox 1633 3938 1659 3979; x_wconf 84' lang='grc' dir='ltr'><strong>ιο</strong></span> 
     </span>
     <span class='ocr_line' id='line_1_32' title="bbox 386 4018 1619 4107; baseline -0.003 -22"><span class='ocrx_word' id='word_1_269' title='bbox 386 4020 524 4106; x_wconf 91' lang='lat' dir='ltr'><strong>denique</strong></span> <span class='ocrx_word' id='word_1_270' title='bbox 552 4021 689 4105; x_wconf 87' lang='lat' dir='ltr'><strong>devenit,</strong></span> <span class='ocrx_word' id='word_1_271' title='bbox 717 4024 754 4085; x_wconf 88' lang='lat' dir='ltr'><strong>ut</strong></span> <span class='ocrx_word' id='word_1_272' title='bbox 778 4021 948 4107; x_wconf 86' lang='grc' dir='ltr'><strong><em>εὐφρόνην</em></strong></span> <span class='ocrx_word' id='word_1_273' title='bbox 971 4043 1029 4085; x_wconf 84' lang='lat' dir='ltr'><strong>sua</strong></span> <span class='ocrx_word' id='word_1_274' title='bbox 1052 4022 1084 4084; x_wconf 85' lang='lat' dir='ltr'><strong>vi</strong></span> <span class='ocrx_word' id='word_1_275' title='bbox 1108 4020 1272 4105; x_wconf 85' lang='lat' dir='ltr'><strong>primitiva</strong></span> <span class='ocrx_word' id='word_1_276' title='bbox 1295 4020 1435 4104; x_wconf 87' lang='lat' dir='ltr'><strong>positam</strong></span> <span class='ocrx_word' id='word_1_277' title='bbox 1460 4021 1549 4083; x_wconf 89' lang='lat' dir='ltr'><strong>ratus</strong></span> <span class='ocrx_word' id='word_1_278' title='bbox 1572 4018 1619 4081; x_wconf 93' lang='lat' dir='ltr'><strong>ni-</strong></span> 
     </span>
     <span class='ocr_line' id='line_1_33' title="bbox 386 4124 1619 4215; baseline -0.002 -23"><span class='ocrx_word' id='word_1_279' title='bbox 386 4150 477 4213; x_wconf 82' lang='lat' dir='ltr'><strong>gram</strong></span> <span class='ocrx_word' id='word_1_280' title='bbox 501 4132 658 4193; x_wconf 88' lang='lat' dir='ltr'><strong>astrorum</strong></span> <span class='ocrx_word' id='word_1_281' title='bbox 682 4128 879 4192; x_wconf 83' lang='lat' dir='ltr'><strong>hilaritatem</strong></span> <span class='ocrx_word' id='word_1_282' title='bbox 903 4126 970 4215; x_wconf 73' lang='lat' dir='ltr'><strong>(die</strong></span> <span class='ocrx_word' id='word_1_283' title='bbox 986 4128 1142 4193; x_wconf 79' lang='lat' dir='ltr'><strong>sctworac</strong></span> <span class='ocrx_word' id='word_1_284' title='bbox 1159 4124 1459 4213; x_wconf 75' lang='lat' dir='ltr'><strong>sraaaaeacraea)</strong></span> <span class='ocrx_word' id='word_1_285' title='bbox 1479 4125 1619 4211; x_wconf 85' lang='lat' dir='ltr'><strong>intelligi</strong></span> 
     </span>
     <span class='ocr_line' id='line_1_34' title="bbox 385 4232 1619 4319; baseline -0.002 -20"><span class='ocrx_word' id='word_1_286' title='bbox 385 4236 491 4299; x_wconf 87' lang='lat' dir='ltr'><strong>vellet.</strong></span> <span class='ocrx_word' id='word_1_287' title='bbox 532 4232 578 4299; x_wconf 81' lang='lat' dir='ltr'><strong>At</strong></span> <span class='ocrx_word' id='word_1_288' title='bbox 605 4235 661 4299; x_wconf 90' lang='lat' dir='ltr'><strong>ille</strong></span> <span class='ocrx_word' id='word_1_289' title='bbox 688 4234 783 4300; x_wconf 88' lang='lat' dir='ltr'><strong>nobis</strong></span> <span class='ocrx_word' id='word_1_290' title='bbox 811 4256 876 4299; x_wconf 91' lang='lat' dir='ltr'><strong>non</strong></span> <span class='ocrx_word' id='word_1_291' title='bbox 900 4235 1026 4299; x_wconf 87' lang='lat' dir='ltr'><strong>videtur</strong></span> <span class='ocrx_word' id='word_1_292' title='bbox 1049 4234 1206 4319; x_wconf 88' lang='lat' dir='ltr'><strong>probasse</strong></span> <span class='ocrx_word' id='word_1_293' title='bbox 1229 4234 1401 4319; x_wconf 90' lang='grc' dir='ltr'><strong><em>εὐφρόνην</em></strong></span> <span class='ocrx_word' id='word_1_294' title='bbox 1423 4232 1526 4298; x_wconf 90' lang='lat' dir='ltr'><strong>ullum</strong></span> <span class='ocrx_word' id='word_1_295' title='bbox 1550 4254 1619 4297; x_wconf 90' lang='lat' dir='ltr'><strong>um-</strong></span> 
     </span>
     <span class='ocr_line' id='line_1_35' title="bbox 386 4338 1618 4426; baseline -0.002 -20"><span class='ocrx_word' id='word_1_296' title='bbox 386 4363 483 4426; x_wconf 90' lang='lat' dir='ltr'><strong>quam</strong></span> <span class='ocrx_word' id='word_1_297' title='bbox 502 4346 630 4426; x_wconf 86' lang='lat' dir='ltr'><strong>poetam</strong></span> <span class='ocrx_word' id='word_1_298' title='bbox 645 4340 810 4424; x_wconf 77' lang='lat' dir='ltr'><strong>Graecum,</strong></span> <span class='ocrx_word' id='word_1_299' title='bbox 829 4363 903 4407; x_wconf 93' lang='lat' dir='ltr'><strong>cum</strong></span> <span class='ocrx_word' id='word_1_300' title='bbox 919 4345 1050 4407; x_wconf 87' lang='lat' dir='ltr'><strong>noctem</strong></span> <span class='ocrx_word' id='word_1_301' title='bbox 1064 4342 1231 4407; x_wconf 90' lang='lat' dir='ltr'><strong>nominare</strong></span> <span class='ocrx_word' id='word_1_302' title='bbox 1245 4339 1352 4424; x_wconf 86' lang='lat' dir='ltr'><strong>vellet,</strong></span> <span class='ocrx_word' id='word_1_303' title='bbox 1370 4338 1502 4425; x_wconf 85' lang='lat' dir='ltr'><strong>propria</strong></span> <span class='ocrx_word' id='word_1_304' title='bbox 1521 4338 1618 4425; x_wconf 83' lang='lat' dir='ltr'><strong>signi-</strong></span> 
     </span>
     <span class='ocr_line' id='line_1_36' title="bbox 385 4444 1618 4533; baseline -0.001 -22"><span class='ocrx_word' id='word_1_305' title='bbox 385 4449 535 4515; x_wconf 85' lang='lat' dir='ltr'><strong>ficatione</strong></span> <span class='ocrx_word' id='word_1_306' title='bbox 562 4471 742 4533; x_wconf 86' lang='lat' dir='ltr'><strong>usurpasse.</strong></span> <span class='ocrx_word' id='word_1_307' title='bbox 779 4447 865 4513; x_wconf 91' lang='lat' dir='ltr'><strong>Nam</strong></span> <span class='ocrx_word' id='word_1_308' title='bbox 892 4470 933 4512; x_wconf 92' lang='lat' dir='ltr'><strong>ne</strong></span> <span class='ocrx_word' id='word_1_309' title='bbox 956 4449 989 4513; x_wconf 93' lang='lat' dir='ltr'><strong>in</strong></span> <span class='ocrx_word' id='word_1_310' title='bbox 1013 4446 1211 4531; x_wconf 86' lang='lat' dir='ltr'><strong>Aeschylum</strong></span> <span class='ocrx_word' id='word_1_311' title='bbox 1235 4446 1365 4531; x_wconf 88' lang='lat' dir='ltr'><strong>quidem</strong></span> <span class='ocrx_word' id='word_1_312' title='bbox 1388 4444 1451 4523; x_wconf 88' lang='lat' dir='ltr'><strong>hoc</strong></span> <span class='ocrx_word' id='word_1_313' title='bbox 1474 4446 1618 4531; x_wconf 83' lang='lat' dir='ltr'><strong>quadrat,</strong></span> 
     </span>
     <span class='ocr_line' id='line_1_37' title="bbox 386 4551 1309 4643; baseline -0.001 -24"><span class='ocrx_word' id='word_1_314' title='bbox 386 4556 442 4640; x_wconf 89' lang='lat' dir='ltr'><strong>qui</strong></span> <span class='ocrx_word' id='word_1_315' title='bbox 466 4578 539 4621; x_wconf 90' lang='lat' dir='ltr'><strong>cum</strong></span> <span class='ocrx_word' id='word_1_316' title='bbox 562 4556 596 4620; x_wconf 90' lang='lat' dir='ltr'><strong>in</strong></span> <span class='ocrx_word' id='word_1_317' title='bbox 619 4554 863 4643; x_wconf 84' lang='lat' dir='ltr'><strong>Agamemnone</strong></span> <span class='ocrx_word' id='word_1_318' title='bbox 886 4555 1000 4621; x_wconf 89' lang='lat' dir='ltr'><strong>scribit</strong></span> <span class='ocrx_word' id='word_1_319' title='bbox 1022 4554 1087 4619; x_wconf 81' lang='lat'><strong>251</strong></span> <span class='ocrx_word' id='word_1_320' title='bbox 1113 4551 1208 4641; x_wconf 78' lang='lat'>(264)</span> <span class='ocrx_word' id='word_1_321' title='bbox 1308 4588 1309 4591; x_wconf 35' lang='lat'>¹</span> 
     </span>
     <span class='ocr_line' id='line_1_38' title="bbox 686 4661 1325 4748; baseline -0.006 -20"><span class='ocrx_word' id='word_1_322' title='bbox 686 4663 863 4746; x_wconf 80' lang='grc' dir='ltr'><strong><em>εὐάγγελος</em></strong></span> <span class='ocrx_word' id='word_1_323' title='bbox 885 4661 955 4748; x_wconf 84' lang='grc' dir='ltr'><strong><em>μέν,</em></strong></span> <span class='ocrx_word' id='word_1_324' title='bbox 978 4663 1088 4745; x_wconf 80' lang='grc' dir='ltr'><strong><em>ὥσπερ</em></strong></span> <span class='ocrx_word' id='word_1_325' title='bbox 1112 4662 1132 4745; x_wconf 84' lang='grc' dir='ltr'><em>ἡ</em></span> <span class='ocrx_word' id='word_1_326' title='bbox 1155 4664 1325 4744; x_wconf 84' lang='grc' dir='ltr'><strong><em>παροιμία,</em></strong></span> 
     </span>
     <span class='ocr_line' id='line_1_39' title="bbox 684 4768 1352 4854; baseline -0.003 -19"><span class='ocrx_word' id='word_1_327' title='bbox 684 4768 747 4847; x_wconf 79' lang='grc' dir='ltr'><strong>ἕως</strong></span> <span class='ocrx_word' id='word_1_328' title='bbox 770 4768 901 4853; x_wconf 90' lang='grc' dir='ltr'><strong><em>γένοιτο</em></strong></span> <span class='ocrx_word' id='word_1_329' title='bbox 925 4771 1050 4854; x_wconf 81' lang='grc' dir='ltr'><strong><em>μητρὸς</em></strong></span> <span class='ocrx_word' id='word_1_330' title='bbox 1073 4768 1240 4853; x_wconf 82' lang='grc' dir='ltr'><strong><em>εὐφρόνης</em></strong></span> <span class='ocrx_word' id='word_1_331' title='bbox 1263 4768 1352 4850; x_wconf 85' lang='grc' dir='ltr'><strong><em>πάροι</em></strong></span> 
     </span>
     <span class='ocr_line' id='line_1_40' title="bbox 386 4872 1618 4964; baseline -0.003 -22"><span class='ocrx_word' id='word_1_332' title='bbox 386 4881 442 4942; x_wconf 88' lang='lat' dir='ltr'><strong>aut</strong></span> <span class='ocrx_word' id='word_1_333' title='bbox 460 4877 525 4941; x_wconf 79' lang='lat'><strong>266</strong></span> <span class='ocrx_word' id='word_1_334' title='bbox 546 4873 647 4964; x_wconf 74' lang='lat'>(279).</span> <span class='ocrx_word' id='word_1_335' title='bbox 687 4887 744 4961; x_wconf 80' lang='grc' dir='ltr'><strong>τῆς</strong></span> <span class='ocrx_word' id='word_1_336' title='bbox 766 4885 832 4942; x_wconf 88' lang='grc' dir='ltr'><strong>νῦν</strong></span> <span class='ocrx_word' id='word_1_337' title='bbox 854 4878 1014 4960; x_wconf 86' lang='grc' dir='ltr'><strong><em>τεκούσης</em></strong></span> <span class='ocrx_word' id='word_1_338' title='bbox 1037 4886 1108 4960; x_wconf 85' lang='grc' dir='ltr'><strong>φῶς</strong></span> <span class='ocrx_word' id='word_1_339' title='bbox 1131 4873 1200 4941; x_wconf 76' lang='grc' dir='ltr'><strong><em>τόδ’</em></strong></span> <span class='ocrx_word' id='word_1_340' title='bbox 1228 4874 1395 4959; x_wconf 85' lang='grc' dir='ltr'><strong><em>εὐφρόνης</em></strong></span> <span class='ocrx_word' id='word_1_341' title='bbox 1418 4872 1502 4957; x_wconf 88' lang='grc' dir='ltr'><strong><em>λέγω</em></strong></span> <span class='ocrx_word' id='word_1_342' title='bbox 1605 4912 1618 4949; x_wconf 59' lang='grc'><strong>,-</strong></span> 
     </span>
    </p>
   </div>
   <div class='ocr_carea' id='block_1_3' title="bbox 0 0 1988 5725">
    <p class='ocr_par' dir='ltr' id='par_1_3' title="bbox 0 0 1988 5725">
     <span class='ocr_line' id='line_1_41' title="bbox 0 0 1988 5725; baseline 0 0"><span class='ocrx_word' id='word_1_343' title='bbox 0 0 1988 5725; x_wconf 95' lang='lat' dir='ltr'><strong> </strong></span> 
     </span>
    </p>
   </div>
  </div>
 </body>
</html>
