<?xml version="1.0" encoding="UTF-8"?>
<!DOCTYPE html PUBLIC "-//W3C//DTD XHTML 1.0 Transitional//EN"
    "http://www.w3.org/TR/xhtml1/DTD/xhtml1-transitional.dtd">
<html xmlns="http://www.w3.org/1999/xhtml" xml:lang="en" lang="en">
 <head>
  <title>
</title>
<meta http-equiv="Content-Type" content="text/html;charset=utf-8" />
  <meta name='ocr-system' content='tesseract 3.04.00' />
  <meta name='ocr-capabilities' content='ocr_page ocr_carea ocr_par ocr_line ocrx_word'/>
</head>
<body>
  <div class='ocr_page' id='page_1' title='image "./iohannisvahleni00vahlgoog/iohannisvahleni00vahlgoog_0198.png"; bbox 0 0 3967 5725; ppageno 0'>
   <div class='ocr_carea' id='block_1_1' title="bbox 399 622 1437 696">
    <p class='ocr_par' dir='ltr' id='par_1_1' title="bbox 399 622 1437 696">
     <span class='ocr_line' id='line_1_1' title="bbox 399 622 1437 696; baseline -0.001 -19"><span class='ocrx_word' id='word_1_1' title='bbox 399 622 463 687; x_wconf 90' lang='grc'>190</span> <span class='ocrx_word' id='word_1_2' title='bbox 576 625 664 676; x_wconf 86' lang='lat' dir='ltr'><strong>XLII.</strong></span> <span class='ocrx_word' id='word_1_3' title='bbox 683 624 799 676; x_wconf 85' lang='lat' dir='ltr'>INDEX</span> <span class='ocrx_word' id='word_1_4' title='bbox 817 624 1034 676; x_wconf 81' lang='lat' dir='ltr'>LECTIONUM</span> <span class='ocrx_word' id='word_1_5' title='bbox 1051 624 1294 676; x_wconf 81' lang='lat' dir='ltr'><strong>HIBERNARUM</strong></span> <span class='ocrx_word' id='word_1_6' title='bbox 1313 623 1437 696; x_wconf 71' lang='lat' dir='ltr'>1895s96.</span> 
     </span>
    </p>
   </div>
   <div class='ocr_carea' id='block_1_2' title="bbox 353 785 1632 4920">
    <p class='ocr_par' dir='ltr' id='par_1_2' title="bbox 353 785 1632 4920">
     <span class='ocr_line' id='line_1_2' title="bbox 535 785 1535 868; baseline 0.001 -18"><span class='ocrx_word' id='word_1_7' title='bbox 535 789 607 852; x_wconf 89' lang='grc' dir='ltr'>ΚΟ.</span> <span class='ocrx_word' id='word_1_8' title='bbox 652 785 743 862; x_wconf 82' lang='grc' dir='ltr'><strong><em>ὅστις</em></strong></span> <span class='ocrx_word' id='word_1_9' title='bbox 764 795 914 851; x_wconf 81' lang='grc' dir='ltr'><strong><em>νικασεῑν</em></strong></span> <span class='ocrx_word' id='word_1_10' title='bbox 937 786 996 851; x_wconf 86' lang='grc' dir='ltr'>τὸν</span> <span class='ocrx_word' id='word_1_11' title='bbox 1018 789 1159 851; x_wconf 71' lang='lat' dir='ltr'>alarico</span> <span class='ocrx_word' id='word_1_12' title='bbox 1182 786 1226 862; x_wconf 81' lang='grc' dir='ltr'>ὡς</span> <span class='ocrx_word' id='word_1_13' title='bbox 1249 788 1290 851; x_wconf 85' lang='grc' dir='ltr'>τὺ</span> <span class='ocrx_word' id='word_1_14' title='bbox 1312 789 1535 868; x_wconf 60' lang='lat' dir='ltr'>aeneidem,</span> 
     </span>
     <span class='ocr_line' id='line_1_3' title="bbox 548 890 1375 978; baseline 0.006 -25"><span class='ocrx_word' id='word_1_15' title='bbox 548 946 554 953; x_wconf 92' lang='lat'><em>.</em></span> <span class='ocrx_word' id='word_1_16' title='bbox 651 891 737 978; x_wconf 83' lang='grc' dir='ltr'><strong><em>σφὰξ</em></strong></span> <span class='ocrx_word' id='word_1_17' title='bbox 761 890 915 977; x_wconf 79' lang='grc' dir='ltr'><em>βομβέων</em></span> <span class='ocrx_word' id='word_1_18' title='bbox 937 891 1083 975; x_wconf 78' lang='grc' dir='ltr'>τέττιγος</span> <span class='ocrx_word' id='word_1_19' title='bbox 1106 891 1269 958; x_wconf 77' lang='grc' dir='ltr'><strong><em>ἐναντίον.</em></strong></span> <span class='ocrx_word' id='word_1_20' title='bbox 1369 893 1375 905; x_wconf 80' lang='lat'><em>‘</em></span> 
     </span>
     <span class='ocr_line' id='line_1_4' title="bbox 395 997 1632 1085; baseline 0.002 -22"><span class='ocrx_word' id='word_1_21' title='bbox 395 997 468 1064; x_wconf 88' lang='lat' dir='ltr'>Hoc</span> <span class='ocrx_word' id='word_1_22' title='bbox 496 1000 595 1085; x_wconf 89' lang='lat' dir='ltr'>enim,</span> <span class='ocrx_word' id='word_1_23' title='bbox 622 1001 812 1084; x_wconf 74' lang='grc' dir='ltr'><strong><em>κικοίθιις,</em></strong></span> <span class='ocrx_word' id='word_1_24' title='bbox 840 1000 892 1064; x_wconf 91' lang='lat' dir='ltr'>oui</span> <span class='ocrx_word' id='word_1_25' title='bbox 919 999 1095 1066; x_wconf 79' lang='lat' dir='ltr'>adhaerent</span> <span class='ocrx_word' id='word_1_26' title='bbox 1116 999 1265 1084; x_wconf 85' lang='lat' dir='ltr'>proxima</span> <span class='ocrx_word' id='word_1_27' title='bbox 1287 999 1374 1085; x_wconf 80' lang='grc' dir='ltr'>σφὰξ</span> <span class='ocrx_word' id='word_1_28' title='bbox 1398 999 1566 1084; x_wconf 80' lang='grc' dir='ltr'><em>βομβέων,</em></span> <span class='ocrx_word' id='word_1_29' title='bbox 1594 1001 1632 1065; x_wconf 91' lang='lat' dir='ltr'>li-</span> 
     </span>
     <span class='ocr_line' id='line_1_5' title="bbox 396 1106 1631 1192; baseline 0.001 -21"><span class='ocrx_word' id='word_1_30' title='bbox 396 1107 528 1172; x_wconf 87' lang='lat' dir='ltr'>brorum</span> <span class='ocrx_word' id='word_1_31' title='bbox 550 1108 615 1172; x_wconf 90' lang='lat' dir='ltr'>fide</span> <span class='ocrx_word' id='word_1_32' title='bbox 636 1106 762 1190; x_wconf 86' lang='lat' dir='ltr'>nititur,</span> <span class='ocrx_word' id='word_1_33' title='bbox 784 1110 817 1172; x_wconf 91' lang='lat' dir='ltr'>et</span> <span class='ocrx_word' id='word_1_34' title='bbox 840 1128 1036 1191; x_wconf 85' lang='lat' dir='ltr'>quamquam</span> <span class='ocrx_word' id='word_1_35' title='bbox 1054 1128 1120 1172; x_wconf 85' lang='lat' dir='ltr'>una</span> <span class='ocrx_word' id='word_1_36' title='bbox 1138 1106 1267 1192; x_wconf 83' lang='lat' dir='ltr'>dempta</span> <span class='ocrx_word' id='word_1_37' title='bbox 1284 1107 1394 1173; x_wconf 86' lang='lat' dir='ltr'>littera</span> <span class='ocrx_word' id='word_1_38' title='bbox 1412 1107 1498 1173; x_wconf 88' lang='lat' dir='ltr'>effici</span> <span class='ocrx_word' id='word_1_39' title='bbox 1514 1112 1631 1192; x_wconf 84' lang='lat' dir='ltr'>potest,</span> 
     </span>
     <span class='ocr_line' id='line_1_6' title="bbox 396 1213 1632 1300; baseline 0.002 -22"><span class='ocrx_word' id='word_1_40' title='bbox 396 1213 428 1278; x_wconf 96' lang='lat' dir='ltr'>id</span> <span class='ocrx_word' id='word_1_41' title='bbox 452 1214 539 1298; x_wconf 89' lang='lat' dir='ltr'>quod</span> <span class='ocrx_word' id='word_1_42' title='bbox 563 1214 640 1280; x_wconf 94' lang='lat' dir='ltr'>olim</span> <span class='ocrx_word' id='word_1_43' title='bbox 664 1217 847 1297; x_wconf 87' lang='lat' dir='ltr'>suaserunt,</span> <span class='ocrx_word' id='word_1_44' title='bbox 876 1213 916 1279; x_wconf 85' lang='lat' dir='ltr'>ad</span> <span class='ocrx_word' id='word_1_45' title='bbox 939 1214 1030 1290; x_wconf 83' lang='grc' dir='ltr'><strong><em>ὅστις</em></strong></span> <span class='ocrx_word' id='word_1_46' title='bbox 1054 1213 1140 1297; x_wconf 91' lang='lat' dir='ltr'>quod</span> <span class='ocrx_word' id='word_1_47' title='bbox 1163 1217 1305 1298; x_wconf 88' lang='lat' dir='ltr'>aptetur,</span> <span class='ocrx_word' id='word_1_48' title='bbox 1327 1235 1394 1278; x_wconf 91' lang='lat' dir='ltr'>non</span> <span class='ocrx_word' id='word_1_49' title='bbox 1416 1214 1540 1300; x_wconf 75' lang='lat' dir='ltr'>licebit,</span> <span class='ocrx_word' id='word_1_50' title='bbox 1565 1216 1632 1300; x_wconf 93' lang='lat' dir='ltr'>opi·</span> 
     </span>
     <span class='ocr_line' id='line_1_7' title="bbox 394 1320 1630 1407; baseline 0.001 -22"><span class='ocrx_word' id='word_1_51' title='bbox 394 1343 518 1407; x_wconf 84' lang='lat' dir='ltr'>namur,</span> <span class='ocrx_word' id='word_1_52' title='bbox 541 1323 716 1398; x_wconf 74' lang='grc' dir='ltr'><strong><em>πεττοίθεις</em></strong></span> <span class='ocrx_word' id='word_1_53' title='bbox 738 1341 813 1386; x_wconf 90' lang='lat' dir='ltr'>cum</span> <span class='ocrx_word' id='word_1_54' title='bbox 830 1320 874 1397; x_wconf 82' lang='grc' dir='ltr'>ὡς</span> <span class='ocrx_word' id='word_1_55' title='bbox 894 1321 935 1385; x_wconf 86' lang='grc' dir='ltr'>τὺ</span> <span class='ocrx_word' id='word_1_56' title='bbox 954 1322 1163 1387; x_wconf 89' lang='lat' dir='ltr'>coniunctum</span> <span class='ocrx_word' id='word_1_57' title='bbox 1182 1323 1283 1387; x_wconf 90' lang='lat' dir='ltr'>errori</span> <span class='ocrx_word' id='word_1_58' title='bbox 1300 1321 1425 1386; x_wconf 87' lang='lat' dir='ltr'>librarii</span> <span class='ocrx_word' id='word_1_59' title='bbox 1443 1321 1630 1388; x_wconf 85' lang='lat' dir='ltr'>adscribere.</span> 
     </span>
     <span class='ocr_line' id='line_1_8' title="bbox 395 1426 1631 1513; baseline 0.001 -19"><span class='ocrx_word' id='word_1_60' title='bbox 395 1428 439 1495; x_wconf 84' lang='lat' dir='ltr'>Et</span> <span class='ocrx_word' id='word_1_61' title='bbox 462 1449 544 1513; x_wconf 89' lang='lat' dir='ltr'>qnae</span> <span class='ocrx_word' id='word_1_62' title='bbox 568 1426 783 1494; x_wconf 76' lang='lat' dir='ltr'><strong>Callimachus</strong></span> <span class='ocrx_word' id='word_1_63' title='bbox 806 1426 1055 1512; x_wconf 87' lang='lat' dir='ltr'>hymn.3,153</span> <span class='ocrx_word' id='word_1_64' title='bbox 1080 1428 1119 1493; x_wconf 94' lang='lat' dir='ltr'>de</span> <span class='ocrx_word' id='word_1_65' title='bbox 1140 1426 1281 1495; x_wconf 82' lang='lat' dir='ltr'>Hercule</span> <span class='ocrx_word' id='word_1_66' title='bbox 1304 1430 1453 1494; x_wconf 90' lang='lat' dir='ltr'>reducem</span> <span class='ocrx_word' id='word_1_67' title='bbox 1476 1450 1515 1494; x_wconf 84' lang='lat' dir='ltr'>ex</span> <span class='ocrx_word' id='word_1_68' title='bbox 1538 1452 1631 1495; x_wconf 88' lang='lat' dir='ltr'>vena·</span> 
     </span>
     <span class='ocr_line' id='line_1_9' title="bbox 395 1534 858 1618; baseline 0 -18"><span class='ocrx_word' id='word_1_69' title='bbox 395 1536 484 1601; x_wconf 86' lang='lat' dir='ltr'>tione</span> <span class='ocrx_word' id='word_1_70' title='bbox 506 1534 656 1600; x_wconf 85' lang='lat' dir='ltr'>Artemin</span> <span class='ocrx_word' id='word_1_71' title='bbox 679 1534 858 1618; x_wconf 73' lang='lat' dir='ltr'>excipiente</span> 
     </span>
     <span class='ocr_line' id='line_1_10' title="bbox 555 1640 1413 1731; baseline 0.001 -24"><span class='ocrx_word' id='word_1_72' title='bbox 555 1640 721 1730; x_wconf 75' lang='grc' dir='ltr'><strong><em>κερδαλέῳ</em></strong></span> <span class='ocrx_word' id='word_1_73' title='bbox 744 1642 845 1730; x_wconf 75' lang='grc' dir='ltr'>μύθῳ</span> <span class='ocrx_word' id='word_1_74' title='bbox 868 1658 920 1722; x_wconf 84' lang='grc' dir='ltr'>σε,</span> <span class='ocrx_word' id='word_1_75' title='bbox 943 1644 1022 1726; x_wconf 72' lang='lat' dir='ltr'>deri,</span> <span class='ocrx_word' id='word_1_76' title='bbox 1045 1640 1133 1726; x_wconf 79' lang='grc' dir='ltr'><strong><em>μάλα</em></strong></span> <span class='ocrx_word' id='word_1_77' title='bbox 1155 1643 1236 1731; x_wconf 77' lang='grc' dir='ltr'><strong><em>τῷδε</em></strong></span> <span class='ocrx_word' id='word_1_78' title='bbox 1258 1643 1413 1710; x_wconf 78' lang='grc' dir='ltr'><strong><em>ττινύσκει</em></strong></span> 
     </span>
     <span class='ocr_line' id='line_1_11' title="bbox 355 1746 1471 1836; baseline -0.001 -18"><span class='ocrx_word' id='word_1_79' title='bbox 355 1777 382 1819; x_wconf 82' lang='grc' dir='ltr'>ιι</span> <span class='ocrx_word' id='word_1_80' title='bbox 558 1747 671 1832; x_wconf 66' lang='grc' dir='ltr'><em>’βάλλε</em></span> <span class='ocrx_word' id='word_1_81' title='bbox 692 1750 816 1825; x_wconf 80' lang='grc' dir='ltr'><strong><em>κακοὺς</em></strong></span> <span class='ocrx_word' id='word_1_82' title='bbox 838 1746 892 1813; x_wconf 81' lang='grc' dir='ltr'><strong><em>ε’τιὶ</em></strong></span> <span class='ocrx_word' id='word_1_83' title='bbox 915 1755 1034 1833; x_wconf 77' lang='grc' dir='ltr'><strong><em>θῆρας,</em></strong></span> <span class='ocrx_word' id='word_1_84' title='bbox 1057 1750 1113 1814; x_wconf 80' lang='grc' dir='ltr'>ἵνα</span> <span class='ocrx_word' id='word_1_85' title='bbox 1135 1752 1259 1833; x_wconf 75' lang='grc' dir='ltr'><strong><em>θνητοί</em></strong></span> <span class='ocrx_word' id='word_1_86' title='bbox 1280 1767 1317 1816; x_wconf 86' lang='grc' dir='ltr'>σε</span> <span class='ocrx_word' id='word_1_87' title='bbox 1338 1753 1471 1836; x_wconf 82' lang='grc' dir='ltr'><em>βοηθόν</em></span> 
     </span>
     <span class='ocr_line' id='line_1_12' title="bbox 556 1851 1000 1940; baseline 0 -20"><span class='ocrx_word' id='word_1_88' title='bbox 556 1855 600 1932; x_wconf 82' lang='grc' dir='ltr'>ὡς</span> <span class='ocrx_word' id='word_1_89' title='bbox 623 1851 680 1937; x_wconf 70' lang='grc' dir='ltr'>ἐμὲ</span> <span class='ocrx_word' id='word_1_90' title='bbox 702 1858 1000 1940; x_wconf 78' lang='grc' dir='ltr'><strong><em>κικλήσκουσιν.</em></strong></span> 
     </span>
     <span class='ocr_line' id='line_1_13' title="bbox 395 1961 1631 2048; baseline 0.002 -21"><span class='ocrx_word' id='word_1_91' title='bbox 395 1961 498 2040; x_wconf 82' lang='lat' dir='ltr'>Quam</span> <span class='ocrx_word' id='word_1_92' title='bbox 525 1963 645 2047; x_wconf 85' lang='lat' dir='ltr'>pusilla</span> <span class='ocrx_word' id='word_1_93' title='bbox 672 1984 771 2047; x_wconf 86' lang='lat' dir='ltr'>opera</span> <span class='ocrx_word' id='word_1_94' title='bbox 797 1967 865 2027; x_wconf 86' lang='lat' dir='ltr'>erat</span> <span class='ocrx_word' id='word_1_95' title='bbox 887 1965 1111 2046; x_wconf 78' lang='grc' dir='ltr'><strong><em>κικλήσκωσιν</em></strong></span> <span class='ocrx_word' id='word_1_96' title='bbox 1132 1985 1287 2048; x_wconf 85' lang='lat' dir='ltr'>reponere</span> <span class='ocrx_word' id='word_1_97' title='bbox 1310 1984 1383 2029; x_wconf 90' lang='lat' dir='ltr'>cum</span> <span class='ocrx_word' id='word_1_98' title='bbox 1406 1962 1497 2030; x_wconf 90' lang='lat' dir='ltr'>Italis</span> <span class='ocrx_word' id='word_1_99' title='bbox 1520 1969 1553 2028; x_wconf 92' lang='lat' dir='ltr'>et</span> <span class='ocrx_word' id='word_1_100' title='bbox 1575 1987 1631 2030; x_wconf 91' lang='lat' dir='ltr'>no·</span> 
     </span>
     <span class='ocr_line' id='line_1_14' title="bbox 394 2069 1631 2156; baseline 0.001 -22"><span class='ocrx_word' id='word_1_101' title='bbox 394 2069 525 2135; x_wconf 80' lang='lat' dir='ltr'>vissimo</span> <span class='ocrx_word' id='word_1_102' title='bbox 545 2070 677 2154; x_wconf 80' lang='lat' dir='ltr'>editore,</span> <span class='ocrx_word' id='word_1_103' title='bbox 700 2075 738 2135; x_wconf 93' lang='lat' dir='ltr'>ut</span> <span class='ocrx_word' id='word_1_104' title='bbox 755 2070 812 2136; x_wconf 78' lang='grc' dir='ltr'>ἵνα</span> <span class='ocrx_word' id='word_1_105' title='bbox 829 2069 964 2135; x_wconf 86' lang='lat' dir='ltr'>haberet</span> <span class='ocrx_word' id='word_1_106' title='bbox 982 2070 1069 2154; x_wconf 90' lang='lat' dir='ltr'>quod</span> <span class='ocrx_word' id='word_1_107' title='bbox 1089 2071 1298 2156; x_wconf 75' lang='lat' dir='ltr'>desiderabat,</span> <span class='ocrx_word' id='word_1_108' title='bbox 1316 2071 1373 2137; x_wconf 89' lang='lat' dir='ltr'>sed</span> <span class='ocrx_word' id='word_1_109' title='bbox 1391 2093 1502 2136; x_wconf 88' lang='lat' dir='ltr'>rursus</span> <span class='ocrx_word' id='word_1_110' title='bbox 1522 2093 1631 2136; x_wconf 88' lang='lat' dir='ltr'>veren-</span> 
     </span>
     <span class='ocr_line' id='line_1_15' title="bbox 395 2176 1631 2266; baseline 0.002 -25"><span class='ocrx_word' id='word_1_111' title='bbox 395 2177 471 2242; x_wconf 91' lang='lat' dir='ltr'>dum</span> <span class='ocrx_word' id='word_1_112' title='bbox 498 2181 547 2242; x_wconf 89' lang='lat' dir='ltr'>est</span> <span class='ocrx_word' id='word_1_113' title='bbox 574 2199 634 2262; x_wconf 89' lang='lat' dir='ltr'>pro</span> <span class='ocrx_word' id='word_1_114' title='bbox 661 2176 793 2242; x_wconf 87' lang='lat' dir='ltr'>librario</span> <span class='ocrx_word' id='word_1_115' title='bbox 819 2199 861 2241; x_wconf 90' lang='lat' dir='ltr'>ne</span> <span class='ocrx_word' id='word_1_116' title='bbox 890 2182 1020 2263; x_wconf 88' lang='lat' dir='ltr'>poetam</span> <span class='ocrx_word' id='word_1_117' title='bbox 1049 2179 1261 2266; x_wconf 83' lang='lat' dir='ltr'>corrigamus,</span> <span class='ocrx_word' id='word_1_118' title='bbox 1289 2178 1345 2262; x_wconf 89' lang='lat' dir='ltr'>qni</span> <span class='ocrx_word' id='word_1_119' title='bbox 1369 2179 1487 2244; x_wconf 91' lang='lat' dir='ltr'>omisso</span> <span class='ocrx_word' id='word_1_120' title='bbox 1512 2179 1567 2243; x_wconf 81' lang='grc' dir='ltr'>ἵνα</span> <span class='ocrx_word' id='word_1_121' title='bbox 1591 2179 1631 2243; x_wconf 86' lang='lat' dir='ltr'>ad</span> 
     </span>
     <span class='ocr_line' id='line_1_16' title="bbox 394 2283 1631 2369; baseline 0.002 -20"><span class='ocrx_word' id='word_1_122' title='bbox 394 2284 439 2361; x_wconf 81' lang='grc' dir='ltr'>ὡς</span> <span class='ocrx_word' id='word_1_123' title='bbox 467 2284 553 2368; x_wconf 92' lang='lat' dir='ltr'>quod</span> <span class='ocrx_word' id='word_1_124' title='bbox 581 2285 715 2369; x_wconf 76' lang='lat' dir='ltr'>propius</span> <span class='ocrx_word' id='word_1_125' title='bbox 744 2288 812 2349; x_wconf 87' lang='lat' dir='ltr'>erat</span> <span class='ocrx_word' id='word_1_126' title='bbox 835 2284 1014 2350; x_wconf 86' lang='lat' dir='ltr'>orationem</span> <span class='ocrx_word' id='word_1_127' title='bbox 1038 2286 1260 2352; x_wconf 86' lang='lat' dir='ltr'>conformavit.</span> <span class='ocrx_word' id='word_1_128' title='bbox 1302 2285 1364 2350; x_wconf 90' lang='lat' dir='ltr'>His</span> <span class='ocrx_word' id='word_1_129' title='bbox 1387 2285 1513 2350; x_wconf 88' lang='lat' dir='ltr'>duobus</span> <span class='ocrx_word' id='word_1_130' title='bbox 1537 2283 1631 2351; x_wconf 83' lang='lat' dir='ltr'>Grae-</span> 
     </span>
     <span class='ocr_line' id='line_1_17' title="bbox 394 2390 1632 2476; baseline 0.002 -21"><span class='ocrx_word' id='word_1_131' title='bbox 394 2412 505 2456; x_wconf 89' lang='lat' dir='ltr'>corum</span> <span class='ocrx_word' id='word_1_132' title='bbox 527 2395 696 2476; x_wconf 86' lang='lat' dir='ltr'>poetarum</span> <span class='ocrx_word' id='word_1_133' title='bbox 721 2391 876 2475; x_wconf 86' lang='lat' dir='ltr'>exemplis</span> <span class='ocrx_word' id='word_1_134' title='bbox 900 2392 1038 2456; x_wconf 85' lang='lat' dir='ltr'>addatur</span> <span class='ocrx_word' id='word_1_135' title='bbox 1058 2391 1218 2458; x_wconf 89' lang='lat' dir='ltr'>Latinum.</span> <span class='ocrx_word' id='word_1_136' title='bbox 1257 2390 1391 2458; x_wconf 89' lang='lat' dir='ltr'>Ovidius</span> <span class='ocrx_word' id='word_1_137' title='bbox 1415 2393 1500 2457; x_wconf 88' lang='lat' dir='ltr'>enim</span> <span class='ocrx_word' id='word_1_138' title='bbox 1523 2394 1558 2457; x_wconf 89' lang='lat' dir='ltr'>in</span> <span class='ocrx_word' id='word_1_139' title='bbox 1579 2392 1632 2457; x_wconf 89' lang='lat' dir='ltr'>de·</span> 
     </span>
     <span class='ocr_line' id='line_1_18' title="bbox 395 2495 1135 2591; baseline 0 -27"><span class='ocrx_word' id='word_1_140' title='bbox 395 2498 479 2564; x_wconf 88' lang='lat' dir='ltr'>cima</span> <span class='ocrx_word' id='word_1_141' title='bbox 500 2495 679 2591; x_wconf 88' lang='lat' dir='ltr'>Heroidum</span> <span class='ocrx_word' id='word_1_142' title='bbox 703 2498 840 2582; x_wconf 88' lang='lat' dir='ltr'>epistola</span> <span class='ocrx_word' id='word_1_143' title='bbox 865 2498 929 2563; x_wconf 87' lang='lat'>139</span> <span class='ocrx_word' id='word_1_144' title='bbox 952 2499 1000 2563; x_wconf 86' lang='lat' dir='ltr'>ita</span> <span class='ocrx_word' id='word_1_145' title='bbox 1017 2499 1135 2564; x_wconf 75' lang='lat' dir='ltr'>scribit</span> 
     </span>
     <span class='ocr_line' id='line_1_19' title="bbox 555 2605 1421 2690; baseline 0 -18"><span class='ocrx_word' id='word_1_146' title='bbox 555 2625 665 2687; x_wconf 69' lang='lat' dir='ltr'>eorpus</span> <span class='ocrx_word' id='word_1_147' title='bbox 686 2611 722 2670; x_wconf 80' lang='lat' dir='ltr'>ut</span> <span class='ocrx_word' id='word_1_148' title='bbox 742 2605 898 2687; x_wconf 75' lang='lat' dir='ltr'>impulsae</span> <span class='ocrx_word' id='word_1_149' title='bbox 919 2611 1031 2689; x_wconf 69' lang='lat' dir='ltr'>seyen</span> <span class='ocrx_word' id='word_1_150' title='bbox 1052 2607 1252 2689; x_wconf 73' lang='lat' dir='ltr'>ochenibue</span> <span class='ocrx_word' id='word_1_151' title='bbox 1274 2606 1421 2690; x_wconf 88' lang='lat' dir='ltr'>horrent,</span> 
     </span>
     <span class='ocr_line' id='line_1_20' title="bbox 599 2712 1335 2796; baseline 0 -18"><span class='ocrx_word' id='word_1_152' title='bbox 599 2713 762 2796; x_wconf 72' lang='lat' dir='ltr'>litteraque</span> <span class='ocrx_word' id='word_1_153' title='bbox 783 2712 915 2778; x_wconf 74' lang='lat' dir='ltr'>articulo</span> <span class='ocrx_word' id='word_1_154' title='bbox 932 2732 1047 2796; x_wconf 74' lang='lat' dir='ltr'>presso</span> <span class='ocrx_word' id='word_1_155' title='bbox 1069 2719 1214 2778; x_wconf 65' lang='lat' dir='ltr'>comente</span> <span class='ocrx_word' id='word_1_156' title='bbox 1236 2713 1335 2793; x_wconf 77' lang='lat' dir='ltr'>labat,</span> 
     </span>
     <span class='ocr_line' id='line_1_21' title="bbox 353 2819 1631 2905; baseline -0.002 -16"><span class='ocrx_word' id='word_1_157' title='bbox 353 2845 381 2889; x_wconf 77' lang='lat' dir='ltr'>ro</span> <span class='ocrx_word' id='word_1_158' title='bbox 394 2819 543 2887; x_wconf 67' lang='lat' dir='ltr'>maadi</span> <span class='ocrx_word' id='word_1_159' title='bbox 565 2820 664 2887; x_wconf 84' lang='lat' dir='ltr'>verbo</span> <span class='ocrx_word' id='word_1_160' title='bbox 687 2820 728 2885; x_wconf 85' lang='lat' dir='ltr'>nd</span> <span class='ocrx_word' id='word_1_161' title='bbox 750 2825 861 2904; x_wconf 67' lang='lat' dir='ltr'>render</span> <span class='ocrx_word' id='word_1_162' title='bbox 882 2820 999 2904; x_wconf 88' lang='lat' dir='ltr'>relato,</span> <span class='ocrx_word' id='word_1_163' title='bbox 1027 2820 1113 2904; x_wconf 87' lang='lat' dir='ltr'>quod</span> <span class='ocrx_word' id='word_1_164' title='bbox 1136 2819 1275 2887; x_wconf 87' lang='lat' dir='ltr'>debebat</span> <span class='ocrx_word' id='word_1_165' title='bbox 1297 2821 1337 2886; x_wconf 88' lang='lat' dir='ltr'>ad</span> <span class='ocrx_word' id='word_1_166' title='bbox 1359 2840 1483 2905; x_wconf 69' lang='lat' dir='ltr'>corpere</span> <span class='ocrx_word' id='word_1_167' title='bbox 1506 2820 1631 2887; x_wconf 70' lang='lat' dir='ltr'>terrem</span> 
     </span>
     <span class='ocr_line' id='line_1_22' title="bbox 395 2928 1631 3014; baseline 0.001 -21"><span class='ocrx_word' id='word_1_168' title='bbox 395 2928 481 2993; x_wconf 91' lang='lat' dir='ltr'>enim</span> <span class='ocrx_word' id='word_1_169' title='bbox 508 2928 603 3013; x_wconf 89' lang='lat' dir='ltr'>probi</span> <span class='ocrx_word' id='word_1_170' title='bbox 631 2928 758 2994; x_wconf 87' lang='lat' dir='ltr'>codices</span> <span class='ocrx_word' id='word_1_171' title='bbox 784 2932 929 3012; x_wconf 87' lang='lat' dir='ltr'>tuentur,</span> <span class='ocrx_word' id='word_1_172' title='bbox 959 2950 1028 2993; x_wconf 91' lang='lat' dir='ltr'>non</span> <span class='ocrx_word' id='word_1_173' title='bbox 1053 2928 1167 3007; x_wconf 73' lang='grc' dir='ltr'>Ῑιοκντι,</span> <span class='ocrx_word' id='word_1_174' title='bbox 1201 2928 1287 3014; x_wconf 90' lang='lat' dir='ltr'>quod</span> <span class='ocrx_word' id='word_1_175' title='bbox 1313 2932 1352 2992; x_wconf 93' lang='lat' dir='ltr'>nt</span> <span class='ocrx_word' id='word_1_176' title='bbox 1379 2928 1473 2993; x_wconf 86' lang='lat' dir='ltr'>facile</span> <span class='ocrx_word' id='word_1_177' title='bbox 1502 2929 1631 2994; x_wconf 89' lang='lat' dir='ltr'>restitui</span> 
     </span>
     <span class='ocr_line' id='line_1_23' title="bbox 394 3034 1631 3121; baseline -0.001 -21"><span class='ocrx_word' id='word_1_178' title='bbox 394 3039 530 3120; x_wconf 88' lang='lat' dir='ltr'>poterat,</span> <span class='ocrx_word' id='word_1_179' title='bbox 552 3034 600 3100; x_wconf 92' lang='lat' dir='ltr'>ita</span> <span class='ocrx_word' id='word_1_180' title='bbox 618 3035 736 3100; x_wconf 88' lang='lat' dir='ltr'>iniuria</span> <span class='ocrx_word' id='word_1_181' title='bbox 752 3034 934 3119; x_wconf 84' lang='lat' dir='ltr'>praefertur</span> <span class='ocrx_word' id='word_1_182' title='bbox 952 3034 992 3099; x_wconf 91' lang='lat' dir='ltr'>ab</span> <span class='ocrx_word' id='word_1_183' title='bbox 1012 3034 1199 3121; x_wconf 89' lang='lat' dir='ltr'>editoribus,</span> <span class='ocrx_word' id='word_1_184' title='bbox 1217 3036 1314 3100; x_wconf 84' lang='lat' dir='ltr'>etiam</span> <span class='ocrx_word' id='word_1_185' title='bbox 1332 3035 1503 3121; x_wconf 82' lang='lat' dir='ltr'>Ehwald03</span> <span class='ocrx_word' id='word_1_186' title='bbox 1526 3057 1631 3119; x_wconf 87' lang='lat' dir='ltr'>neque</span> 
     </span>
     <span class='ocr_line' id='line_1_24' title="bbox 393 3140 1630 3228; baseline 0.002 -23"><span class='ocrx_word' id='word_1_187' title='bbox 393 3140 457 3209; x_wconf 92' lang='lat' dir='ltr'>hoc</span> <span class='ocrx_word' id='word_1_188' title='bbox 475 3142 562 3227; x_wconf 92' lang='lat' dir='ltr'>quod</span> <span class='ocrx_word' id='word_1_189' title='bbox 580 3142 744 3207; x_wconf 88' lang='lat' dir='ltr'>reddimus</span> <span class='ocrx_word' id='word_1_190' title='bbox 763 3140 879 3207; x_wconf 77' lang='lat' dir='ltr'>Ouidio</span> <span class='ocrx_word' id='word_1_191' title='bbox 898 3142 1039 3207; x_wconf 89' lang='lat' dir='ltr'>deterius</span> <span class='ocrx_word' id='word_1_192' title='bbox 1059 3147 1108 3208; x_wconf 87' lang='lat' dir='ltr'>est</span> <span class='ocrx_word' id='word_1_193' title='bbox 1126 3163 1222 3226; x_wconf 87' lang='lat' dir='ltr'>quam</span> <span class='ocrx_word' id='word_1_194' title='bbox 1243 3142 1330 3228; x_wconf 91' lang='lat' dir='ltr'>quod</span> <span class='ocrx_word' id='word_1_195' title='bbox 1348 3141 1519 3208; x_wconf 82' lang='lat' dir='ltr'>Theocrito</span> <span class='ocrx_word' id='word_1_196' title='bbox 1535 3140 1630 3207; x_wconf 79' lang='lat' dir='ltr'>calli-</span> 
     </span>
     <span class='ocr_line' id='line_1_25' title="bbox 394 3246 1630 3336; baseline -0.002 -21"><span class='ocrx_word' id='word_1_197' title='bbox 394 3249 572 3334; x_wconf 84' lang='lat' dir='ltr'>machoque</span> <span class='ocrx_word' id='word_1_198' title='bbox 602 3271 669 3315; x_wconf 91' lang='lat' dir='ltr'>non</span> <span class='ocrx_word' id='word_1_199' title='bbox 701 3254 829 3334; x_wconf 89' lang='lat' dir='ltr'>poterat</span> <span class='ocrx_word' id='word_1_200' title='bbox 856 3246 1016 3336; x_wconf 83' lang='lat' dir='ltr'>denegari.</span> <span class='ocrx_word' id='word_1_201' title='bbox 1057 3248 1197 3315; x_wconf 85' lang='lat' dir='ltr'>Romani</span> <span class='ocrx_word' id='word_1_202' title='bbox 1225 3254 1332 3315; x_wconf 86' lang='lat' dir='ltr'>autem</span> <span class='ocrx_word' id='word_1_203' title='bbox 1360 3271 1456 3334; x_wconf 84' lang='lat' dir='ltr'>quam</span> <span class='ocrx_word' id='word_1_204' title='bbox 1484 3250 1630 3315; x_wconf 81' lang='lat' dir='ltr'>consueti</span> 
     </span>
     <span class='ocr_line' id='line_1_26' title="bbox 392 3355 1630 3442; baseline 0.001 -22"><span class='ocrx_word' id='word_1_205' title='bbox 392 3355 515 3421; x_wconf 88' lang='lat' dir='ltr'>fuerint</span> <span class='ocrx_word' id='word_1_206' title='bbox 538 3356 572 3422; x_wconf 89' lang='lat' dir='ltr'>in</span> <span class='ocrx_word' id='word_1_207' title='bbox 595 3357 683 3423; x_wconf 91' lang='lat' dir='ltr'>omni</span> <span class='ocrx_word' id='word_1_208' title='bbox 707 3378 823 3442; x_wconf 81' lang='lat' dir='ltr'>genere</span> <span class='ocrx_word' id='word_1_209' title='bbox 846 3356 1003 3422; x_wconf 86' lang='lat' dir='ltr'>orationis</span> <span class='ocrx_word' id='word_1_210' title='bbox 1026 3357 1198 3422; x_wconf 81' lang='lat' dir='ltr'>verborum</span> <span class='ocrx_word' id='word_1_211' title='bbox 1220 3356 1341 3422; x_wconf 85' lang='lat' dir='ltr'>formas</span> <span class='ocrx_word' id='word_1_212' title='bbox 1359 3360 1487 3441; x_wconf 88' lang='lat' dir='ltr'>praeter</span> <span class='ocrx_word' id='word_1_213' title='bbox 1506 3361 1630 3422; x_wconf 90' lang='lat' dir='ltr'>senten-</span> 
     </span>
     <span class='ocr_line' id='line_1_27' title="bbox 393 3462 1629 3548; baseline 0 -20"><span class='ocrx_word' id='word_1_214' title='bbox 393 3462 457 3528; x_wconf 83' lang='lat' dir='ltr'>tiae</span> <span class='ocrx_word' id='word_1_215' title='bbox 484 3464 707 3529; x_wconf 86' lang='lat' dir='ltr'>necessitatem</span> <span class='ocrx_word' id='word_1_216' title='bbox 736 3483 808 3527; x_wconf 89' lang='lat' dir='ltr'>cum</span> <span class='ocrx_word' id='word_1_217' title='bbox 836 3464 992 3548; x_wconf 83' lang='lat' dir='ltr'>proximis</span> <span class='ocrx_word' id='word_1_218' title='bbox 1017 3484 1207 3547; x_wconf 86' lang='lat' dir='ltr'>exaequare,</span> <span class='ocrx_word' id='word_1_219' title='bbox 1235 3464 1286 3529; x_wconf 87' lang='lat' dir='ltr'>vel</span> <span class='ocrx_word' id='word_1_220' title='bbox 1308 3463 1421 3528; x_wconf 82' lang='lat' dir='ltr'>Livius</span> <span class='ocrx_word' id='word_1_221' title='bbox 1443 3463 1629 3529; x_wconf 90' lang='lat' dir='ltr'>testimonio</span> 
     </span>
     <span class='ocr_line' id='line_1_28' title="bbox 394 3570 959 3655; baseline 0 -21"><span class='ocrx_word' id='word_1_222' title='bbox 394 3573 452 3655; x_wconf 80' lang='lat' dir='ltr'>est,</span> <span class='ocrx_word' id='word_1_223' title='bbox 476 3570 531 3655; x_wconf 89' lang='lat' dir='ltr'>qui</span> <span class='ocrx_word' id='word_1_224' title='bbox 555 3592 637 3654; x_wconf 89' lang='lat' dir='ltr'>quae</span> <span class='ocrx_word' id='word_1_225' title='bbox 661 3570 775 3635; x_wconf 87' lang='lat' dir='ltr'>scribit</span> <span class='ocrx_word' id='word_1_226' title='bbox 797 3588 847 3635; x_wconf 84' lang='lat' dir='ltr'>vn</span> <span class='ocrx_word' id='word_1_227' title='bbox 866 3570 920 3654; x_wconf 83' lang='lat'>38,</span> <span class='ocrx_word' id='word_1_228' title='bbox 938 3570 959 3634; x_wconf 82' lang='lat'>6</span> 
     </span>
     <span class='ocr_line' id='line_1_29' title="bbox 528 3675 1630 3762; baseline 0 -19"><span class='ocrx_word' id='word_1_229' title='bbox 528 3696 583 3743; x_wconf 79' lang='grc' dir='ltr'>ιιι</span> <span class='ocrx_word' id='word_1_230' title='bbox 601 3683 704 3743; x_wconf 73' lang='lat' dir='ltr'>autem</span> <span class='ocrx_word' id='word_1_231' title='bbox 716 3679 825 3760; x_wconf 78' lang='lat' dir='ltr'>potius</span> <span class='ocrx_word' id='word_1_232' title='bbox 840 3675 1000 3761; x_wconf 74' lang='lat' dir='ltr'>Campani</span> <span class='ocrx_word' id='word_1_233' title='bbox 1017 3698 1130 3761; x_wconf 71' lang='lat' dir='ltr'>cyrum</span> <span class='ocrx_word' id='word_1_234' title='bbox 1144 3678 1262 3745; x_wconf 78' lang='lat' dir='ltr'>Italico</span> <span class='ocrx_word' id='word_1_235' title='bbox 1278 3678 1479 3758; x_wconf 65' lang='grc' dir='ltr'><strong><em>κὺινικιιιιιικ,</em></strong></span> <span class='ocrx_word' id='word_1_236' title='bbox 1498 3678 1630 3762; x_wconf 68' lang='lat' dir='ltr'>dionem</span> 
     </span>
     <span class='ocr_line' id='line_1_30' title="bbox 573 3784 1630 3869; baseline 0.001 -19"><span class='ocrx_word' id='word_1_237' title='bbox 573 3805 649 3869; x_wconf 74' lang='lat' dir='ltr'>apro</span> <span class='ocrx_word' id='word_1_238' title='bbox 671 3784 786 3864; x_wconf 78' lang='lat' dir='ltr'>arbem,</span> <span class='ocrx_word' id='word_1_239' title='bbox 809 3786 865 3867; x_wconf 76' lang='lat' dir='ltr'>qui</span> <span class='ocrx_word' id='word_1_240' title='bbox 881 3805 937 3850; x_wconf 82' lang='grc' dir='ltr'>κιι</span> <span class='ocrx_word' id='word_1_241' title='bbox 953 3805 987 3851; x_wconf 80' lang='lat' dir='ltr'>ee</span> <span class='ocrx_word' id='word_1_242' title='bbox 1003 3805 1059 3851; x_wconf 76' lang='lat' dir='ltr'>ccc</span> <span class='ocrx_word' id='word_1_243' title='bbox 1075 3805 1135 3851; x_wconf 80' lang='lat' dir='ltr'>sco</span> <span class='ocrx_word' id='word_1_244' title='bbox 1152 3786 1252 3851; x_wconf 71' lang='lat' dir='ltr'>tutari</span> <span class='ocrx_word' id='word_1_245' title='bbox 1263 3792 1398 3869; x_wconf 76' lang='lat' dir='ltr'>possent,</span> <span class='ocrx_word' id='word_1_246' title='bbox 1421 3806 1517 3869; x_wconf 79' lang='lat' dir='ltr'>quam</span> <span class='ocrx_word' id='word_1_247' title='bbox 1534 3785 1630 3851; x_wconf 64' lang='lat' dir='ltr'>emor</span> 
     </span>
     <span class='ocr_line' id='line_1_31' title="bbox 354 3890 1629 3977; baseline -0.002 -17"><span class='ocrx_word' id='word_1_248' title='bbox 354 3918 381 3960; x_wconf 86' lang='grc' dir='ltr'>ιι</span> <span class='ocrx_word' id='word_1_249' title='bbox 572 3892 722 3958; x_wconf 61' lang='lat' dir='ltr'>merome</span> <span class='ocrx_word' id='word_1_250' title='bbox 748 3891 892 3975; x_wconf 84' lang='lat' dir='ltr'>haberet,</span> <span class='ocrx_word' id='word_1_251' title='bbox 921 3893 977 3975; x_wconf 74' lang='lat' dir='ltr'>qui</span> <span class='ocrx_word' id='word_1_252' title='bbox 1003 3912 1059 3959; x_wconf 82' lang='grc' dir='ltr'><strong><em>ειιο</em></strong></span> <span class='ocrx_word' id='word_1_253' title='bbox 1086 3893 1197 3959; x_wconf 73' lang='lat' dir='ltr'>sedere</span> <span class='ocrx_word' id='word_1_254' title='bbox 1223 3912 1261 3958; x_wconf 86' lang='grc' dir='ltr'>ιιι</span> <span class='ocrx_word' id='word_1_255' title='bbox 1287 3893 1441 3977; x_wconf 67' lang='lat' dir='ltr'>sanquine</span> <span class='ocrx_word' id='word_1_256' title='bbox 1467 3892 1542 3958; x_wconf 76' lang='lat' dir='ltr'>inde</span> <span class='ocrx_word' id='word_1_257' title='bbox 1569 3890 1629 3958; x_wconf 83' lang='lat' dir='ltr'>So·</span> 
     </span>
     <span class='ocr_line' id='line_1_32' title="bbox 572 3998 871 4082; baseline -0.007 -17"><span class='ocrx_word' id='word_1_258' title='bbox 572 4000 686 4065; x_wconf 71' lang='lat' dir='ltr'>maces</span> <span class='ocrx_word' id='word_1_259' title='bbox 706 3998 871 4082; x_wconf 69' lang='grc' dir='ltr'><strong><em>ᾱιρκίιιειι</em></strong></span> 
     </span>
     <span class='ocr_line' id='line_1_33' title="bbox 395 4104 804 4190; baseline -0.007 -19"><span class='ocrx_word' id='word_1_260' title='bbox 395 4110 427 4171; x_wconf 89' lang='lat' dir='ltr'>et</span> <span class='ocrx_word' id='word_1_261' title='bbox 450 4127 532 4190; x_wconf 89' lang='lat' dir='ltr'>qnae</span> <span class='ocrx_word' id='word_1_262' title='bbox 554 4105 742 4189; x_wconf 83' lang='lat' dir='ltr'>xxxvn19,</span> <span class='ocrx_word' id='word_1_263' title='bbox 763 4104 804 4169; x_wconf 88' lang='grc'>13</span> 
     </span>
     <span class='ocr_line' id='line_1_34' title="bbox 528 4213 1630 4297; baseline 0 -18"><span class='ocrx_word' id='word_1_264' title='bbox 528 4214 621 4297; x_wconf 55' lang='lat' dir='ltr'>omna</span> <span class='ocrx_word' id='word_1_265' title='bbox 644 4234 743 4279; x_wconf 84' lang='grc' dir='ltr'><strong><em>αιιιιιι</em></strong></span> <span class='ocrx_word' id='word_1_266' title='bbox 765 4234 1000 4296; x_wconf 73' lang='lat' dir='ltr'>memoresque</span> <span class='ocrx_word' id='word_1_267' title='bbox 1021 4220 1049 4280; x_wconf 83' lang='lat' dir='ltr'>et</span> <span class='ocrx_word' id='word_1_268' title='bbox 1071 4213 1194 4279; x_wconf 72' lang='lat' dir='ltr'>tobalea</span> <span class='ocrx_word' id='word_1_269' title='bbox 1212 4215 1328 4297; x_wconf 73' lang='lat' dir='ltr'>pictae,</span> <span class='ocrx_word' id='word_1_270' title='bbox 1356 4213 1468 4296; x_wconf 67' lang='lat' dir='ltr'>parbem</span> <span class='ocrx_word' id='word_1_271' title='bbox 1489 4215 1630 4279; x_wconf 71' lang='lat' dir='ltr'>mentior</span> 
     </span>
     <span class='ocr_line' id='line_1_35' title="bbox 573 4320 1629 4405; baseline -0.002 -18"><span class='ocrx_word' id='word_1_272' title='bbox 573 4321 755 4401; x_wconf 78' lang='lat' dir='ltr'>Ambracia,</span> <span class='ocrx_word' id='word_1_273' title='bbox 778 4322 854 4403; x_wconf 77' lang='lat' dir='ltr'>quio</span> <span class='ocrx_word' id='word_1_274' title='bbox 874 4322 964 4403; x_wconf 73' lang='lat' dir='ltr'>repta</span> <span class='ocrx_word' id='word_1_275' title='bbox 985 4321 1032 4386; x_wconf 80' lang='lat' dir='ltr'>iti</span> <span class='ocrx_word' id='word_1_276' title='bbox 1051 4320 1172 4405; x_wconf 71' lang='lat' dir='ltr'>Pyrrhi</span> <span class='ocrx_word' id='word_1_277' title='bbox 1191 4322 1306 4403; x_wconf 70' lang='lat' dir='ltr'>sumat,</span> <span class='ocrx_word' id='word_1_278' title='bbox 1328 4342 1424 4405; x_wconf 79' lang='lat' dir='ltr'>qaam</span> <span class='ocrx_word' id='word_1_279' title='bbox 1447 4326 1561 4387; x_wconf 73' lang='grc' dir='ltr'><strong><em>ιιιινιιι</em></strong></span> <span class='ocrx_word' id='word_1_280' title='bbox 1582 4340 1629 4386; x_wconf 84' lang='lat' dir='ltr'>re-</span> 
     </span>
     <span class='ocr_line' id='line_1_36' title="bbox 572 4428 1461 4514; baseline 0 -20"><span class='ocrx_word' id='word_1_281' title='bbox 572 4429 676 4511; x_wconf 71' lang='lat' dir='ltr'>qionis</span> <span class='ocrx_word' id='word_1_282' title='bbox 698 4429 765 4494; x_wconf 74' lang='lat' dir='ltr'>eiua</span> <span class='ocrx_word' id='word_1_283' title='bbox 786 4428 877 4494; x_wconf 76' lang='lat' dir='ltr'>urbas</span> <span class='ocrx_word' id='word_1_284' title='bbox 898 4431 1000 4514; x_wconf 88' lang='lat' dir='ltr'>erant,</span> <span class='ocrx_word' id='word_1_285' title='bbox 1022 4428 1146 4494; x_wconf 68' lang='lat' dir='ltr'>aebbae</span> <span class='ocrx_word' id='word_1_286' title='bbox 1168 4429 1277 4495; x_wconf 75' lang='lat' dir='ltr'>oemio</span> <span class='ocrx_word' id='word_1_287' title='bbox 1299 4434 1461 4511; x_wconf 61' lang='lat' dir='ltr'>camoque</span> 
     </span>
     <span class='ocr_line' id='line_1_37' title="bbox 395 4533 1629 4620; baseline 0.001 -21"><span class='ocrx_word' id='word_1_288' title='bbox 395 4535 589 4618; x_wconf 83' lang='lat' dir='ltr'>intemptata</span> <span class='ocrx_word' id='word_1_289' title='bbox 611 4537 701 4619; x_wconf 87' lang='lat' dir='ltr'>sunt,</span> <span class='ocrx_word' id='word_1_290' title='bbox 728 4558 922 4620; x_wconf 89' lang='lat' dir='ltr'>quamquam</span> <span class='ocrx_word' id='word_1_291' title='bbox 945 4557 1013 4601; x_wconf 94' lang='lat' dir='ltr'>non</span> <span class='ocrx_word' id='word_1_292' title='bbox 1036 4535 1201 4602; x_wconf 88' lang='lat' dir='ltr'>difficilius</span> <span class='ocrx_word' id='word_1_293' title='bbox 1228 4540 1295 4601; x_wconf 88' lang='lat' dir='ltr'>erat</span> <span class='ocrx_word' id='word_1_294' title='bbox 1317 4536 1371 4600; x_wconf 91' lang='lat' dir='ltr'>hic</span> <span class='ocrx_word' id='word_1_295' title='bbox 1393 4540 1461 4601; x_wconf 76' lang='lat' dir='ltr'>erat</span> <span class='ocrx_word' id='word_1_296' title='bbox 1483 4538 1539 4600; x_wconf 89' lang='lat' dir='ltr'>aut</span> <span class='ocrx_word' id='word_1_297' title='bbox 1561 4533 1629 4600; x_wconf 92' lang='lat' dir='ltr'>illic</span> 
     </span>
     <span class='ocr_line' id='line_1_38' title="bbox 394 4640 1629 4729; baseline 0 -22"><span class='ocrx_word' id='word_1_298' title='bbox 394 4640 540 4707; x_wconf 68' lang='lat' dir='ltr'>taem</span> <span class='ocrx_word' id='word_1_299' title='bbox 562 4646 599 4706; x_wconf 86' lang='lat' dir='ltr'>nt</span> <span class='ocrx_word' id='word_1_300' title='bbox 622 4643 781 4708; x_wconf 86' lang='lat' dir='ltr'>sententia</span> <span class='ocrx_word' id='word_1_301' title='bbox 803 4643 957 4728; x_wconf 86' lang='lat' dir='ltr'>poscebat</span> <span class='ocrx_word' id='word_1_302' title='bbox 978 4643 1093 4729; x_wconf 88' lang='lat' dir='ltr'>reponi</span> <span class='ocrx_word' id='word_1_303' title='bbox 1117 4665 1213 4728; x_wconf 89' lang='lat' dir='ltr'>qnam</span> <span class='ocrx_word' id='word_1_304' title='bbox 1237 4643 1322 4728; x_wconf 87' lang='lat' dir='ltr'>apud</span> <span class='ocrx_word' id='word_1_305' title='bbox 1346 4640 1497 4708; x_wconf 85' lang='lat' dir='ltr'>Ovidium</span> <span class='ocrx_word' id='word_1_306' title='bbox 1519 4642 1629 4707; x_wconf 73' lang='lat' dir='ltr'>horret.</span> 
     </span>
     <span class='ocr_line' id='line_1_39' title="bbox 395 4747 1630 4837; baseline 0 -25"><span class='ocrx_word' id='word_1_307' title='bbox 395 4747 440 4812; x_wconf 84' lang='lat' dir='ltr'>Et</span> <span class='ocrx_word' id='word_1_308' title='bbox 467 4747 546 4813; x_wconf 89' lang='lat' dir='ltr'>talia</span> <span class='ocrx_word' id='word_1_309' title='bbox 573 4748 701 4834; x_wconf 90' lang='lat' dir='ltr'>quidem</span> <span class='ocrx_word' id='word_1_310' title='bbox 725 4748 919 4834; x_wconf 80' lang='lat' dir='ltr'>Apollonius</span> <span class='ocrx_word' id='word_1_311' title='bbox 947 4750 1017 4834; x_wconf 87' lang='lat' dir='ltr'>ipse</span> <span class='ocrx_word' id='word_1_312' title='bbox 1043 4771 1110 4817; x_wconf 91' lang='lat' dir='ltr'>non</span> <span class='ocrx_word' id='word_1_313' title='bbox 1137 4750 1265 4837; x_wconf 79' lang='lat' dir='ltr'>refugit.</span> <span class='ocrx_word' id='word_1_314' title='bbox 1301 4748 1386 4816; x_wconf 88' lang='lat' dir='ltr'>Nam</span> <span class='ocrx_word' id='word_1_315' title='bbox 1415 4770 1489 4815; x_wconf 89' lang='lat' dir='ltr'>cum</span> <span class='ocrx_word' id='word_1_316' title='bbox 1517 4748 1630 4813; x_wconf 90' lang='lat' dir='ltr'>scribit</span> 
     </span>
     <span class='ocr_line' id='line_1_40' title="bbox 395 4854 520 4920; baseline 0 0"><span class='ocrx_word' id='word_1_317' title='bbox 395 4854 520 4920; x_wconf 83' lang='lat'>111948</span> 
     </span>
    </p>
   </div>
   <div class='ocr_carea' id='block_1_3' title="bbox 0 0 1992 5725">
    <p class='ocr_par' dir='ltr' id='par_1_3' title="bbox 0 0 1992 5725">
     <span class='ocr_line' id='line_1_41' title="bbox 0 0 1992 5725; baseline 0 0"><span class='ocrx_word' id='word_1_318' title='bbox 0 0 1992 5725; x_wconf 95' lang='lat' dir='ltr'> </span> 
     </span>
    </p>
   </div>
  </div>
 </body>
</html>
