3967 5725
753 581 803 629 DE
821 580 998 631 VERSIBUS
1014 580 1196 632 ENNIANIS.
1551 578 1594 642 41

360 744 467 804 turam
496 744 629 807 vocatus
658 730 715 805 est.
757 739 860 817 Quam
888 740 943 805 ille
971 742 1139 823 repudiare
1168 742 1276 824 coepit
1303 762 1376 805 cum
1404 742 1450 805 ita
1476 742 1599 806 diceret

361 846 470 911 ‘Hunc
502 870 563 934 ego
596 834 736 933 agellum
769 850 797 911 si
829 847 1009 930 relinquere
1041 847 1156 912 vellem
1184 848 1356 931 incultum,
1387 848 1472 913 unde
1499 850 1598 914 nobis

360 955 486 1018 fructus
513 958 546 1017 et
573 956 658 1018 vitae
684 956 877 1040 propagatio
905 955 1021 1019 foretl'
1056 953 1110 1021 Sic
1138 957 1264 1019 demum
1292 956 1447 1020 orationis
1474 958 1598 1021 formae

362 1061 535 1125 satisfieri
559 1061 693 1125 ridetur.
730 1059 768 1125 ln
793 1084 856 1145 qua
879 1050 1063 1126 suscitanda
1086 1062 1245 1126 sententia
1264 1085 1337 1128 cum
1355 1063 1448 1128 Livio
1468 1067 1598 1127 auctore
1676 1102 1694 1117 =

363 1275 568 1361 confugimus
593 1278 754 1339 auctorem
772 1275 865 1341 Livio
887 1298 952 1340 non
972 1276 1172 1341 deteriorem.
1208 1276 1384 1361 Dionysius
1403 1278 1488 1341 enim
1507 1275 1597 1341 Hali·

362 1382 578 1446 carnasseusis
598 1404 669 1446 cum
689 1382 831 1447 fabulam
851 1384 890 1447 de
905 1380 1096 1448 Cincinnato
1115 1384 1271 1448 dictatore
1288 1384 1410 1448 rustico
1425 1384 1458 1448 in
1473 1406 1598 1448 summa

362 1488 409 1552 rei
443 1510 516 1555 cum
544 1488 637 1553 Livio
672 1490 859 1573 conspirans
887 1490 1006 1554 referat
1033 1508 1057 1553 x
1081 1490 1124 1554 24
1146 1514 1177 1574 p.
1201 1490 1242 1554 37
1256 1489 1296 1555 Κ.
1323 1490 1404 1555 baec
1430 1490 1530 1555 tradit
1558 1490 1596 1555 de

363 1594 514 1670 Quinctio
542 1595 560 1659 d
589 1592 625 1660 di
648 1594 768 1680 μαθὼν
793 1594 843 1661 ὅτι
867 1599 1029 1681 δικτάτωρ
1053 1590 1283 1662 αἰνιοόἑὸἳικται
1305 1607 1363 1680 τῆς
1386 1601 1512 1673 πόλεως
1536 1598 1596 1681 οὐχ

364 1702 453 1779 ὅπως
484 1703 633 1786 ἠγάπησε
665 1704 862 1787 τηλικαύτης
889 1714 984 1787 τιμῆς
1011 1706 1135 1788 τυχών,
1168 1702 1251 1769 ἀλλὰ
1280 1707 1597 1788 κροσαγανακτιίσας
1611 1730 1640 1769 ιο

363 1801 467 1873 εἶπεν·
491 1808 712 1875 Ἀπολεῑται
741 1812 813 1893 ἄρα
842 1810 904 1875 καί
932 1812 1076 1875 τούτου
1103 1820 1172 1876 τοῦ
1200 1810 1386 1875 ἐνιαυτοῦ
1410 1811 1427 1875 ὁ
1451 1812 1597 1894 καρπὸς

362 1916 428 1980 διὰ
460 1918 527 1991 τὰς
554 1914 648 1997 ἐμὰς
677 1916 878 2001 ἀσχολίας,
910 1919 974 1982 καί
1003 1921 1242 2001 πεονήσομεν
1270 1919 1438 1993 ἅπαντες
1465 1929 1597 1994 κακῶς.

363 2022 451 2097 Quae
485 2028 560 2087 sunt
593 2046 669 2087 sane
701 2025 793 2088 valde
826 2024 945 2089 similia
976 2024 1083 2089 verbis
1113 2024 1279 2089 Ennianis.
1329 2022 1433 2109 Atqui
1464 2026 1492 2088 si
1525 2026 1596 2108 quis

362 2134 507 2212 quaerat,
537 2130 615 2213 quid
643 2130 820 2215 Dionysius
849 2132 888 2196 ad
915 2131 1071 2214 Ennium,
1099 2131 1181 2195 nihil
1209 2153 1298 2215 sane,
1325 2132 1598 2215 respondebimus,

360 2236 425 2301 nisi
450 2238 537 2321 quod
560 2260 642 2321 quae
665 2238 842 2323 Dionysius
867 2237 1053 2315 Quinotium
1077 2240 1220 2304 locutum
1243 2239 1347 2324 fingit,
1371 2239 1410 2301 iis
1434 2240 1599 2321 comparia

360 2344 496 2408 eundem
530 2346 617 2428 apud
644 2346 786 2422 Ennium
819 2346 909 2428 loqui
941 2345 1087 2429 potuisse
1118 2346 1305 2409 incredibile
1332 2366 1399 2409 non
1427 2350 1483 2409 est.
1534 2343 1598 2409 Sed

292 2468 295 2475 ’
360 2451 552 2536 Dionysius
581 2457 617 2516 ut
644 2474 755 2517 rursus
780 2453 873 2537 copia
896 2453 1000 2539 magis
1022 2473 1128 2516 rerum
1153 2474 1249 2535 quam
1272 2453 1382 2537 inopia
1404 2453 1597 2536 laboremus,

361 2560 495 2622 alteram
521 2581 594 2627 non.
611 2560 798 2624 dissimilem
823 2560 857 2623 in
881 2559 992 2624 eodem
1018 2557 1208 2624 Cincinnato
1232 2560 1398 2624 nnnianae
1422 2559 1597 2624 sententiae

255 2644 262 2661 ⁸
362 2666 563 2731 occasionem
590 2668 689 2731 affert.
731 2665 831 2743 Quem
855 2667 1021 2731 consulem
1045 2671 1250 2753 surrogatum
1272 2669 1384 2750 paucis
1407 2666 1500 2730 annis
1523 2671 1597 2730 ante

362 2796 389 2837 1.
408 2796 437 2836 u.
457 2773 524 2837 294
551 2774 629 2837 item
657 2774 697 2837 ab
727 2795 823 2857 opere
846 2776 968 2838 rustico
992 2776 1181 2838 arcessitum
1203 2778 1326 2857 narrat,
1354 2774 1446 2838 cuius
1468 2773 1596 2837 fabulae
1611 2794 1640 2839 ro
1735 2813 1740 2817 ·

261 2871 270 2888 ⁴
361 2880 492 2945 aLivio
517 2881 642 2974 (11119)
666 2882 909 2966 praetermissae
932 2882 1108 2965 Dionysius
1132 2883 1366 2966 ctiampostea
1388 2904 1511 2969 memor
1529 2885 1597 2944 erat

363 3011 435 3052 cum
460 2986 685 3052 Cincinnatum
714 2989 902 3054 dictatorem
925 2991 971 3053 ita
993 2989 1240 3072 respondentem
1263 2989 1403 3052 faciebat
1426 2988 1596 3053 ἀπολεῖται-

363 3097 426 3180 ἰίρα
453 3095 517 3160 καὶ
545 3097 667 3160 τούτου
695 3105 755 3160 τοῦ
784 3095 940 3161 ἐνιαυτοῦ
969 3096 986 3160 ὁ
1009 3098 1143 3181 καρπός.
1186 3094 1249 3160 Sed
1273 3096 1311 3160 de
1335 3095 1466 3161 consule
1489 3099 1596 3159 creato

363 3201 443 3267 haec
466 3201 579 3266 scribit
596 3219 621 3265 x
637 3202 676 3266 ll
692 3225 722 3285 p.
738 3203 779 3265 27
791 3203 830 3266 K.
925 3204 944 3286 ἡ
968 3205 1074 3286 βουλὴ
1099 3199 1136 3266 dd
1159 3199 1281 3286 ἔπεμπε
1304 3205 1383 3278 τοὺς
1405 3207 1597 3285 παραληψο-

362 3308 484 3390 μένους
511 3310 570 3372 τὸν
598 3308 727 3374 ὕπατον
754 3311 809 3374 καὶ
837 3308 974 3388 ἄξοντας
1002 3308 1055 3373 ε’κὶ
1083 3310 1144 3393 τὴν
1172 3309 1286 3393 ἀρχήν.
1327 3305 1421 3392 ἔτυχε
1450 3305 1487 3372 δὲ
1509 3292 1597 3391 apri·
1686 3379 1689 3383 ,

309 3487 315 3504 ³
362 3425 466 3480 καῦτα
489 3415 507 3480 ὁ
532 3418 690 3492 Κοίντιος
712 3417 862 3500 ἄρουριίν
884 3439 960 3480 τινα
982 3416 1247 3499 ὑκεργαζόμενος
1270 3418 1316 3491 εἰς
1335 3416 1474 3499 σποράν,
1497 3414 1598 3491 αὐτὸς

363 3521 563 3587 ἀκολουθῶν
585 3533 656 3598 τοῖς
680 3525 827 3606 σχίζουσι
851 3523 912 3605 τὴν
931 3524 1024 3588 νειὸν
1041 3524 1185 3603 βοιδιόις
1204 3522 1334 3606 ἀχίτων,
1357 3521 1598 3605 κεριζωμοίτιον

362 3626 446 3712 ἔχων
474 3627 529 3693 καὶ
558 3627 611 3694 ε’τιὶ
639 3639 678 3714 τῇ
706 3633 833 3714 κεφαλῇ
862 3633 970 3694 πῖλον.
1009 3631 1091 3694 ι’ὃὼν
1119 3625 1156 3693 δὲ
1181 3635 1311 3711 πλῆθος
1334 3628 1525 3712 ἀνθρώπων
1549 3629 1597 3703 είς

362 3737 398 3800 τὸ
422 3737 547 3820 χωρίον
570 3737 743 3800 εἰσιόντων
765 3739 803 3800 τό
827 3759 862 3800 τε
885 3737 1030 3821 ἄροτρον
1053 3735 1166 3820 ἐπέσχε
1187 3735 1242 3800 καὶ
1260 3737 1376 3807 πολὺν,
1387 3735 1503 3819 ἠπόρει
1522 3737 1596 3818 χρό-

253 3881 261 3896 ·
363 3867 439 3927 νον,
470 3842 591 3919 οἵτινές
618 3867 653 3908 τε
681 3835 748 3908 εἷεν
776 3840 830 3906 καὶ
858 3845 949 3918 τίνος
977 3843 1129 3926 δεόμενοι
1156 3844 1239 3926 πρὸς
1267 3843 1370 3906 αὐτὸν
1397 3842 1511 3924 ἥκοιεν
1534 3892 1541 3905 .
1562 3893 1568 3905 .
1588 3859 1640 3908 .οο“

316 3955 337 4002 θ
363 3951 553 4032 ἠσκοίσαντό
577 3973 612 4014 τε
635 3951 777 4026 ἅπαντες
800 3950 861 4014 οὐκ
885 3948 920 4015 ἐκ
943 3957 1004 4013 τοῦ
1028 3950 1189 4030 ὀνόματος
1213 3938 1296 4014 ἀλλὰ
1318 3949 1447 4014 ὕπατον
1469 3949 1596 4013 καὶ

364 4057 565 4122 ἀκολουθεῖν
583 4059 640 4133 -είς
667 4059 728 4140 τὴν
755 4059 855 4122 πόλιν
882 4039 1007 4139 ἠξίουν.
1048 4056 1230 4134 κάκεῖνος
1257 4057 1398 4139 μικρὸν
1426 4055 1598 4140 ἐπισχὼν

363 4162 427 4242 καί
460 4165 732 4248 διαδακρύσας
764 4173 957 4229 τοσοῦτον
985 4154 1106 4228 εἶπεν
1132 4160 1327 4247 ’Ἀσπορον
1359 4164 1432 4248 ἄρα
1459 4187 1525 4246 μοι
1554 4165 1597 4227 τὸ

364 4272 509 4355 χ’ωρίον
540 4267 650 4335 ἔσται
683 4279 827 4336 τοῦτον
859 4272 927 4335 τὸν
955 4271 1155 4351 ε’νιαυτόν;
1188 4268 1252 4334 καί
1280 4271 1599 4353 κινδυνεύσομεν

364 4379 433 4462 οὐχ
464 4375 568 4455 ἕξειν
595 4379 723 4442 κόθεν
751 4379 1037 4462 διατραφῶμεν.
1072 4375 1192 4460 11111111
1221 4376 1311 4460 optio
1341 4380 1389 4442 est
1416 4376 1598 4441 Ennianam

365 4485 542 4549 orationem
567 4484 692 4548 consuli
715 4486 849 4548 velimus
870 4507 911 4548 an
930 4485 1079 4550 dictatori
1097 4485 1251 4549 tribuere:
1274 4506 1350 4548 nam
1368 4507 1388 4548 a
1407 4483 1600 4548 Cincinnato

289 4577 291 4582 ⁵
365 4592 495 4657 omnino
524 4595 562 4654 ut
590 4596 776 4678 segregetur
798 4613 862 4655 non
886 4591 1031 4656 videmus
1056 4592 1134 4676 quid
1157 4591 1296 4656 suadeat.
1339 4589 1427 4667 Quae
1449 4589 1535 4652 enim
1559 4590 1601 4653 de

365 4696 491 4786 Regulo
511 4699 631 4762 similia
646 4698 803 4780 feruntur,
826 4698 928 4783 iniis,
951 4699 1014 4762 uisi
1034 4699 1112 4782 quid
1129 4720 1189 4763 nos
1208 4699 1302 4784 fugit,
1325 4697 1409 4761 nihil
1427 4699 1485 4779 est,
1510 4694 1597 4777 quod

365 4805 497 4889 propius
518 4805 557 4868 ad
571 4804 738 4870 Ennianae
758 4805 934 4870 sententiae
951 4805 1091 4870 colorem
1106 4805 1244 4870 accedat.
1282 4803 1496 4880 Quamobrem
1511 4801 1601 4863 hunc

1071 5045 1080 5102 l
