3967 5725
399 667 464 732 546
597 668 683 720 LXII.
702 668 817 718 INDEX
835 667 1049 719 LECTIONUM
1067 668 1308 718 HIBERNARUM
1328 668 1397 719 1905
1402 670 1461 732 [06.

398 828 436 893 In
459 828 633 914 postremis
654 829 707 893 bis
731 829 837 893 verbis
860 827 1042 913 Madvigius
1063 827 1212 893 Coloneus
1236 827 1287 892 ille
1310 829 1392 893 lours
1410 828 1490 891 mire
1509 828 1671 896 dictuml

399 959 468 1001 esse
491 936 659 1002 adnotavit
681 940 714 1000 et
737 939 793 999 aut
817 932 950 1000 Colonus
971 935 1025 1000 ille
1047 936 1250 1000 scribendum
1273 935 1373 999 fuisse
1397 934 1485 1018 quod
1503 934 1632 1000 Bromio

398 1044 431 1108 in
456 1047 596 1108 mentem
620 1041 761 1106 venisset
784 1045 840 1105 aut
863 1037 981 1127 (ipsius
1004 1039 1101 1104 verba
1124 1062 1188 1104 non
1209 1039 1277 1104 sine
1297 1039 1432 1106 consilio
1453 1041 1633 1129 afferimus)

399 1150 439 1214 ‘si
466 1171 583 1214 nomen
613 1147 843 1232 appellativum
871 1147 986 1212 addere
1013 1147 1169 1231 placeret,
1197 1148 1254 1211 tali
1278 1148 1434 1212 utendum
1458 1149 1572 1234 fuisse,
1598 1149 1634 1213 in

399 1279 463 1341 quo
486 1256 667 1342 proprietas
691 1254 799 1338 aliqua
816 1257 991 1332 notaretur,
1015 1256 1104 1318 velut
1124 1255 1211 1337 quod
1230 1252 1443 1320 Valckenario
1464 1253 1518 1341 (ad
1538 1254 1633 1320 Calli·

398 1365 501 1430 mach.
520 1386 550 1447 p.
570 1359 651 1448 216)
678 1361 801 1447 placuit
830 1360 980 1426 Coloneus
1007 1361 1059 1426 ille
1086 1361 1197 1426 lucus’.
1234 1361 1382 1446 Denique
1410 1361 1571 1446 acquievit
1598 1362 1634 1426 in

399 1493 437 1536 eo
460 1475 498 1535 ut
518 1470 704 1535 Ciceronem
729 1469 848 1534 diceret
870 1469 933 1532 ista
956 1467 1239 1532 circumlocutione
1263 1490 1358 1532 usum
1381 1491 1449 1533 esse
1474 1469 1559 1552 quod
1577 1467 1634 1534 Co·

399 1578 489 1643 lenus
525 1577 769 1663 ambiguitatem
804 1574 938 1640 haberet
968 1579 1102 1658 propter
1132 1575 1283 1640 Latinam
1314 1597 1426 1641 vocem
1459 1576 1631 1641 earundem

399 1685 586 1751 litterarum.
632 1683 810 1768 Redarguit
838 1683 918 1746 haec
945 1681 988 1745 M.
1012 1679 1175 1765 Hauptius
1204 1683 1239 1747 in
1266 1682 1329 1747 ind.
1350 1683 1422 1748 leot.
1441 1683 1547 1748 Berol.
1566 1683 1634 1747 hib.

359 1791 485 1864 101867
511 1791 599 1877 (opp.
619 1809 645 1854 11
664 1814 693 1874 p.
714 1790 777 1855 367
789 1788 865 1876 sq),
894 1789 950 1874 qui
972 1789 1041 1854 iure
1065 1812 1122 1854 suo
1146 1794 1243 1875 negat
1267 1791 1363 1854 istam
1386 1791 1632 1877 ambiguitatem
1658 1829 1673 1842 ··

397 1899 573 1963 timendam
597 1899 698 1963 fuisse
721 1899 754 1961 in
778 1895 983 1962 sacratione
1008 1919 1071 1980 qua
1095 1897 1133 1961 de
1157 1895 1317 1980 Sophocle
1342 1903 1502 1983 ageretur,
1528 1919 1634 1963 emen-

398 2005 495 2070 dandi
518 2008 625 2069 autem
650 2005 714 2069 ista
737 2004 906 2069 conamina
929 2003 1071 2069 affirmat
1094 2004 1176 2067 nihil
1199 2004 1366 2088 probabile
1390 2009 1536 2069 assecuta
1555 2025 1635 2090 esse,

397 2115 487 2178 velut
504 2111 712 2178 Valckenarii
734 2111 900 2176 inventum
922 2109 1072 2176 Coloneus
1089 2111 1142 2175 lllc
1160 2108 1284 2197 lucus*)
1303 2113 1435 2176 tolerari
1453 2133 1518 2177 non
1538 2133 1635 2197 posse

397 2224 531 2305 propter
554 2242 591 2284 ea
614 2239 695 2302 quae
719 2218 933 2302 insequuntur
955 2217 1054 2282 verba
1072 2219 1160 2283 euius
1178 2218 1282 2283 incola
1300 2217 1342 2296 S,
1363 2218 1505 2282 eiusdem
1525 2222 1631 2284 autem,

398 2327 604 2394 Valckenarii
629 2331 847 2391 commentum
870 2326 923 2390 llle
945 2325 1028 2391 locus
1052 2325 1171 2390 omisso
1193 2324 1342 2390 Coloneus
1364 2324 1416 2389 vel
1435 2324 1556 2390 Bromii
1576 2324 1635 2392 Co·

397 2436 487 2500 lonus
517 2434 571 2499 ille
603 2438 660 2498 aut
691 2455 790 2518 prava
822 2433 967 2497 oratione
1000 2437 1056 2497 a'ut
1088 2432 1270 2498 incredibili
1299 2453 1415 2517 genere
1443 2432 1632 2496 emendandi

397 2563 468 2606 esse
496 2542 682 2606 reiectanea.
720 2538 841 2604 Verum
869 2545 978 2605 temen
1002 2538 1165 2623 Hauptius
1190 2540 1301 2604 eodem
1326 2560 1390 2623 quo
1415 2540 1514 2605 ceteri
1537 2561 1634 2604 sensu

398 2649 538 2730 ducitur,
566 2651 603 2711 ut
630 2648 728 2711 noum
756 2668 871 2730 parum
900 2650 993 2731 aptae
1017 2668 1054 2710 ac
1078 2646 1227 2711 definitae
1251 2646 1497 2732 significationis
1520 2668 1633 2712 vocem

396 2755 522 2838 babeat,
546 2775 627 2838 quae
651 2774 689 2818 eo
713 2754 820 2817 minus
843 2754 970 2838 placere
992 2754 1099 2838 possit
1122 2774 1186 2837 quo
1210 2754 1338 2837 saepius
1357 2754 1443 2818 idem
1461 2775 1580 2818 nomen
1597 2754 1633 2818 in

357 2893 383 2932 n
396 2863 458 2929 hac
480 2862 664 2926 narratione
687 2859 839 2926 iteratum
863 2862 955 2945 quasi
978 2862 1133 2928 inculcari
1152 2861 1334 2948 legentibus
1354 2861 1509 2926 videatur.
1539 2859 1633 2938 Quod

396 2969 510 3053 reponi
543 2969 645 3034 suasit
675 2991 743 3034 non
774 2969 866 3033 valde
899 2969 1098 3034 confidenter
1127 2968 1277 3035 Coloneus
1309 2969 1362 3034 llle
1388 2970 1474 3034 cluss
1501 2968 1634 3034 concedi

397 3080 526 3159 oportet
549 3077 618 3141 sine
642 3076 818 3142 offensione
841 3076 907 3162 legi
929 3077 1082 3161 potuisse.
1121 3074 1183 3141 Sed
1207 3098 1274 3141 non
1292 3080 1358 3139 tam
1377 3075 1441 3142 hoc
1460 3074 1634 3159 quaeritur,

398 3184 476 3267 quid
499 3184 694 3249 substituere
716 3184 813 3250 liceat
836 3184 870 3247 in
893 3184 1099 3249 addubitatac
1122 3184 1210 3249 vocis
1233 3184 1340 3248 locum
1359 3205 1457 3267 quam
1476 3182 1557 3247 illud
1575 3204 1633 3267 po·

396 3292 461 3355 tius
479 3314 595 3356 verene
614 3292 698 3358 loeus
716 3292 864 3377 culpetur
883 3297 916 3355 et
933 3291 974 3355 ab
993 3291 1055 3356 hac
1075 3290 1231 3355 orationis
1249 3290 1409 3375 elegantia
1423 3289 1635 3372 abiudioetur,

397 3422 439 3462 an
461 3399 600 3463 fortasse
622 3403 749 3464 tantum
772 3399 967 3464 nostratium
991 3397 1111 3464 iudicio
1136 3397 1304 3481 displiceat
1327 3398 1360 3461 in
1384 3419 1448 3481 quo
1467 3418 1562 3462 nemo
1582 3418 1633 3461 ve—

398 3508 503 3569 terum
527 3505 720 3570 offendisset.
757 3505 807 3569 De
828 3506 1131 3571 haccontrouersia
1154 3506 1233 3570 haec
1257 3504 1342 3569 dicta
1366 3508 1471 3569 sunto.

486 3610 590 3677 Utin
615 3613 720 3696 quinti
745 3613 783 3677 de
805 3613 925 3678 finibus
949 3612 1090 3696 exordio,
1113 3613 1160 3677 ita
1183 3613 1217 3677 in
1239 3611 1407 3696 prooemio
1429 3610 1507 3675 libri
1531 3611 1568 3675 de
1589 3612 1634 3676 le-

398 3718 494 3804 gibus
520 3719 652 3784 secundi
675 3742 694 3783 a
716 3722 862 3784 locorum
885 3719 1094 3802 amoenitate,
1122 3720 1156 3782 in
1180 3718 1297 3803 quibus
1321 3719 1541 3803 colloquentes
1564 3740 1634 3782 ver-

399 3830 524 3906 santur,
552 3826 738 3911 disputandi
760 3827 957 3911 principium
981 3827 1129 3891 sumitur,
1167 3824 1354 3890 Similitudo
1382 3825 1565 3911 argumenti
1592 3825 1634 3888 si-

357 3960 383 4001 n
397 3932 491 3998 miles
519 3934 693 4017 utrobique
716 3933 890 3999 sententias
913 3934 1107 4017 procreavit,
1134 3932 1198 3997 nisi
1222 3933 1309 4016 quod
1331 3931 1399 3997 illio
1423 3932 1461 3997 de
1484 3930 1635 4017 Athenis,

398 4039 451 4105 bio
483 4039 522 4104 de
551 4038 714 4106 Ciceronis
741 4041 845 4125 patria
872 4040 999 4126 Arpino
1030 4040 1146 4127 agitur.
1187 4039 1238 4103 Ex
1258 4038 1331 4124 qua
1358 4043 1449 4125 parte
1477 4037 1636 4105 nonnulla

396 4146 491 4210 nobis
525 4146 764 4219 demonstrandi
795 4170 891 4213 causa
920 4147 1080 4213 afferenda
1111 4150 1200 4233 sunt,
1232 4151 1264 4210 et
1294 4146 1456 4211 afferimus
1486 4145 1636 4231 libenter,

398 4373 491 4431 καίτοι
514 4375 691 4447 γεγαμημένη
714 4376 953 4444 προσφάτως...
974 4374 1028 4445 ὀψὲ
1051 4374 1115 4445 μέν,
1139 4373 1213 4445 ὅμως
1236 4373 1267 4431 dl
1286 4382 1397 4444 παρῆν,
1421 4374 1446 4428 si
1465 4374 1581 4442 quidem
1599 4376 1635 4428 ex

398 4465 541 4534 superiore
563 4475 652 4520 πᾶσαι
674 4472 803 4534 παρῇμεν
827 4465 969 4537 cogitatur
991 4462 1062 4520 ὅπου
1081 4465 1129 4519 καὶ
1150 4464 1305 4535 Φιλουμένη
1323 4471 1431 4534 παρῆν,
1456 4464 1559 4519 deinde
1579 4462 1635 4532 scs

398 4553 457 4623 μέν,
477 4552 551 4623 ὅμως
569 4553 601 4609 δὲ
619 4564 724 4625 παρῆν.

488 4647 553 4710 *13)
572 4642 646 4699 Luci
665 4643 892 4698 commemoratio
906 4643 1004 4712 inepta
1018 4660 1074 4697 non
1089 4643 1159 4709 erat,
1172 4645 1206 4697 ut
1220 4642 1373 4713 Sophocles
1387 4640 1521 4697 Kolonos
1535 4641 1636 4694 dicem

398 4730 486 4786 semel
509 4732 658 4786 etiterum
677 4732 762 4794 ἄλσος
778 4735 916 4787 memorat
934 4732 987 4801 (98.
1005 4739 1064 4787 114.
1081 4735 1154 4800 126),
1178 4734 1347 4801 poteratque
1366 4734 1432 4801 apte
1451 4730 1537 4785 scribi
1556 4728 1634 4784 velut

400 4818 549 4873 ‘Coloneus
567 4820 616 4875 ille
635 4821 728 4890 lucus,
751 4822 831 4875 cuius
849 4821 1021 4875 montionem
1040 4821 1109 4875 facit
1128 4820 1301 4890 Sophocles,
1325 4821 1376 4876 sed
1393 4819 1444 4874 ille
1462 4818 1535 4874 dixit
1553 4820 1637 4874 cuiue

399 4908 490 4963 incole
508 4908 535 4963 S.
555 4908 606 4975 lta,
625 4910 702 4978 quod
720 4910 906 4964 certissimum
925 4912 976 4977 est,
996 4909 1148 4979 colligitur,
1167 4912 1227 4965 luco
1246 4910 1288 4965 ibi
1306 4910 1399 4965 locum
1417 4925 1474 4963 nou
1492 4908 1588 4962 fuisse.
