3967 5725
409 614 458 679 ‘26
604 617 713 667 XXXV.
736 616 848 667 INDEX
866 606 1081 667 LECTIONUM
1099 617 1331 668 AESTIVARUM
1351 619 1429 668 1892.
1534 628 1538 633 ’

407 778 523 843 eadem
551 778 663 843 fabula
686 778 797 857 113,2
821 784 899 843 cerlo
927 778 1031 859 edepol
1057 779 1133 857 scie,
1162 778 1297 861 aliisque
1326 776 1498 861 similibus,
1528 778 1646 861 quibus

412 887 470 969 qui
494 885 590 949 istam
614 885 792 951 orationem
817 885 998 969 contulerit,
1021 886 1187 969 percipiet,
1202 885 1391 968 opinamur,
1414 884 1578 949 novicium
1601 885 1647 949 in·

412 996 546 1057 ventum
580 1015 598 1057 a
629 993 740 1057 nativo
774 1014 811 1056 ec
838 995 965 1058 vetusto
996 1014 1142 1057 sermone
1171 992 1249 1075 quid
1270 978 1414 1056 differat·
1465 990 1527 1056 Sed
1561 992 1647 1076 quod

412 1100 551 1164 maxime
579 1100 628 1165 illi
657 1099 837 1184 opinationi
864 1099 1065 1184 adversatur,
1092 1099 1149 1163 isti
1171 1098 1310 1163 Veteris¹
1328 1098 1447 1163 codicis
1472 1100 1649 1183 scripturae

412 1228 478 1271 non
501 1210 609 1291 potest
632 1210 758 1270 tautum
782 1206 891 1289 tribui,
914 1210 951 1270 ut
974 1206 1038 1271 boc
1060 1227 1130 1271 esse
1153 1206 1396 1270 fundamentum
1421 1205 1561 1291 cedatur,
1583 1228 1647 1290 quo

413 1313 603 1378 emendandi
618 1335 747 1397 operam
762 1314 823 1377 niti
838 1316 1002 1398 oporteat3
1021 1313 1055 1377 in
1074 1311 1288 1396 discrepantia
1302 1312 1386 1377 enim
1402 1312 1503 1376 trium
1516 1314 1647 1378 illorum

414 1420 559 1484 codicum
592 1443 631 1485 ex
664 1420 827 1485 communi
860 1419 950 1484 fonte
984 1419 1201 1485 derivatorum
1232 1423 1359 1483 tantum
1392 1419 1482 1484 abest
1519 1419 1574 1484 ille
1611 1425 1647 1484 ut

412 1525 531 1591 habere
555 1527 657 1591 soleat
681 1526 768 1610 quod
790 1528 925 1611 propius
950 1527 993 1590 sit
1017 1550 1035 1590 u
1058 1548 1134 1591 vero
1158 1530 1196 1590 ut
1217 1526 1436 1610 nimis-*quam
1461 1549 1555 1611 saepe
1575 1549 1648 1592 con·

413 1634 548 1698 trerium
573 1637 732 1717 occurrat3
755 1633 844 1697 velut
867 1633 929 1697 boc
952 1638 989 1698 ut
1012 1635 1158 1717 exemplo
1183 1638 1313 1697 utamur
1335 1634 1369 1697 in
1392 1656 1427 1697 re
1450 1656 1532 1717 quae
1549 1633 1648 1719 pluri-

367 1762 399 1805 ἰο
413 1741 474 1805 mis
497 1740 667 1823 probatur,
691 1740 818 1823 116,98
843 1762 861 1803 a
885 1762 960 1805 vera
984 1741 1156 1825 scriptura,
1180 1761 1261 1822 quae
1285 1741 1352 1803 suis
1376 1740 1571 1806 testimoniis
1597 1742 1649 1806 fir·

415 1851 503 1912 mata
527 1851 661 1931 constat,
688 1848 778 1912 bodie
805 1868 904 1912 escum
922 1853 1031 1929 petum
1054 1848 1100 1911 ita
1123 1846 1171 1910 illi
1194 1846 1270 1911 libri
1294 1846 1471 1929 discedunt,
1498 1852 1535 1911 ut
1556 1848 1648 1912 bodie

414 1960 554 2037 capulum
573 1953 768 2019 Decurtatus
788 1975 860 2018 cum
879 1953 1049 2037 Vaticano,
1067 1953 1292 2039 progrediente
1311 1974 1418 2017 errore
1436 1951 1539 2017 Vetus
1557 1954 1648 2018 bodie

414 2064 540 2143 cupiam
563 2060 727 2145 exhibeat3
752 2062 791 2126 cf.
811 2079 847 2125 1v
862 2061 892 2144 2,
906 2061 964 2147 423
983 2079 1020 2125 1v
1034 2061 1065 2146 2,
1079 2060 1131 2125 90.
1177 2059 1290 2143 ltaque
1310 2061 1395 2142 faedo
1423 2060 1510 2143 quod
1537 2062 1586 2123 est
1613 2061 1648 2123 in

413 2169 486 2233 istis
506 2168 631 2232 duobus
650 2167 847 2252 primitivam
867 2189 936 2232 esse
955 2168 1148 2252 scripturam
1168 2167 1361 2249 obtinemus,
1379 2169 1439 2249 scio
1454 2170 1560 2231 autem
1574 2187 1647 2231 cum

415 2272 542 2339 Veteris
571 2274 676 2340 scriba
699 2280 856 2360 exararet,
883 2276 947 2340 levi
971 2297 1090 2359 errore,
1119 2274 1227 2339 eadem
1250 2295 1329 2339 voce
1352 2274 1499 2358 proxime
1521 2294 1647 2358 praece-

413 2382 517 2466 dente,
541 2382 708 2446 inductum
731 2403 885 2446 exarasse.
931 2383 1032 2447 Facio
1055 2381 1208 2465 quoniam
1227 2382 1334 2464 ipsum
1353 2379 1448 2444 nihili
1468 2384 1525 2465 est,
1549 2403 1589 2444 ex
1608 2402 1646 2445 eo

388 2488 551 2567 ¹Bothius
575 2492 748 2573 praeeunte
773 2488 909 2553 Grutero
931 2489 1027 2569 facilc
1047 2489 1163 2571 effecit,
1188 2488 1221 2551 id
1245 2487 1426 2570 quodcum
1449 2486 1646 2552 Ritschelius

413 2597 504 2675 olim,
533 2600 603 2659 tum
633 2596 689 2679 qui
717 2617 819 2679 nuper
841 2594 1013 2660 Ritschelii
1042 2616 1124 2679 opus
1153 2616 1211 2658 sua
1234 2616 1309 2658 cura
1332 2597 1522 2659 renovatum
1545 2594 1647 2659 edidit

414 2702 449 2767 (l.
475 2702 626 2767 Goetzius
649 2706 847 2787 receperrmt,
869 2723 973 2785 neque
996 2701 1090 2766 aliter
1113 2705 1169 2765 aut
1191 2700 1366 2786 Ussingius
1390 2704 1446 2766 aut
1468 2701 1643 2767 Lorenzius

367 2804 400 2872 so
413 2813 445 2874 et
459 2809 591 2876 Brixius
604 2809 794 2875 iudicarunt.
831 2806 946 2894 Neque
959 2806 1206 2893 vituperabilem
1222 2810 1353 2874 omnino
1368 2808 1452 2874 hanc
1467 2808 1645 2875 orationem

413 2920 445 2980 et
467 2917 668 3001 Hesperiano
692 2917 823 2981 invento
848 2920 932 2981 certe
955 2916 1233 3002 praestabiliorem
1256 2915 1417 3000 ducimus,
1445 2915 1517 2982 Scio
1540 2916 1646 3000 edepol

409 3025 520 3106 focile:
552 3045 629 3088 acm
661 3025 752 3090 odore
783 3045 896 3088 nusum
924 3025 1038 3088 sentiat
1063 3025 1093 3088 sl
1120 3025 1206 3088 lutus
1231 3025 1286 3103 sit,
1319 3046 1515 3108 quamquam
1546 3022 1644 3088 iidem

410 3132 550 3196 fatemur
572 3153 612 3195 ne
636 3132 681 3196 sic
705 3131 834 3215 quidem
858 3131 948 3195 omni
971 3153 1011 3195 ex
1033 3134 1125 3215 parte
1145 3130 1337 3195 desiderium
1355 3130 1493 3217 legentis
1513 3130 1645 3215 expleri.

411 3237 512 3323 quue
531 3238 658 3303 videtur
671 3237 869 3302 Ribbeckius
889 3239 1036 3321 sensisse,
1056 3238 1122 3322 qui,
1142 3259 1207 3321 quo
1227 3237 1377 3302 fidentius
1397 3236 1453 3302 illa
1472 3237 1660 3303 affirmaret·

412 3344 499 3428 quod
522 3343 610 3426 dicit,
632 3365 699 3408 non
718 3344 814 3426 futile
836 3344 892 3408 sed
914 3346 976 3408 selo
999 3344 1103 3426 edepol
1125 3350 1203 3410 cerlo
1227 3344 1429 3409 scribendum
1453 3345 1590 3430 putavit,
1613 3348 1646 3409 et

410 3450 474 3517 hoo
498 3473 556 3516 nos
581 3451 687 3530 alteri,
715 3452 743 3514 si
772 3452 860 3534 optio
890 3456 973 3516 esset
1001 3450 1155 3536 eligendi,
1182 3451 1424 3534 praeferremus.
1471 3450 1535 3516 Sed
1560 3453 1645 3533 facio

410 3580 477 3623 non
501 3559 604 3644 magis
628 3560 815 3640 corruptum
839 3579 908 3622 esse
932 3579 971 3622 ex
995 3564 1086 3637 certe,
1116 3580 1211 3642 quam
1234 3558 1296 3622 hoc
1318 3558 1500 3643 recuperari
1523 3581 1563 3622 ex
1587 3557 1643 3623 illo

412 3668 527 3748 potest.
572 3663 688 3747 ltaque
709 3663 922 3747 Ribbeckius,
955 3687 1020 3748 quo
1052 3687 1127 3729 suae
1154 3665 1415 3749 probabilitatem
1444 3665 1645 3730 coniecturae

412 3775 619 3854 sustentaret,
648 3770 744 3836 aliam
773 3771 930 3836 rationem
958 3772 1046 3858 iniit3
1074 3772 1150 3855 quia
1178 3773 1263 3836 enim
1291 3772 1323 3836 in
1354 3771 1461 3836 codiee
1484 3772 1646 3857 Lipsiensi

367 3901 398 3942 so
413 3882 446 3942 et
478 3879 513 3943 in
545 3878 684 3943 editione
717 3877 862 3963 principe
895 3900 960 3943 non
991 3879 1076 3960 furio
1109 3882 1214 3943 exstat
1242 3878 1298 3943 sed
1325 3878 1451 3963 olfacio,
1483 3878 1545 3943 boc
1576 3900 1646 3943 esse

413 3983 573 4069 glossema
597 3986 712 4049 statuit
736 3984 776 4049 ed
798 3982 881 4048 hanc
899 3985 1090 4050 sententiam
1114 4007 1133 4047 a
1155 3985 1263 4050 nescio
1288 4006 1352 4069 quo
1377 3986 1583 4070 adscriptum,
1606 4000 1646 4050 ex

411 4091 588 4174 eodemque
607 4091 802 4178 glossemate
821 4092 854 4156 in
868 4091 962 4157 libris
976 4091 1144 4174 Palatinis,
1163 4093 1290 4157 extritis
1309 4091 1431 4158 seilicet
1449 4096 1524 4177 post
1541 4092 1647 4175 edepol

410 4197 539 4262 duabus
561 4197 688 4282 litteris,
709 4200 794 4280 facio
817 4220 997 4284 superesse3
1025 4199 1177 4283 quocirca
1200 4219 1239 4264 ex
1262 4222 1300 4264 ea
1322 4199 1413 4264 verbi
1436 4199 1539 4263 forma
1563 4198 1646 4262 nihil

411 4304 604 4368 eliciendum
633 4326 701 4370 esse
730 4306 786 4370 sed
812 4305 913 4371 libera
946 4305 1169 4371 emendatione
1201 4307 1420 4392 reponendum
1459 4305 1547 4389 quod
1574 4328 1646 4370 sen-

409 4412 514 4476 tentia
537 4415 568 4476 et
592 4412 696 4479 oratio
724 4417 835 4497 poscat
863 4416 919 4476 aut
946 4412 1037 4476 ferat.
1083 4411 1171 4489 Quae
1199 4413 1345 4495 quamvis
1374 4417 1468 4478 acute
1496 4414 1645 4497 exposita

411 4517 487 4601 sint,
511 4522 619 4584 tamen
642 4519 825 4584 Ribbeckio
849 4519 887 4582 de
910 4519 1104 4604 glossemate
1122 4542 1188 4585 non
1207 4521 1401 4584 assentimur
1419 4520 1461 4584 ob
1482 4541 1552 4584 eam
1572 4532 1684 4587 cau-8

410 4647 497 4709 sam,
530 4627 606 4710 quia
639 4648 733 4713 aegre
765 4625 953 4691 adducimur
980 4625 1022 4690 ad
1049 4627 1260 4711 glossatorem
1289 4631 1326 4690 ut
1352 4626 1535 4691 reiiciamus
1561 4647 1645 4710 quae

410 4735 542 4817 poetam
565 4732 672 4818 ipsum
695 4733 858 4798 decebant.
904 4731 990 4797 Nem
1014 4732 1213 4798 Ribbeckius
1237 4755 1308 4798 cum
1333 4734 1427 4798 istam
1450 4733 1645 4818 scripturam

408 4861 495 4922 quae
518 4839 652 4905 editioni
676 4838 816 4924 principi
840 4860 912 4903 cum
938 4839 1046 4904 codiee
1063 4838 1224 4923 Lipsiensi
1243 4840 1422 4904 communis
1445 4844 1503 4925 est,
1527 4843 1563 4904 ut
1585 4862 1647 4925 par
