3967 5725
569 593 628 660 bn
646 593 776 644 ramas
794 593 899 644 LOCIS
917 593 1099 644 nunccine
1117 593 1347 647 uuammnau.
1528 591 1595 658 259

360 754 484 834 ἤλπισα
507 752 711 817 scribendum
733 755 917 838 proposuit,
944 751 1110 818 Nauckius
1135 749 1154 836 ἦ
1178 756 1264 821 πολύ
1287 779 1326 839 με
1351 754 1447 839 δόξης
1471 755 1597 835 ἐξέπαι-

361 877 424 925 σαν
447 861 489 924 at
509 865 639 943 τυχαί,
661 866 811 944 uterque,
833 864 870 924 ut
892 880 959 924 non
982 858 1126 944 ἐλπίδες,
1150 862 1206 926 sed
1230 883 1281 926 res
1305 884 1387 947 qnae
1409 867 1599 950 gererentur

359 966 524 1052 Megaram
548 989 565 1032 e
589 989 646 1050 spe
669 971 701 1031 et
724 969 963 1050 exspectatione
982 989 1041 1030 sua
1060 970 1237 1034 excussisse
1257 968 1446 1034 dicerentur.
1483 969 1599 1035 Kirch-

359 1072 479 1138 hoffius
502 1096 631 1158 quoque
650 1074 728 1166 olim
746 1075 857 1141 eodem
877 1073 1024 1157 consilio,
1046 1096 1086 1138 ne
1105 1072 1237 1150 ἐλπίδες
1256 1097 1345 1160 spem
1365 1075 1493 1162 fugasse
1511 1077 1597 1142 ride-

359 1186 480 1265 rentur,
501 1192 624 1265 μοῖραν
647 1183 802 1266 appellari
825 1181 951 1266 maluit,
980 1203 1077 1266 quam
1101 1203 1200 1267 supra
1222 1180 1265 1268 (v.
1284 1181 1366 1270 456)
1389 1182 1521 1269 Megara
1543 1183 1598 1248 ad-

359 1288 468 1353 locuta
491 1292 559 1352 erat
583 1285 609 1353 ὦ
631 1299 732 1373 μοῖρα
756 1285 947 1354 δυστάλαιν’
974 1286 1036 1372 ἐμή
1057 1312 1092 1354 τε
1114 1288 1170 1353 καὶ
1193 1289 1330 1372 τέκνων,
1352 1312 1439 1356 nunc
1462 1294 1499 1354 ut
1517 1291 1599 1355 haec

358 1390 525 1478 diceret-ii
553 1396 640 1460 πολύ
665 1418 704 1479 με
727 1404 785 1478 τῆς
808 1393 873 1459 τότ’
902 1393 1074 1473 ἐξέπαισας
1097 1393 1239 1471 ἐλπίδος.
1275 1393 1352 1460 Non
1375 1419 1538 1462 moramur
1560 1399 1598 1462 in

357 1501 410 1566 his
433 1500 651 1587 expendendis
675 1502 905 1586 conaminibus,
932 1523 1069 1585 quorum
1092 1501 1226 1567 libertas
1248 1502 1333 1568 nihil
1351 1507 1408 1568 aut
1426 1526 1492 1568 non
1514 1506 1597 1569 mul-

358 1613 427 1674 tmn
451 1609 691 1693 probabilitatis
713 1609 825 1674 habet:
848 1609 882 1673 id
904 1631 1006 1674 unum
1029 1630 1245 1673 memoramus
1267 1631 1334 1674 non
1358 1611 1426 1674 sine
1449 1611 1596 1695 consilio,

360 1716 435 1800 quia
468 1715 566 1780 semel
598 1721 631 1799 et
658 1717 775 1782 iterum
803 1716 837 1781 in
865 1716 904 1781 iis
933 1715 1123 1782 emendandi
1152 1737 1248 1780 causa
1276 1715 1410 1793 ἐλπίδος
1437 1717 1594 1803 singulari
1609 1742 1635 1782 ιο

358 1846 417 1907 pro
442 1822 571 1900 ἐλπίδες
594 1825 772 1908 repositum
795 1828 853 1907 est,
876 1823 958 1887 nihil
981 1822 1173 1887 familiarius
1191 1821 1291 1887 fuisse
1310 1827 1367 1887 ant
1384 1825 1461 1888 huic
1479 1827 1594 1908 poetae
1696 1831 1708 1848 ⁰

359 1935 415 1995 aut
438 1931 509 1996 aliis
534 1953 630 2015 quam
654 1931 789 2007 ἐλπίδας
811 1930 980 2014 pluraliter
1004 1929 1058 1995 sed
1081 1929 1172 1995 nullo
1193 1931 1319 1994 numeri
1339 1931 1522 1996 discrimine
1541 1954 1595 2016 ap·

359 2039 486 2123 pellere.
524 2036 617 2114 Quod
642 2059 717 2103 vero
741 2037 873 2114 ἐλπίδες
895 2036 1047 2102 dicuntur
1069 2036 1235 2124 Megaram
1259 2058 1298 2101 ex
1322 2037 1474 2122 opinione
1498 2061 1594 2122 quem

360 2150 548 2230 conceperat
570 2145 732 2230 deiecisse,
755 2145 789 2210 id
805 2144 967 2209 Hirzelius
991 2145 1120 2228 quidem
1144 2145 1345 2228 superiorum
1365 2144 1512 2228 exemplo
1531 2144 1595 2210 for·

359 2253 437 2316 titer
468 2253 549 2316 ‘non
584 2252 688 2316 solum
720 2251 789 2316 sine
815 2251 940 2316 ratione
969 2251 1025 2315 sed
1053 2251 1150 2316 etiarn
1179 2255 1291 2316 contra
1318 2251 1491 2316 rationem’
1526 2273 1596 2317 esse

359 2359 541 2442 affirmavit,
564 2382 676 2424 verum
694 2358 868 2444 Hauptius,
890 2360 1036 2442 poeticae
1058 2359 1212 2422 orationis
1234 2359 1437 2424 existimator
1456 2359 1596 2438 subtilis,

359 2465 465 2549 poetis
484 2465 546 2531 hoc
565 2487 752 2532 concessum
770 2469 803 2529 et
821 2466 1061 2532 concedendum
1075 2486 1147 2530 esse
1160 2465 1281 2548 scribit,
1299 2468 1336 2529 ut
1351 2466 1438 2549 quod
1451 2465 1595 2550 speranti

359 2574 512 2638 acciderit
537 2595 626 2658 spem
655 2574 798 2638 effecisse
825 2573 942 2638 dicant.
983 2571 1130 2657 Eamque
1158 2573 1365 2656 sententiam,
1393 2595 1475 2656 quae
1499 2572 1594 2639 nobis

358 2702 433 2745 vera
461 2681 488 2744 si
517 2680 594 2764 quid
621 2679 710 2745 aliud
737 2680 806 2745 visa
829 2683 891 2763 est,
918 2701 991 2744 cnm
1015 2681 1083 2764 ipse
1106 2701 1172 2743 non
1195 2680 1324 2766 longius
1348 2682 1537 2763 persecutus
1559 2680 1594 2743 in

358 2810 422 2852 uno
451 2788 640 2872 explicando
664 2786 786 2850 Tibulli
812 2787 886 2851 loco
915 2808 948 2850 se
976 2787 1187 2872 continuerit,
1214 2786 1283 2851 eius
1306 2787 1367 2850 viri
1391 2787 1528 2873 vestigia
1550 2786 1593 2850 le·
1608 2811 1634 2852 co

358 2901 469 2981 gentes
488 2895 584 2980 paulo
604 2894 752 2980 pluribus
771 2894 926 2979 exemplis
946 2894 1107 2960 declarare
1126 2899 1158 2961 et
1177 2894 1365 2959 confirmare
1379 2893 1407 2958 si
1421 2916 1593 2977 possumus

358 3002 552 3067 conabimur.
589 3003 637 3067 Ac
659 3002 802 3086 primum
824 3001 912 3086 qnod
934 3000 1170 3086 Aristophanes
1194 3003 1229 3067 in
1252 3001 1594 3084 Thesmophoriazusis

358 3106 453 3197 (870)
478 3109 591 3174 scribit

518 3216 586 3281 ἀλλ’
616 3218 726 3302 ὥσπερ
750 3218 898 3282 αίκάλλει
921 3240 953 3280 τι
975 3217 1118 3300 καρδίαν
1142 3214 1232 3300 ἐμήν.

517 3325 562 3407 μὴ
587 3334 716 3402 ψεῦσον
739 3320 764 3388 ὦ
791 3329 857 3389 Ζεῦ
880 3334 938 3407 τῆς
961 3322 1118 3405 ἐπιούσης
1142 3321 1276 3398 ἐλπίδος

358 3434 414 3495 aut
437 3432 521 3515 quod
547 3430 724 3516 Sophocles
747 3432 781 3495 in
804 3431 903 3495 Aiace
926 3426 1044 3516 (1382)

678 3539 735 3603 καί
755 3536 790 3620 μ’
815 3535 957 3615 ἔψευσας
980 3534 1114 3612 ἐλπίδος
1137 3538 1238 3619 πολύ,

356 3644 419 3711 hoc
447 3649 496 3709 est
523 3645 620 3710 alicui
643 3668 733 3730 spem
757 3645 981 3709 adventantem
1005 3643 1187 3727 praeripere
1213 3645 1265 3707 vel
1287 3643 1399 3707 fallere
1422 3644 1456 3707 in
1480 3663 1516 3706 sa
1539 3664 1592 3705 ex-

356 3753 554 3835 spectatione
578 3775 673 3837 quam
699 3755 771 3836 quis
794 3751 952 3835 habuerit,
976 3750 1009 3813 id
1032 3749 1177 3815 videmus
1201 3750 1235 3814 in
1256 3749 1389 3815 Hecuba
1412 3748 1480 3833 spei
1502 3747 1591 3813 attri-

356 3859 412 3923 bui
435 3860 498 3944 ipsi
522 3858 639 3947 (1032)
1605 3878 1631 3919 eo

517 3967 632 4044 ψεύσει
656 3964 686 4030 σ’
713 3966 796 4031 δδοῦ
820 3963 911 4049 τῆσδ’
940 3962 1033 4040 ἐλπὶς
1057 3964 1077 4046 ἥ
1101 3962 1131 4028 σ’
1159 3962 1301 4047 ἐπήγαγε

517 4076 708 4158 θανάσιμον
730 4074 813 4158 πρὸς
833 4071 960 4154 Ἀίδαν,
984 4068 1009 4136 ὦ
1033 4073 1141 4147 τάλας.

356 4179 401 4245 El
431 4181 493 4245 hoc
526 4181 612 4264 quod
645 4202 717 4265 spes
748 4202 809 4243 nos
842 4179 987 4264 decipere
1020 4178 1151 4262 dicitur,
1185 4198 1267 4261 quae
1299 4176 1442 4261 vulgaris
1470 4178 1519 4238 est
1544 4174 1591 4237 lo-

356 4288 474 4372 quendi
497 4287 594 4371 ratic,
618 4287 645 4353 si
668 4287 826 4351 curiosius
849 4285 1018 4370 rimamur,
1040 4285 1102 4349 hoc
1130 4283 1338 4369 intelligitur,
1362 4304 1451 4365 spem
1475 4302 1591 4345 vanam

354 4394 459 4459 facere
490 4395 675 4479 opinionem
708 4416 803 4477 quarn
831 4393 903 4477 ipsa
931 4390 1060 4456 dederit.
1103 4389 1191 4466 Quae
1219 4390 1245 4454 si
1274 4390 1383 4473 inepta
1412 4409 1479 4452 non
1507 4390 1591 4470 sunt,

356 4501 433 4584 quid
457 4502 634 4566 diffidimus
658 4500 882 4585 obstupefacti,
909 4499 936 4563 si
960 4520 1032 4582 spes
1056 4498 1173 4562 dicitur
1197 4495 1469 4580 exspectationem
1493 4516 1591 4579 quam

322 4609 427 4693 lipsa
461 4608 600 4674 moverit
631 4608 764 4673 auferre.
811 4604 874 4671 Sed
905 4610 1020 4689 poetae
1052 4626 1146 4687 saepe
1178 4605 1280 4668 multo
1313 4601 1464 4667 liberiore
1493 4600 1590 4666 modo

356 4713 455 4780 locuti
484 4720 572 4799 sunt,
601 4717 690 4780 velut
717 4736 799 4799 qnae
821 4712 992 4797 Polynices
1020 4713 1055 4775 in
1076 4710 1264 4775 Phoenissis
1288 4706 1383 4797 (634)
1411 4709 1446 4774 in
1472 4708 1591 4773 valedi-

355 4822 454 4886 cendo
478 4824 524 4887 ait

1324 4920 1375 4973 17*
