3967 5725
731 655 781 704 ns
800 653 953 732 nvomrn
971 651 1133 703 clauum
1151 651 1190 700 1v
1204 653 1229 703 4.
1525 644 1589 708 521

360 838 452 882 curras
478 836 606 899 sapaces
632 816 829 898 expetivisse.
866 812 959 890 Quod
986 818 1025 876 ut
1052 815 1137 877 recte
1166 812 1364 891 aestimetur,
1392 830 1520 874 necesse
1543 813 1594 874 est

360 928 542 1008 temporum
564 922 753 986 memoriam
777 921 935 986 adeamus.
967 917 1054 983 Nam
1077 919 1140 982 boc
1161 917 1429 983 reminiscendum
1454 919 1503 981 est
1527 938 1592 1000 quo

360 1050 467 1093 rerum
483 1032 570 1093 statu
585 1030 671 1094 clara
688 1028 745 1093 illa
764 1028 804 1092 ad
818 1028 1002 1092 Metaurum
1020 1026 1139 1090 flumen
1154 1025 1299 1106 victoria,
1318 1047 1337 1088 a
1356 1045 1420 1107 qua
1438 1023 1594 1088 Horatius

361 1135 496 1200 alteram
519 1137 670 1201 carminis
693 1141 818 1220 partem
836 1135 976 1219 repetiit,
999 1131 1041 1196 M.
1056 1131 1149 1198 Livio
1170 1129 1500 1196 colendorum
1519 1150 1593 1194 con·

240 1265 250 1271 ·
283 1227 297 1249 ⁸
362 1242 485 1307 sulibus
513 1265 540 1306 a.
564 1266 594 1306 u.
619 1265 644 1308 c.
668 1243 732 1308 547
761 1247 856 1327 parta
883 1243 934 1306 siu
976 1239 1118 1317 Quarum
1147 1260 1255 1304 rerum
1281 1242 1407 1324 partem
1434 1238 1594 1323 potiorem

325 1321 329 1351 Ι
362 1348 515 1414 Claudius
538 1349 626 1414 Nero
650 1350 713 1414 sibi
736 1350 921 1431 vindicavit,
945 1348 1001 1432 qui
1025 1369 1098 1412 cum
1122 1347 1156 1409 in
1178 1346 1320 1412 Lucania
1344 1350 1449 1411 castra
1473 1343 1595 1408 Hanni-

361 1456 445 1520 balis
467 1456 580 1521 castris
605 1457 755 1541 opposita
777 1456 910 1521 haberet
933 1457 1039 1519 castra
1067 1475 1124 1518 sua
1153 1475 1226 1518 cum
1250 1455 1373 1537 optima
1394 1456 1486 1537 parte
1509 1453 1595 1535 copi·

354 1585 453 1639 ,arum
476 1563 631 1628 insciente
654 1563 836 1628 Hannibale
858 1562 991 1646 reliquit
1013 1583 1051 1626 eo
1076 1560 1210 1625 consilio
1233 1564 1271 1624 ut
1290 1558 1488 1624 Hasdrubali
1505 1557 1595 1642 Alpi-

363 1669 423 1733 bus
446 1670 590 1735 traiectis
618 1692 677 1755 per
700 1669 838 1734 Galliam
861 1670 1060 1752 provinciam
1084 1667 1233 1754 pergenti
1261 1670 1389 1732 etcum
1412 1665 1594 1730 Hannibale

362 1780 460 1842 fratre
484 1799 517 1841 se
541 1779 736 1863 coniungere
755 1777 900 1842 tendenti
919 1775 1053 1870 obviam,
1069 1777 1131 1840 iret
1149 1780 1181 1840 et
1205 1775 1270 1838 suis
1295 1774 1398 1858 copiis
1417 1794 1490 1838 cum
1509 1795 1594 1838 exer·
1610 1798 1637 1839 ro

364 1885 431 1948 citu
458 1883 591 1948 alterius
618 1884 761 1949 consulis
789 1884 879 1948 illam
907 1883 1108 1968 provinciam
1136 1881 1257 1947 tuentis
1287 1881 1368 1946 clam
1393 1880 1596 1945 Hasdrubale

364 1992 543 2054 coniunctis
557 1991 678 2076 duplici
697 1992 820 2074 impetu
833 1990 1015 2055 Poenorum
1031 1990 1144 2053 ducem
1159 1990 1302 2053 omnium
1322 2011 1428 2053 rerum
1447 1990 1596 2074 ignarum

365 2097 601 2183 aggrederetur,
624 2101 657 2161 et
682 2098 737 2181 qui
761 2098 919 2161 ambobus
937 2096 1093 2161 fratribus
1117 2096 1389 2180 periculosissima
1410 2095 1521 2160 fraude
1546 2095 1595 2159 de·

365 2204 467 2287 ceptis
495 2203 631 2268 alterum
661 2204 778 2268 devicit
805 2202 896 2286 prius
924 2225 1022 2286 quam
1048 2202 1130 2266 alter
1157 2224 1192 2266 se
1215 2202 1339 2268 elusum
1363 2224 1432 2268 esse
1456 2202 1596 2266 animad-

365 2313 511 2373 verteret.
545 2309 634 2374 Haec
657 2311 713 2393 qui
736 2311 948 2394 perpetravit,
971 2310 999 2373 is
1023 2312 1061 2374 ut
1083 2309 1254 2393 opinamur
1275 2310 1303 2374 si
1328 2309 1399 2393 quis
1424 2309 1505 2375 alius
1528 2332 1597 2373 um·

366 2437 462 2498 quam
485 2436 578 2482 uuas
599 2437 725 2498 sapaces
747 2416 895 2482 exhibuit
918 2416 1066 2499 idemque
1087 2437 1144 2498 per
1162 2422 1255 2481 acuta
1273 2416 1352 2496 belli,
1375 2417 1406 2480 h.
1421 2439 1446 2481 e.
1471 2417 1597 2483 duobus

365 2524 558 2589 exercitibus
577 2523 733 2588 Romanis
747 2524 782 2587 in
801 2546 961 2588 summum
975 2523 1147 2589 discrimen
1161 2525 1306 2591 adductis
1325 2547 1365 2589 ne
1380 2547 1399 2588 a
1417 2525 1597 2592 coniunctis

365 2630 520 2695 fratribus
537 2630 652 2696 Poenis
668 2631 791 2715 ingenti
810 2629 899 2696 clade
916 2634 1205 2715 prosternerentur,
1224 2653 1257 2696 se
1272 2654 1410 2717 suasque
1424 2634 1533 2716 copias
1548 2653 1598 2698 cu·

359 2739 493 2821 pedivit,
508 2760 587 2822 quas
607 2739 818 2804 clarissimam
832 2739 1002 2804 victoriam
1022 2739 1153 2823 adeptas
1172 2739 1315 2826 integras
1333 2739 1463 2804 reduxit
1476 2739 1598 2804 Hanni-

366 2845 496 2930 balique
518 2847 673 2912 frustrato
696 2870 806 2911 rursus
831 2847 991 2931 opposuit.
1025 2846 1073 2912 De
1097 2846 1149 2911 his
1172 2847 1268 2912 rebus
1288 2847 1364 2932 quid
1388 2846 1528 2913 Romani
1550 2849 1597 2913 iu·
1612 2870 1638 2911 aa

367 2952 544 3019 dicaverint
561 2954 706 3039 locuples
726 2954 820 3019 testis
839 2959 888 3019 est
902 2954 986 3018 Livii
1006 2955 1158 3037 narratio,
1177 2976 1216 3017 ex
1236 2977 1301 3038 qua
1319 2955 1423 3019 facere
1441 2977 1508 3020 non
1526 2978 1599 3040 pos·

367 3081 486 3143 sumus,
510 3083 574 3144 quo
597 3063 702 3147 magis
722 3082 833 3125 sensus
856 3061 1006 3125 carminis
1025 3060 1195 3125 Horatiani
1214 3061 1356 3145 patefiat,
1380 3061 1458 3144 quin
1482 3063 1600 3127 selecta

367 3167 523 3249 quaedam
550 3167 729 3231 afferamus.
784 3165 846 3243 Qui
875 3167 1097 3231 condicionem
1125 3188 1230 3231 rerum
1260 3189 1297 3232 eo
1326 3188 1410 3231 anno
1439 3169 1473 3231 in
1502 3190 1598 3251 quem

368 3271 401 3336 G.
418 3270 570 3336 Claudius
588 3272 676 3337 Nero
691 3277 724 3337 et
737 3271 780 3336 M.
795 3272 906 3336 Livius
920 3274 1069 3337 consules
1087 3274 1186 3337 creati
1205 3278 1296 3338 erant
1315 3274 1349 3337 in
1367 3273 1454 3338 hunc
1467 3274 1598 3339 modum

367 3378 520 3442 describit
541 3377 597 3442 lib.
616 3396 716 3442 xxvu
739 3379 791 3461 38,
811 3379 831 3442 6
855 3398 924 3443 cum
952 3399 1056 3444 maes
1083 3386 1249 3459 censurat,
1267 3382 1375 3461 primo
1393 3401 1509 3462 quoque
1526 3388 1599 3446 tem-

361 3505 440 3565 pore
462 3485 636 3549 missalibus
654 3486 791 3550 mudum
813 3485 858 3549 ad
875 3485 986 3550 bellum
1006 3483 1096 3572 (uam
1115 3492 1144 3551 et
1161 3487 1361 3552 Hasdrubali
1379 3490 1599 3553 occurrendum

368 3610 431 3656 esse
458 3592 650 3657 descenderat
677 3591 717 3656 ab
743 3592 880 3672 Alpibus
905 3613 945 3656 ue
974 3592 1086 3658 Gallos
1119 3593 1299 3675 Orbabpiuas
1329 3616 1403 3659 uere
1430 3596 1599 3661 Etruriam

368 3705 497 3763 erectam
515 3701 552 3763 tu
569 3720 654 3781 spem
671 3720 776 3764 rerum
795 3720 947 3764 cavarum
965 3700 1153 3780 sollicitaret,
1176 3707 1205 3766 et
1223 3701 1439 3767 Hauuibalem
1456 3723 1511 3767 suo
1524 3724 1600 3784 pro-

362 3808 438 3887 prio
464 3808 678 3888 occupandum
705 3807 793 3886 bello,
821 3827 860 3871 ue
886 3828 1037 3889 emeruere
1063 3828 1100 3873 erc
1123 3809 1261 3874 Bruttiis
1287 3815 1378 3891 atque
1404 3810 1526 3874 obuiam
1553 3812 1601 3875 ire

366 3916 465 3995 fratri
485 3912 603 4001 posset)
631 3915 745 3979 Maius
771 3914 972 3979 cunctabatur
995 3935 1056 3992 —;
1085 3914 1162 3979 ibid.
1181 3915 1234 4001 40,
1260 3917 1277 3979 1
1307 3917 1445 3982 consules
1468 3917 1600 3983 diruas
1613 3940 1640 3980 aa

370 4022 533 4087 itineribus
553 4022 686 4104 profecti
713 4021 752 4086 ab
779 4021 853 4085 urbe
879 4022 960 4086 uelut
987 4024 1023 4085 iu
1051 4022 1111 4086 dua
1128 4024 1254 4104 pariter
1281 4023 1360 4088 bella
1388 4024 1602 4090 tremuerant

369 4148 462 4193 curas
487 4128 649 4193 homiuum
675 4165 720 4174 —
742 4165 787 4174 —
811 4129 831 4191 6
854 4148 938 4193 uuuc
965 4129 1026 4193 duo
1054 4129 1134 4193 bella
1161 4132 1197 4194 iu
1225 4131 1358 4195 Italiam
1386 4136 1516 4213 accepta,
1540 4131 1601 4196 duo

370 4235 556 4299 celeberrimi
578 4236 716 4300 nomimis
739 4235 829 4299 duces
851 4237 1050 4300 circumstare
1067 4235 1173 4301 urbem
1192 4237 1380 4316 Romanam,
1403 4244 1432 4302 et
1449 4258 1547 4301 uuum
1564 4238 1602 4301 iu

370 4341 468 4406 locum
491 4347 587 4406 totam
603 4341 740 4423 periculi
762 4341 879 4425 utolem,
902 4362 991 4406 omae
1009 4364 1087 4408 auus
1104 4344 1294 4421 incubuisse;
1318 4346 1373 4425 qui
1390 4366 1496 4409 earum
1507 4346 1601 4425 prior

370 4450 498 4527 uicisset,
521 4450 608 4513 iutra
624 4467 745 4529 paucos
767 4448 834 4512 dies
852 4454 955 4513 castra
978 4469 1047 4513 cum
1071 4450 1167 4514 altero
1188 4452 1376 4515 iuuaturum.
1409 4448 1600 4535 Interceptis

370 4559 478 4619 autem
502 4560 535 4620 et
557 4577 575 4618 a
598 4554 728 4619 consule
751 4552 885 4618 Claudio
912 4555 1005 4620 lectis
1029 4555 1242 4621 Hasdrubalis
1264 4556 1382 4621 litteris
1406 4579 1485 4641 quas
1508 4558 1536 4622 is
1560 4557 1600 4621 ad

370 4661 584 4728 Hannibalem
608 4661 748 4746 miserat,
772 4660 817 4725 ita
840 4660 952 4725 Livius
977 4663 1015 4726 de
1040 4661 1174 4727 Claudio
1198 4685 1222 4726 c.
1237 4664 1326 4747 43‚6
1350 4669 1415 4728 tum
1436 4663 1600 4747 Claudius,

370 4790 433 4833 aaa
455 4771 492 4833 id
512 4775 631 4849 tempus
654 4788 716 4832 esse
737 4768 947 4849 reipublicae
968 4774 1066 4852 ratus,
1089 4791 1147 4850 quo
1171 4771 1311 4836 consiliis
1333 4772 1508 4837 ardmariis
1524 4793 1600 4854 pro-

370 4878 491 4941 vinciae
512 4895 588 4941 suae
609 4876 736 4956 qur'sque
762 4876 880 4956 fluibus
895 4895 956 4956 per
983 4878 1133 4941 exercitus
1154 4897 1225 4943 suos
1250 4898 1320 4943 eum
1343 4879 1425 4944 basta
1448 4880 1600 4945 destinato
