3967 5725
736 677 786 726 un
803 675 957 727 nonsrn
975 676 1137 727 oramus
1155 677 1193 726 rv
1207 679 1232 729 4.
1533 672 1597 736 517

368 859 480 902 eorum
504 857 663 901 consensa
681 836 883 919 acquiescere
902 837 1006 921 possis
1026 857 1169 921 securus,
1193 858 1230 901 ac
1249 835 1386 900 forsitan
1404 839 1516 901 nostra
1538 835 1600 899 dis·

367 944 495 1026 putatio
515 944 661 1026 quamvis
680 943 786 1008 tenuis
805 942 927 1027 aliquid
945 944 986 1008 ad
1006 941 1257 1008 confirmandam
1275 965 1344 1007 eam
1359 943 1599 1025 persuasionem

368 1049 549 1114 contulerit.

457 1155 611 1221 Dicemus
629 1160 736 1220 autem
751 1157 790 1222 de
810 1157 950 1221 carmine
968 1155 1045 1221 libri
1064 1157 1171 1240 quarti
1190 1159 1315 1240 quarto,
1334 1177 1398 1238 quo
1417 1158 1532 1220 notum
1550 1160 1600 1220 est

367 1267 497 1348 poetam
506 1260 657 1346 Augusto
671 1267 807 1349 rogante
821 1261 960 1328 Neronis
972 1261 1099 1328 Claudii
1112 1261 1211 1326 Drusi
1226 1263 1360 1326 minoris
1375 1262 1599 1348 privignorum

368 1371 436 1435 eius
453 1368 663 1434 clarissimam
682 1368 720 1433 de
734 1368 913 1435 Vindelicis
932 1370 1103 1434 victoriam
1122 1369 1246 1434 meritis
1269 1368 1418 1437 laudibus
1438 1367 1598 1433 extulisse.

369 1475 462 1553 Quod
485 1474 540 1540 ille
563 1477 610 1540 ita
632 1476 776 1540 instituit
798 1480 836 1540 ut
858 1499 990 1541 exorsus
1016 1499 1036 1542 a
1057 1477 1239 1562 magnificis
1262 1475 1458 1562 imaginibus
1482 1475 1599 1558 quibus

368 1587 401 1646 et
423 1583 549 1647 iuvenis
571 1583 748 1648 animosam
770 1584 922 1647 virtutem
952 1586 984 1648 et
1012 1582 1162 1649 hostibus
1186 1587 1340 1648 terrorem
1364 1582 1453 1646 ducis
1476 1583 1600 1666 impetu

367 1690 519 1754 iniectum
548 1689 736 1776 depingeret
758 1690 914 1755 victoriae
941 1713 980 1755 ex
1007 1690 1262 1776 repugnantibus
1291 1688 1442 1773 prudenti
1465 1688 1599 1754 oonsilio

368 1801 478 1880 partae
505 1797 693 1862 memoriam
721 1819 795 1863 cum
820 1796 961 1882 Augusti
984 1796 1109 1861 meritis
1137 1796 1354 1882 coniungeret,
1387 1795 1444 1880 qui
1470 1795 1600 1859 insitam
1616 1818 1641 1858 ro

367 1903 510 1968 filiorum
533 1907 681 1968 naturam
705 1926 763 1968 sua
781 1925 858 1968 cura
876 1907 909 1968 et
928 1904 1017 1968 cultu
1036 1902 1237 1988 proveheret,
1261 1902 1374 1968 deinde
1391 1924 1512 1967 novum
1532 1923 1599 1965 sen-

367 2011 541 2074 tentiarum
570 2030 697 2074 cursum
730 2010 910 2096 ingressus,
942 2010 1029 2094 quod
1060 2009 1137 2075 huic
1165 2008 1299 2075 Claudio
1326 2008 1450 2075 Neroni
1483 2010 1599 2073 honori

369 2120 463 2201 esset,
476 2116 609 2180 alterius
624 2114 749 2180 Claudii
763 2114 904 2181 Neronis
923 2118 1045 2181 incluta
1058 2117 1151 2200 facta,
1167 2116 1283 2200 quibus
1299 2117 1326 2179 is
1340 2117 1463 2199 primus
1478 2115 1601 2181 Hanni-

368 2221 475 2287 balem
497 2244 593 2308 posse
616 2223 703 2287 vinci
726 2223 863 2307 edocuit,
887 2223 1008 2308 insigni
1031 2223 1125 2287 laude
1148 2221 1345 2307 praedicaret
1368 2226 1401 2286 et
1424 2222 1464 2286 ad
1487 2221 1600 2306 populi

366 2329 506 2393 Romani
529 2329 667 2415 gloriam
691 2334 899 2395 converteret.

458 2434 547 2500 Haec
574 2457 649 2519 pars
677 2436 778 2500 altera
805 2437 969 2520 carminis,
997 2441 1034 2501 ut
1058 2436 1186 2524 singula
1212 2441 1297 2502 reate
1320 2436 1442 2521 percipi
1465 2436 1600 2520 possint,

368 2563 498 2606 necesse
521 2545 571 2607 est
593 2546 793 2626 proponatur
816 2547 894 2608 tota

626 2686 705 2767 quid
726 2686 842 2765 dobree,
865 2707 882 2751 o
906 2687 1018 2766 Roma
1042 2688 1228 2767 Neronibus,

626 2795 710 2858 testis
732 2793 918 2858 Metaurum
940 2795 1058 2877 flumen
1081 2801 1109 2859 et
1131 2795 1317 2861 Hasdrubal

561 2917 564 2924 ’
627 2902 762 2966 deoiaus
784 2908 812 2966 et
828 2902 959 2983 putabar
979 2904 1101 2985 fugatis

536 3006 581 3070 40
625 3007 678 3072 ille
700 3009 767 3073 alies
790 3008 885 3074 Latio
907 3009 1039 3074 terebris

627 3162 682 3240 qui
700 3162 827 3241 paraus
850 3161 937 3225 alma
959 3163 1033 3226 risit
1055 3162 1180 3239 adorea,

539 3302 543 3309 ·
627 3268 717 3331 dirus
733 3288 794 3349 per
816 3267 906 3331 urbes
928 3268 1010 3348 Afer
1031 3272 1067 3331 ut
1088 3267 1192 3332 Italas

627 3393 680 3437 ceu
702 3374 835 3454 flamma
852 3394 912 3453 per
935 3374 1044 3438 taedas
1063 3373 1110 3438 uel
1132 3393 1225 3437 eurus

620 3501 680 3561 per
703 3477 829 3544 Siculas
851 3482 1000 3561 equitavit
1021 3481 1134 3545 undae.

537 3629 580 3692 45
620 3636 693 3711 post
714 3630 770 3695 boo
790 3632 934 3696 scurrilis
955 3651 1052 3712 usque
1074 3631 1231 3696 laboribus

626 3737 774 3802 Romana
791 3738 890 3819 prebes
912 3740 1014 3820 uerit,
1037 3740 1170 3819 etiupio
1241 3784 1244 3791 ,

625 3850 749 3909 vatata
773 3845 949 3909 Poenorum
973 3846 1107 3910 tumultu

598 4025 600 4029 v
623 3952 706 4032 fauo
729 3952 799 4017 deos
821 3952 952 4017 babuuc
973 3958 1076 4029 rectos,

626 4103 764 4184 dixitque
786 4104 913 4169 taudem
929 4105 1074 4186 perfidus
1096 4103 1264 4168 Hauuibal

538 4207 582 4272 50
628 4210 716 4301 cerui,
740 4210 884 4292 luporum
901 4212 1027 4291 praeda
1049 4212 1224 4293 rapacium,

625 4322 778 4380 sectamur
799 4317 890 4396 ultra,
914 4337 988 4398 quos
1011 4319 1134 4399 opimus

625 4422 736 4502 fallere
758 4428 786 4487 et
807 4425 940 4506 efflepere
962 4430 1006 4489 est
1028 4424 1212 4507 triumphus.

624 4594 708 4657 pens,
731 4595 810 4655 quae
832 4582 964 4640 armato
985 4576 1079 4656 fortis
1101 4575 1141 4639 ab
1165 4574 1231 4641 Ilio

626 4684 744 4747 iactata
769 4682 879 4748 Tuscis
901 4682 1085 4763 aequoribus
1107 4702 1199 4747 sacra

513 4802 517 4810 ·
537 4786 580 4851 55
625 4794 773 4869 musque
795 4794 991 4870 maturosque
1008 4794 1117 4870 patres

620 4894 751 4975 pertulit
773 4896 935 4961 Arsacias
957 4897 1002 4959 acl
1022 4896 1121 4977 urbes,
