3967 5725
568 600 619 649 us
636 598 865 649 uuuuusuuo
884 597 1031 649 umucu
1048 595 1188 647 summe
1208 595 1376 647 cernuo.
1543 591 1607 655 ms

361 738 505 827 'cauum
533 766 560 825 a
586 760 716 827 cacam
746 760 1060 841 successivam
1088 758 1213 823 osaea
1242 756 1339 821 varis
1369 756 1473 822 mosa
1504 754 1608 820 sefor-

371 870 501 933 msrunt
524 867 811 952 dempturumque,
839 865 975 930 obeam
999 886 1144 947 causam,
1167 863 1244 947 quis
1266 868 1323 928 cut
1345 863 1527 949 intelligere
1550 869 1607 928 sut

371 976 511 1040 tolerare
545 974 718 1039 noluerunt
747 972 927 1037 Minucium
963 972 1069 1037 dicere
1098 971 1239 1037 Romam
1268 971 1419 1053 sacrificii
1449 973 1506 1056 (sc.
1529 969 1607 1057 fail)

375 1082 531 1148 Graecam
555 1088 582 1146 el
607 1080 763 1147 Graecam
785 1080 915 1145 Gallum
939 1084 967 1143 cl
992 1078 1123 1144 Gallam
1145 1080 1278 1143 aiaeales
1299 1078 1432 1156 elmere,
1456 1080 1608 1145 maluisse

372 1193 480 1254 eutem
514 1188 601 1253 hsud
634 1187 771 1253 obscuro
805 1186 940 1252 consilio
975 1208 1048 1250 cum
1075 1185 1216 1251 Romami
1248 1186 1358 1250 statim
1393 1186 1550 1251 &aeciam
1580 1193 1609 1253 a

376 1295 532 1361 Graecam
553 1295 684 1361 Gallam
707 1300 736 1359 el
756 1294 886 1359 Gallam
911 1293 1120 1378 coniungere3
1143 1296 1176 1356 et
1199 1292 1227 1357 si
1245 1296 1329 1357 esset
1347 1292 1488 1358 Romani
1508 1293 1609 1359 Grae·

373 1424 443 1467 cam
461 1403 612 1485 sacrificii
630 1404 780 1467 alaealem
798 1401 929 1479 ammae,
948 1400 1108 1465 neminem
1122 1403 1273 1484 putamus
1288 1399 1486 1465 offensurum
1499 1400 1608 1484 fuisse,

275 1493 279 1497 ⁵
375 1510 432 1575 sed
454 1531 494 1573 ne
517 1530 603 1575 nunc
626 1508 766 1593 quidem,
788 1507 941 1591 quoniam
964 1507 1045 1573 haec
1065 1506 1221 1573 Graecam
1239 1512 1268 1571 el
1288 1506 1451 1586 Graecam,
1477 1507 1609 1573 Gallmu

374 1623 403 1681 el
428 1616 558 1683 Gallam
587 1617 679 1701 quusi
706 1614 803 1679 unius
830 1614 974 1679 notionis
1002 1614 1132 1679 vinculo
1161 1614 1381 1689 continentur,
1414 1614 1608 1681 coniecturis

374 1724 535 1809 indulgeri
559 1746 618 1808 pur
640 1726 703 1808 est3
729 1725 825 1805 utque
849 1720 905 1785 ille
928 1721 1077 1805 inprimis
1101 1742 1182 1805 quse
1205 1725 1281 1786 sunt
1303 1721 1650 1788 Romuleam-10

374 1832 442 1913 ficii
457 1830 688 1896 correctionem
701 1850 768 1893 non
782 1830 931 1913 recipere,
948 1827 1070 1893 indicio
1084 1828 1235 1891 videntur
1247 1828 1333 1892 Livii
1346 1828 1453 1913 verbu,
1472 1851 1610 1915 quorum

375 1938 513 2003 fortasse
536 1959 659 2003 memor
682 1936 745 2001 fuit
768 1936 837 2020 ipse
860 1935 1024 2000 Minucius
1048 1956 1120 1999 cum
1142 1935 1200 1999 illu
1222 1934 1378 2002 scriberet
1401 1935 1491 2022 (xxn
1505 1936 1558 2022 57,
1573 1934 1608 2024 6)

375 2046 502 2109 latemm
532 2065 570 2109 ea
594 2043 747 2126 falallbm
774 2043 865 2108 libris
890 2043 1051 2124 sacrificia
1081 2042 1200 2123 ala’aaol
1231 2044 1488 2109 extraordinaria
1513 2046 1609 2126 facta,

375 2152 457 2216 later
480 2172 559 2233 qaae
585 2151 699 2217 Gallus
721 2156 750 2215 el
775 2150 885 2228 Galla,
916 2149 1056 2216 Graecm
1078 2156 1106 2214 et
1131 2149 1255 2215 Graeca
1277 2151 1313 2214 ia
1334 2151 1403 2232 foro
1425 2150 1531 2215 bomlc
1553 2151 1610 2216 sab

375 2265 492 2323 terram
514 2260 579 2323 clcl
602 2259 730 2323 demissi
752 2264 825 2322 sam
847 2259 883 2321 la
901 2256 1001 2321 locum
1018 2277 1097 2321 sacco
1114 2262 1310 2338 consaeptum
1327 2258 1393 2321 lam
1413 2263 1486 2321 aule
1502 2258 1611 2323 lmsliis

375 2367 538 2445 hamanis,
572 2367 702 2431 aclaime
728 2365 873 2429 Romano
903 2384 1006 2442 sacro,
1038 2364 1199 2428 lmlalam.
1246 2361 1309 2427 Sed
1338 2363 1543 2429 subsistimus
1570 2388 1611 2430 ne

377 2473 473 2537 etiem
487 2472 618 2558 longius
632 2472 832 2556 abripiamur
847 2476 878 2535 et
892 2470 934 2534 ed
947 2470 1029 2535 ulios
1049 2470 1221 2555 scriptores
1235 2471 1449 2554 tmducemur,
1469 2471 1612 2555 quando-

377 2580 508 2663 quidem
531 2579 609 2643 elibi
634 2600 762 2662 quoque
785 2577 929 2642 videmus
953 2577 1177 2642 artificiosiore
1205 2576 1416 2641 collocatione
1439 2578 1610 2643 verborum

376 2686 510 2751 mirifice
538 2707 779 2769 nonnumquam
812 2685 923 2749 doctos
954 2684 1075 2748 irretiri
1103 2688 1135 2748 et
1163 2708 1182 2747 s
1209 2705 1285 2749 vcro
1313 2684 1439 2749 abduci.
1484 2682 1612 2751 Interea

377 2792 417 2857 de
440 2792 576 2858 Minucii
599 2794 671 2857 loco
695 2792 746 2856 cui
769 2790 832 2857 hoc
855 2796 951 2878 caput
975 2792 1151 2856 dicavimus
1175 2791 1322 2856 desinent
1346 2792 1499 2857 dubitare.
1626 2818 1652 2861 sc

468 2918 511 2964 v1.
531 2899 619 2976 Quae
643 2900 682 2963 de
705 2899 854 2965 incendic
878 2899 990 2964 mundi
1013 2903 1219 2983 exponuntur
1241 2921 1266 2963 c.
1281 2900 1367 2982 34,1

515 3006 656 3072 Ceteram
684 3007 722 3071 cle
748 3007 891 3072 lacmdla
919 3007 1033 3071 maadi
1059 3012 1116 3070 aac
1141 3007 1346 3088 improvisam
1373 3009 1476 3090 iynem
1503 3009 1613 3072 cadere

511 3120 568 3179 aat
595 3114 738 3197 difficile,
770 3135 834 3179 aaa
865 3113 985 3179 credere
1013 3113 1154 3196 calcaris
1180 3115 1296 3178 erroris
1323 3119 1373 3179 csl.
1423 3115 1501 3196 Quis
1527 3117 1611 3179 caim

511 3223 702 3304 sapientiam
730 3221 863 3304 dabitat,
891 3223 962 3302 qais
984 3223 1120 3304 lauerat,
1149 3221 1257 3284 ommia
1278 3242 1358 3302 qaae
1379 3228 1448 3286 mla
1469 3228 1543 3286 saal
1564 3242 1612 3286 oc-

409 3316 412 3322 ’
513 3328 621 3408 cidere,
645 3349 724 3410 qaae
740 3328 828 3409 facta
845 3334 920 3392 saal
937 3326 1087 3392 interire?
1111 3327 1230 3392 coelam
1247 3349 1364 3410 qaoque
1381 3349 1450 3393 cram
1468 3329 1612 3394 omaclras

445 3434 466 3498 5
512 3456 592 3516 qaae
609 3435 692 3500 caelo
706 3435 908 3513 ccatiaealar,
928 3436 975 3499 ila
993 3440 1029 3498 al
1045 3436 1149 3516 coepit,
1167 3435 1198 3499 si
1215 3435 1343 3500 desieml
1357 3437 1493 3516 scallam
1511 3436 1612 3502 dulcis

513 3562 598 3622 aqua
620 3544 728 3607 mam’a
749 3543 879 3621 nutrire,
902 3543 938 3605 c'a
961 3543 1026 3605 cim
1047 3541 1133 3623 lamis
1155 3541 1313 3606 murram
1332 3541 1445 3608 Stoicis
1467 3549 1612 3608 maslaas

512 3649 619 3729 cpim'o
642 3655 693 3727 esc,
716 3648 800 3730 qaod
821 3654 999 3730 cousumpta
1020 3648 1148 3713 hamore
1170 3650 1307 3714 mamam
1324 3650 1375 3714 la'c
1399 3650 1502 3714 amuis
1525 3651 1611 3732 leae

512 3761 591 3833 scal,
623 3761 652 3819 et
673 3756 841 3837 scamas
871 3754 909 3819 dc
932 3754 1148 3819 elmnmtcmm
1170 3755 1412 3838 contlaoralloue
1444 3762 1472 3820 el
1499 3757 1612 3820 maadi

512 3862 610 3926 rama
633 3862 740 3926 eadem
764 3863 834 3944 ipsa
856 3863 1009 3926 sacam
1031 3867 1076 3926 esl

378 3989 416 4031 ea
438 3967 484 4031 its
504 3967 774 4052 quemadmodum
793 3990 891 4052 supra
909 3969 1098 4052 scripsimus
1116 3967 1266 4033 Halmius
1285 3969 1324 4033 de
1343 3969 1495 4053 opinione
1513 3968 1611 4035 Dom-

377 4074 463 4139 berti
482 4073 652 4140 constituit
671 4073 869 4158 eandemque
884 4075 1171 4140 conformationem
1189 4075 1419 4141 recentissimis
1434 4076 1611 4143 editoribus

378 4179 538 4265 probavit.
580 4179 670 4256 Quae
692 4180 787 4246 uobis
810 4183 875 4246 iem
899 4182 976 4246 olim
1001 4180 1203 4246 incredibilis
1226 4184 1399 4265 visacum,
1421 4203 1611 4268 nequeum-

326 4316 365 4371 13
382 4309 480 4371 quam
503 4286 631 4352 deducti
654 4309 773 4352 sumus.
819 4287 896 4352 Non
917 4287 1082 4372 loquimur
1104 4290 1144 4353 de
1162 4290 1233 4374 ipso
1256 4289 1359 4368 initio,
1383 4290 1422 4355 dc
1446 4313 1510 4375 quo
1534 4293 1611 4357 sctis

378 4398 465 4459 certa
492 4394 600 4459 afferri
626 4415 722 4477 posse
746 4395 935 4478 diffidimus,
967 4394 1023 4459 sed
1047 4396 1085 4459 de
1109 4396 1149 4460 iis
1173 4418 1255 4480 quae
1278 4395 1457 4462 Dombarto
1481 4401 1611 4463 auctore

377 4603 429 4656 pro
452 4587 553 4640 hostiis
572 4586 617 4640 vel
636 4587 757 4641 victimis
777 4591 945 4642 mactantur.
979 4587 1035 4641 Sed
1053 4589 1121 4656 quis
1139 4589 1263 4642 humana
1282 4590 1415 4643 dicuntur
1433 4590 1521 4644 etium
1539 4607 1612 4658 quse

377 4675 523 4730 hominum
537 4676 662 4730 moribus
678 4678 765 4747 dignu
780 4681 854 4744 sunt,
871 4678 926 4730 hsc
941 4677 1128 4746 ambiguitate
1142 4677 1265 4731 nominis
1278 4678 1378 4733 ludens
1393 4679 1464 4733 dicit
1476 4680 1614 4734 hamanus

377 4766 419 4819 uel
437 4767 606 4821 inhumanos
622 4767 755 4832 at'etc'mcs,
773 4766 801 4820 h.
817 4783 841 4820 c.
860 4766 998 4820 humanus
1017 4765 1155 4836 victimas,
1175 4783 1248 4835 quse
1266 4767 1379 4837 proprie
1398 4769 1542 4834 vocentur,
1563 4769 1613 4822 sed

378 4869 451 4922 quae
470 4854 574 4910 rectius
592 4854 765 4910 inhumanae
782 4856 956 4910 vocarentur.
