3967 5725
757 635 807 685 on
825 635 958 686 rmum
975 634 1224 685 nnunnonurs.
1548 633 1616 698 415

381 797 418 862 iu
440 796 599 878 ›Supiouis
621 798 705 862 cuitu
729 797 865 861 maxime
891 797 974 861 citae
1001 797 1109 878 dieque
1135 797 1233 875 dictu,
1261 803 1387 874 morte,
1413 798 1535 878 funere,
1563 817 1617 862 se·

378 904 510 985 pulcro
528 905 564 968 lu
583 904 740 969 diuersum
758 903 887 968 trahunt
905 924 967 980 ...;
986 902 1047 968 olii
1061 903 1180 967 Romae
1198 903 1259 966 ulii
1273 903 1397 968 lhterm
1415 909 1442 968 et
1460 910 1618 968 mortuum

381 1016 409 1075 ct
435 1012 604 1093 sepultum·
636 1033 676 1075 ne
706 1008 895 1074 Suetonium
923 1009 1065 1074 dieamus
1094 1031 1188 1093 saepe
1217 1031 1254 1074 eo
1283 1011 1379 1075 modo
1407 1011 1553 1075 locutum
1582 1013 1617 1074 in

381 1122 551 1202 poetarum
575 1117 664 1201 vitis,
693 1122 749 1181 eut
772 1115 923 1200 Gellium,
951 1117 1097 1200 aliosque
1125 1117 1253 1181 multos.
1300 1116 1405 1193 Quare
1433 1122 1469 1181 ut
1495 1117 1558 1182 hoo
1581 1120 1616 1182 in

382 1230 566 1289 transcursu
585 1246 809 1304 memoremus,
832 1224 867 1288 in
885 1225 952 1288 vite
970 1223 1114 1287 Terentii
1133 1225 1189 1307 qui
1206 1223 1360 1310 leguntur
1378 1246 1489 1289 versus
1507 1223 1616 1290 Porcii

382 1330 427 1416 lp.
447 1331 489 1394 28
498 1329 551 1417 R.)

516 1439 665 1503 Mortuus
687 1437 864 1521 Stymphali
887 1439 1048 1503 Arcadiae
1070 1441 1181 1522 oppido
1203 1438 1286 1504 uihtl
1310 1438 1348 1502 P.

515 1544 620 1627 Scipm
638 1547 762 1627 profuit

380 1656 590 1736 posteaquam
601 1652 671 1736 ipso
683 1649 838 1717 Suetonio
848 1656 931 1718 teste
941 1653 1069 1718 eosdem
1081 1675 1191 1718 versus
1203 1655 1317 1719 iterum
1330 1655 1449 1719 nitente
1460 1651 1613 1740 (p.33R.)

380 1760 588 1844 probavimus
612 1759 657 1823 sio
680 1763 827 1825 exaratos
851 1759 951 1824 fuisse

515 1866 665 1932 Mortuus
688 1865 866 1950 Stymphali
888 1867 1050 1932 Arcadiae
1075 1869 1186 1950 oppido

391 2020 393 2026 -
514 1972 620 2056 Scipio
642 1973 691 2038 ud
707 1976 840 2056 profuit,
862 1975 912 2038 uil
934 1975 1072 2059 Laelius,
1095 1975 1143 2040 uil
1165 1975 1296 2054 Furius,

381 2080 539 2146 defectum
568 2083 675 2145 eutem
703 2081 858 2147 orationis
887 2082 947 2145 hec
974 2083 1027 2146 via
1053 2082 1250 2165 patefactum
1279 2104 1343 2147 non
1371 2104 1467 2166 posse
1490 2082 1614 2166 aptiore

380 2191 435 2251 eut
459 2186 655 2270 simpliciore
678 2188 902 2272 supplemento
926 2210 1023 2271 quem
1047 2211 1111 2272 quo
1134 2190 1186 2253 usi
1209 2210 1318 2254 sumus
1342 2188 1465 2273 expleri

514 2293 664 2358 Mortuus
687 2293 866 2377 Stymphali
888 2296 1050 2360 Arcadiae
1072 2296 1183 2377 oppido
1206 2296 1373 2378 sepultus
1395 2301 1460 2379 est,

380 2399 444 2465 hos
472 2399 621 2465 futilibus
651 2402 830 2466 rationibus
857 2404 1085 2489 impugnatum
1111 2407 1161 2467 est
1189 2402 1229 2466 ab
1258 2403 1298 2467 iis
1329 2403 1385 2487 qui
1412 2401 1613 2489 negligentes

381 2528 474 2571 usum
504 2508 669 2592 vulgarem
698 2531 825 2574 versum
853 2509 1095 2595 integerrimum
1123 2511 1157 2574 in
1185 2509 1400 2593 suspicionem
1428 2510 1615 2595 interpolati

380 2618 545 2699 vocarunt,
563 2616 655 2679 ouius
673 2615 778 2680 forme
797 2638 893 2700 quam
911 2619 1112 2682 restituimus
1130 2617 1277 2702 proxime
1292 2617 1413 2682 secedit
1432 2616 1472 2681 ad
1486 2638 1613 2681 versum

381 2721 437 2805 qui
459 2721 622 2806 praeeedit

514 2828 592 2895 Post
612 2830 744 2897 sublatis
765 2833 856 2898 rebus
878 2833 924 2897 ud
944 2853 1102 2899 summum
1125 2833 1267 2916 inopium
1289 2833 1463 2898 reductus
1486 2827 1588 2917 esst),
1628 2857 1657 2897 ro

380 2942 412 3001 et
435 2937 542 3022 ipsum
564 2960 677 3022 nuper,
700 2943 737 3002 ut
759 2940 854 3004 nobis
877 2940 1014 3024 videtur,
1037 2964 1150 3024 perum
1173 2939 1311 3007 feliciter
1333 2944 1514 3006 tractatum.

470 3042 532 3109 Sed
560 3045 594 3109 in
615 3043 726 3109 Pleuti
752 3067 847 3110 versu
870 3068 937 3113 non
963 3048 1131 3129 sepeliendi
1157 3047 1290 3112 verbum
1321 3048 1463 3131 positum
1487 3048 1535 3111 est
1559 3045 1615 3112 sed

379 3152 512 3233 sepulcri
534 3172 664 3216 nomen:
689 3174 753 3236 quo
776 3155 906 3217 nomine
928 3176 1026 3237 preve
1049 3153 1214 3219 intellecto
1234 3176 1357 3219 errores
1375 3156 1445 3217 neti
1463 3157 1539 3217 sunt
1557 3155 1614 3237 qui

343 3276 362 3330 e
381 3258 477 3324 huius
500 3280 612 3323 versus
635 3260 827 3344 scripturam
851 3264 884 3324 et
907 3262 1099 3325 sententiam
1123 3260 1217 3345 plane
1244 3264 1474 3344 perverterunt.
1515 3258 1615 3323 Velut

379 3364 577 3430 Ritschelius
600 3365 680 3432 heeo
703 3368 781 3431 olim
803 3367 850 3431 ite
873 3367 995 3431 edenda
1017 3368 1142 3431 censuit
1164 3388 1314 3432 versuum
1337 3367 1449 3431 ordine
1472 3368 1614 3431 inverso:

514 3472 595 3537 ΜΕ.
626 3474 669 3538 Tc
689 3495 812 3539 morare
830 3475 1019 3556 mihiquem
1037 3474 1200 3556 obloquere.
1239 3474 1309 3539 PE.
1338 3473 1468 3540 Oculum
1486 3474 1615 3555 ecfodito

1233 3581 1391 3663 persolum

514 3687 611 3771 Mihi,
635 3688 845 3767 Menaechme,
869 3690 898 3752 si
919 3687 1020 3753 ultum
1043 3690 1167 3753 uerbum
1184 3690 1270 3771 fuco,
1292 3690 1359 3753 uisi
1376 3689 1460 3770 quod
1476 3690 1613 3753 iusseris.

514 3794 596 3859 ΜΕ.
626 3821 705 3854 m
730 3795 811 3859 clam
833 3802 990 3861 uxoremst
1011 3796 1066 3860 ubi
1087 3795 1261 3879 sepulcrum
1284 3796 1470 3874 habebimur,

628 3927 738 3961 *ss*
763 3908 853 3985 atquc
875 3902 957 3966 huuc
979 3904 1195 3968 comburamus
1218 3904 1308 3969 diem
1627 3926 1655 3965 ro

380 4006 442 4084 Qui
466 4028 547 4092 quae
571 4007 795 4092 supplementa
819 4009 987 4092 orationis,
1012 4031 1108 4093 quam
1133 4010 1275 4075 hiantem
1298 4032 1337 4073 ex
1361 4009 1486 4094 integre
1509 4010 1614 4074 effecit

380 4114 459 4199 ipse,
482 4115 652 4199 proposuit

514 4222 596 4287 ME.
620 4222 753 4306 [Mayis
770 4225 859 4305 sapis
875 4244 967 4289 uuue.
985 4224 1082 4308 auru]
1096 4224 1177 4289 ctum
1191 4229 1355 4308 uxoremst,
1372 4225 1426 4289 ubi
1441 4224 1614 4306 sepulcrum

1238 4331 1435 4396 habebimus:

513 4437 603 4521 [Ubi
619 4437 833 4519 polluceamus
855 4438 974 4521 lepide]
997 4443 1089 4521 atque
1110 4438 1191 4503 huuc
1214 4438 1429 4503 combicrumus
1451 4438 1542 4515 diem,

379 4565 417 4609 eo
436 4545 540 4630 magis
558 4544 717 4629 aperiunt,
733 4544 872 4627 sepulcro
888 4546 924 4609 in
942 4566 979 4608 ee
998 4547 1157 4610 sententie
1174 4545 1282 4609 locum
1300 4566 1366 4609 non
1384 4544 1495 4627 fuisse,
1513 4544 1614 4609 firisse

379 4651 568 4737 sepulturae,
590 4650 753 4718 namhoc
774 4672 835 4717 suo
857 4652 928 4717 iure
950 4653 1082 4737 negavit
1105 4650 1278 4737 Ussingius
1306 4652 1481 4734 scpulcmcm
1503 4650 1614 4716 habere

702 4787 747 4820 Jl.
759 4775 766 4788 ¹

468 4869 581 4958 ‘'Q‘'
749 4775 1122 5036 *mm
1140 4882 1171 4935 in
1189 4881 1267 4935 exitu
1284 4896 1388 4936 versus.

441 5033 508 5114 ,ι’
938 5035 970 5044 ’“
1017 5061 1055 5180 b
