3967 5725
413 625 481 689 484
589 627 687 677 LVIII.
706 625 822 676 INDEX
839 623 1055 676 LECTIONUM
1072 623 1314 676 HIBERNARUM
1333 623 1465 695 redelor.

413 787 498 853 idem
520 811 552 872 p.
566 785 642 871 505,
661 786 703 852 22
756 850 758 853 ,
783 793 787 799 ’

548 894 648 959 ‘anim
670 894 793 977 eyerim
829 892 991 958 Pamoias
1013 891 1164 957 Pereioea
1193 892 1288 957 “ant
1308 913 1387 974 qaae
1409 894 1458 976 eyi
1482 891 1559 981 (qna
1582 895 1645 982 eyi)

547 1021 606 1084 ayo
627 1001 683 1066 ael
705 1001 794 1066 asim
817 999 1047 1078 eaermneea'’,'

413 1116 609 1193 quamquam
635 1107 785 1173 fatemur·
802 1105 907 1192 magis
935 1105 1120 1192 ambiguam
1148 1127 1215 1170 rom
1240 1126 1322 1189 esse,
1349 1109 1457 1171 tamon
1480 1107 1646 1172 subductis

411 1215 592 1281 rationibus
606 1213 808 1300 probabilius
822 1212 1052 1298 existimamus,
1066 1233 1163 1296 quem
1176 1233 1304 1276 versum
1318 1211 1369 1278 bis
1379 1214 1509 1297 soripsit
1517 1212 1646 1280 Nonius

411 1323 520 1408 priore
551 1323 623 1388 loeo
654 1324 740 1387 reate
773 1319 929 1404 seriptum
957 1341 1041 1403 esso,
1073 1323 1158 1385 oorts
1186 1318 1271 1384 idem
1299 1319 1401 1385 altero
1428 1320 1646 1407 negligentius

413 1432 562 1493 exaratus
591 1431 653 1511 est,
680 1428 714 1491 in
738 1448 802 1511 quo
827 1425 915 1510 quod
937 1425 1076 1490 habetur
1098 1428 1147 1509 eyi
1169 1447 1228 1508 ayo
1250 1425 1305 1491 ael
1327 1427 1430 1506 anim,
1458 1448 1523 1512 quo
1545 1426 1648 1493 Nouii

412 1535 565 1620 editores,
594 1532 821 1617 Quieheratus,
842 1530 986 1617 ⁴Onions‚
1014 1532 1065 1598 usi
1093 1537 1170 1598 sunt
1197 1536 1234 1597 ut
1261 1533 1445 1598 trimetrum
1472 1534 1647 1618 efficerent,

413 1663 473 1707 nos
495 1641 620 1707 librarii
644 1638 745 1706 errori
768 1639 910 1706 tribuere
933 1640 1101 1704 malumus.
1139 1638 1262 1716 Quodsi
1281 1643 1372 1704 reete·
1386 1640 1549 1726 statuitur,
1573 1662 1647 1706 eon·

372 1775 400 1816 ro
414 1770 549 1833 sequens
573 1752 622 1813 est
644 1745 789 1812 Nonium
811 1747 920 1832 priore
941 1745 1014 1812 loeo
1038 1749 1144 1810 totum
1168 1747 1369 1812 octonarium
1393 1746 1517 1811 dedisse

554 1854 665 1921 Preeo'r
686 1855 811 1919 amiam
828 1854 938 1936 peteras
957 1858 994 1918 at
1015 1873 1095 1934 qaae
1116 1855 1165 1936 eyi
1185 1874 1243 1935 ayo
1262 1855 1350 1918 anim
1368 1859 1550 1920 verruncent
1566 1855 1646 1920 dene.

412 1962 458 2027 Et
472 1961 670 2027 Ribbookius
689 1960 745 2046 qui
764 1960 843 2025 haee
856 1980 967 2043 precor
984 1961 1109 2025 ueniam
1122 1965 1232 2042 petens
1249 1959 1425 2027 clausulam
1440 1982 1509 2025 esse
1524 1959 1648 2042 maluit,

414 2069 531 2154 quibus
554 2067 658 2134 modis
682 2067 816 2132 alteram
838 2071 964 2152 partem
987 2067 1021 2130 in
1045 2066 1206 2153 integrum
1229 2067 1411 2131 trimetrum
1431 2067 1469 2132 de
1488 2067 1648 2134 sententia

412 2175 602 2241 Buecheleri
625 2173 790 2259 supplevit

553 2283 607 2349 Uti
628 2302 708 2364 qnae
730 2280 810 2365 [eya]
835 2282 883 2364 eyi
905 2301 964 2364 ayo
987 2279 1076 2346 daim
1098 2285 1284 2346 aermneent
1303 2279 1376 2345 bene

413 2389 454 2453 iis
483 2388 630 2453 diffidere
652 2388 729 2451 lieet
751 2391 922 2471 propterea
945 2387 1033 2472 quod
1056 2385 1223 2452 discedunt
1245 2387 1281 2452 in
1302 2387 1343 2451 iis
1368 2409 1449 2472 quae
1472 2408 1647 2480 consensus

411 2494 514 2560 Nonii
538 2495 716 2560 oonfirmat.
754 2492 970 2570 Quamobrem
993 2492 1133 2559 dandum
1157 2515 1226 2560 esso
1246 2494 1415 2578 opinamur
1432 2494 1520 2560 huno
1538 2517 1648 2559 numo-

413 2625 485 2666 rum
506 2621 619 2685 preeor
640 2602 765 2666 amiam
781 2607 891 2683 peteras
913 2623 978 2666 non
1001 2602 1109 2665 minus
1132 2623 1228 2685 quam
1252 2607 1308 2666 ant
1329 2602 1412 2683 'qnod
1431 2602 1648 2685 primordium

414 2710 454 2773 ab
478 2708 559 2775 intio
584 2708 741 2772 ootonarii
763 2707 892 2775 iambioi
916 2730 983 2772 non
1005 2708 1220 2774 abhorruisse.

372 2853 400 2895 ,ο
502 2833 550 2881 111.
573 2813 612 2883 Iu
626 2815 756 2880 incertis
765 2814 899 2881 Pacuvii
908 2813 1107 2881 Ribbeokius
1122 2815 1209 2880 hune
1222 2836 1350 2880 versum
1364 2814 1427 2880 fert
1441 2805 1488 2879 xa
1497 2812 1577 2903 (402
1585 2811 1646 2903 sq.)

413 2985 416 2996 Ι
1002 2923 1132 2987 eandm
1150 2922 1234 3005 (ilios

547 3030 617 3096 Sibi
633 3050 814 3114 prooreasse
830 3050 890 3113 per
913 3028 1119 3112 Calypsonem
1141 3035 1316 3109 dammam,

413 3138 469 3223 qui
496 3137 649 3223 quoniam
671 3136 801 3203 Ulixem
830 3136 922 3218 dicit,
949 3136 1084 3200 dubium
1111 3158 1178 3201 non
1201 3140 1251 3203 ost
1273 3136 1352 3220 quin
1376 3135 1454 3202 olim
1476 3140 1563 3201 reete
1587 3136 1648 3200 Pa·

413 3244 499 3310 auvii
525 3243 654 3329 Niptris
682 3242 863 3327 adscriptus
892 3242 943 3308 sit.
987 3242 1038 3308 Do
1069 3244 1159 3309 ouius
1189 3265 1300 3309 versus
1330 3243 1583 3308 conformatione
1610 3246 1648 3308 ut

412 3353 531 3417 eortius
554 3351 714 3418 iudicetur
731 3371 861 3415 neeesse
881 3353 930 3414 est
948 3350 984 3415 in
1002 3350 1286 3435 grammaticorum
1305 3350 1490 3415 testimonia
1507 3351 1649 3435 inquira-

413 3480 500 3523 mus:
523 3461 599 3522 sunt
622 3461 729 3522 autem
753 3457 826 3541 duo,
849 3458 991 3540 primum
1013 3456 1172 3521 Prisoiaui
1194 3455 1567 3543 lib.v1p.209,14H.
1590 3455 1648 3540 qui

413 3565 492 3630 haee
514 3564 662 3629 tradidit:

548 3671 596 3736 ‘in
626 3693 644 3737 o
669 3672 858 3754 prodnatam
890 3671 1066 3736 desistentis
1098 3670 1221 3736 Craem
1251 3676 1325 3736 sant
1352 3671 1512 3753 faemina
1542 3676 1572 3735 et
1600 3670 1649 3735 ael

550 3779 668 3845 Craeee
680 3778 879 3843 matinanta
891 3783 927 3842 nt
939 3777 1056 3842 Manto
1070 3776 1214 3857 Mantus,
1236 3778 1391 3860 Viryilias
1404 3778 1441 3843 in
1454 3795 1479 3841 x
1489 3776 1584 3863 [199]
1595 3827 1601 3841 .
1613 3827 1619 3841 .
1630 3827 1647 3856 .‚

371 3920 400 3963 ,ο
546 3886 594 3951 ael
616 3886 729 3951 addita
751 3886 804 3951 ms
827 3886 954 3968 fatiant
972 3885 1146 3967 yenatioam
1168 3890 1204 3949 at
1224 3883 1312 3950 Dido
1334 3883 1476 3951 Didonis
1498 3883 1648 3969 [Calypso

548 3992 735 4077 Calypsonis
767 3992 804 4057 Io
837 3991 939 4071 Ionis,
975 3991 1070 4073 idqae
1104 4011 1180 4057 asus
1216 3992 1416 4074 antelJaoram
1448 3990 1647 4075 eonmrobatl.

502 4099 523 4164 5
546 4099 663 4164 Aeetas
677 4098 855 4163 “mstodem
868 4089 1040 4164 adsiduam
1055 4098 1129 4163 Iani
1143 4099 1291 4181 adposuit
1302 4098 1455 4181 ampini'.
1487 4098 1649 4163 Paeaoins

546 4206 684 4289 “filios
717 4205 792 4270 sibi
817 4225 1038 4287 procreasse
1074 4205 1216 4270 dieitur
1250 4205 1402 4270 eandem
1430 4226 1500 4287 per
1534 4203 1648 4288 Caly-

541 4332 693 4394 psonem
712 4312 950 4378 antumant''.
987 4312 1125 4378 Plantas
1138 4314 1174 4377 in
1188 4312 1351 4377 arietaria
1369 4362 1376 4377 .
1392 4362 1399 4376 .
1414 4362 1422 4375 .
1438 4312 1528 4394 Qnod
1544 4318 1647 4377 antem

548 4420 639 4484 Ionis
664 4424 692 4484 et
721 4418 907 4503 Calypsonis
934 4425 961 4484 et
988 4418 1131 4484 Didonis
1157 4421 1286 4498 dietam,
1313 4420 1447 4485 osteadit
1471 4419 1526 4484 hoe
1551 4421 1647 4483 etiam

548 4526 717 4592 Caesellius
744 4527 867 4592 Vindex
889 4528 926 4591 in
948 4531 1112 4591 stromateo
1134 4526 1184 4592 iis
1206 4527 1322 4592 verbis:
1351 4524 1564 4609 Calypsonem.
1600 4526 1649 4589 ita

481 4632 524 4697 10
548 4634 736 4698 declinatam
759 4638 804 4698 ast
825 4634 914 4715 apud
935 4634 1088 4714 antiquos.
1125 4632 1239 4699 Isiaias
1262 4632 1375 4715 “apnd
1395 4631 1567 4716 nympham
1588 4632 1649 4697 At-

548 4739 646 4805 matis
666 4740 771 4823 filiam
795 4738 1036 4822 Calypsonem''.
1072 4740 1203 4805 limnas
1221 4789 1228 4804 .
1248 4790 1254 4803 .
1275 4790 1281 4803 .
1300 4739 1417 4805 Aedes
1436 4790 1441 4802 .
1462 4789 1469 4803 .
1489 4739 1507 4803 .’

411 4840 452 4909 In
475 4844 593 4929 quibus
616 4867 698 4929 quae
720 4846 818 4911 verba
841 4849 917 4929 post
938 4844 1081 4911 Didonis
1103 4863 1134 4911 v,
1153 4845 1175 4910 3
1197 4846 1288 4912 urrais
1311 4846 1435 4911 inclusa
1458 4844 1649 4929 addidimus,
