3967 5725
736 649 785 698 DE
804 649 1070 701 ARISTOPHANIS
1089 651 1291 712 EQUITIBUS.
1563 651 1628 715 283

393 806 540 873 versibus
568 808 693 873 absolvi
720 809 859 874 vidimus
887 833 907 875 s
934 832 1137 895 quorumque
1166 816 1253 876 stetu
1282 817 1314 876 et
1342 813 1449 878 officio
1477 811 1555 878 haec
1577 835 1627 878 res

393 936 476 997 quae
500 913 650 998 deinceps
674 916 866 982 describitur
888 939 954 982 non
978 919 1112 984 dubium
1136 923 1184 983 est
1208 920 1287 1003 quin
1310 919 1414 984 aliene
1436 920 1543 1004 fuerit,
1569 942 1628 1010 nec

392 1025 558 1104 praeterea
589 1021 706 1087 habere
740 1046 804 1109 quo
832 1025 967 1108 nitetur,
1000 1024 1061 1089 hoo
1090 1029 1196 1090 sutem
1224 1027 1344 1090 omisso
1372 1026 1530 1111 reliquam
1558 1050 1626 1093 ore-

393 1129 514 1194 tionem
544 1130 673 1216 egregie
701 1130 854 1216 explicari
882 1135 913 1195 et
941 1133 969 1195 si
998 1133 1050 1196 oui
1078 1132 1247 1218 continget
1274 1137 1311 1197 ut
1338 1133 1414 1199 huic
1442 1135 1628 1218 pronomini

393 1237 515 1321 aliquid
543 1237 756 1303 stabilimenti
783 1239 936 1322 reperiet,
963 1237 1047 1303 nihil
1074 1240 1168 1324 plene
1197 1260 1266 1304 esse
1290 1240 1376 1324 quod
1400 1240 1548 1325 culpetur
1570 1246 1628 1306 aut

393 1344 584 1410 emendandi
606 1366 717 1409 curem
740 1347 891 1429 requirat.

483 1450 546 1516 Sed
567 1451 620 1515 his
643 1453 797 1536 expositis
822 1475 903 1536 queo
925 1474 1024 1536 porro
1048 1455 1236 1538 exsequitur
1258 1453 1376 1519 chorus

414 1560 481 1624 264
526 1558 581 1624 καὶ
604 1573 738 1636 σκοπεῖς
760 1583 798 1642 γε
821 1570 888 1625 τῶν
911 1565 1058 1626 πολιτῶν
1082 1561 1172 1637 ὅστις
1196 1560 1287 1625 ἐστὶν
1311 1561 1482 1646 ἀμνοκῶν,

525 1667 683 1744 πλούσιος
705 1667 760 1732 καὶ
783 1670 827 1751 μὴ
852 1671 998 1753 πονηρὸς
1020 1669 1074 1733 καὶ
1098 1667 1228 1753 τρέμων
1250 1670 1290 1733 rol
1314 1669 1501 1753 πράγματα,

391 1774 425 1837 in
448 1775 489 1837 iis
513 1795 641 1858 quoque
664 1774 798 1840 offensio
822 1780 898 1839 nete
921 1779 972 1840 est
995 1777 1172 1857 doctorum,
1198 1799 1257 1843 nec
1280 1777 1406 1859 iniuria,
1430 1798 1623 1860 quamquem
1638 1805 1664 1844 ro

390 1879 550 1946 Zacherus
578 1904 597 1945 a
623 1881 752 1968 figenda
778 1903 871 1946 cruce
899 1883 1069 1968 abstinuit3
1097 1906 1173 1948 nam
1199 1884 1262 1949 hoc
1290 1885 1367 1948 satis
1395 1905 1461 1948 non
1485 1905 1554 1948 esse
1576 1884 1622 1948 in·

390 1987 561 2075 telligitur,
590 1987 741 2053 Cleonem
769 1990 832 2054 dici
860 2000 998 2054 σκοπεῖν
1026 1991 1081 2074 qui
1105 1991 1222 2055 civium
1247 1992 1290 2055 sit
1313 1991 1401 2054 dives
1424 2011 1483 2055 nec
1505 2012 1622 2074 pravus

390 2100 422 2160 et
446 2118 614 2161 causarum
636 2097 782 2180 pavidus,
806 2097 861 2160 scd
884 2097 924 2160 iis
948 2097 1005 2181 qui
1026 2099 1072 2161 itu
1092 2101 1167 2163 sunt
1186 2098 1264 2181 quid
1281 2097 1395 2162 fecerit
1413 2096 1468 2160 ille
1487 2097 1623 2161 indicari

338 2208 375 2264 18
389 2225 517 2269 necesse
545 2207 602 2268 est.
638 2201 752 2288 Itaque
778 2215 912 2280 σκοπεῖς
933 2202 1017 2269 falso
1041 2209 1207 2270 exaratum
1231 2223 1299 2268 esse
1316 2204 1558 2288 existimantes,
1586 2208 1623 2268 ut

389 2311 513 2396 aliquid
535 2312 652 2377 fortius
675 2315 857 2396 poneretur,
880 2333 940 2396 pro
964 2333 1003 2376 eo
1026 2311 1207 2376 Meinekius
1230 2309 1285 2376 καὶ
1310 2312 1454 2394 σποδεῖς,
1478 2310 1622 2376 Kockius

389 2419 444 2483 καῖ
462 2419 571 2496 πέκεις
589 2416 656 2506 (vel
674 2416 798 2504 ξορεῖς)
816 2419 1051 2484 restituendum
1071 2419 1284 2484 coniecerunt.
1322 2403 1510 2483 Omittimus
1524 2418 1622 2483 verba

389 2527 496 2611 posite
518 2526 700 2591 examinare
723 2529 779 2590 uut
802 2526 944 2591 rationes
967 2526 1125 2611 inspicere
1149 2526 1265 2611 quibus
1289 2547 1380 2589 suem
1401 2529 1537 2609 uterque
1556 2527 1624 2610 opi·

389 2633 519 2697 nionem
546 2634 737 2698 firmaverit:
765 2633 846 2697 illud
874 2633 1024 2717 dicimus,
1052 2637 1154 2697 totam
1182 2633 1358 2698 orationem
1382 2633 1429 2697 ite
1451 2632 1623 2698 formatem

390 2761 468 2826 esse,
489 2740 574 2805 nihil
591 2745 628 2805 ut
646 2740 753 2824 aptius
772 2741 915 2825 recipere
933 2741 1088 2824 potuerit,
1111 2762 1207 2824 quem
1227 2740 1334 2825 ipsum
1354 2739 1435 2804 illud
1453 2739 1623 2824 reprehen·

388 2870 460 2913 sum
484 2858 626 2926 σκοπεῖς.
664 2846 718 2913 Sic
741 2847 826 2913 enim
848 2870 936 2913 nunc
959 2847 1077 2913 dicitur
1101 2858 1234 2924 σκοπεῖς
1258 2849 1349 2924 ὅστις
1367 2853 1513 2913 πολιτῶν
1531 2845 1623 2913 ἐστιν
1637 2875 1663 2915 so

387 2955 558 3040 ἀμνοκῶν,
585 2960 623 3020 ut
649 2957 747 3039 paulo
775 2959 850 3020 ente
877 2953 972 3042 (259)
1002 2968 1136 3021 σκοπῶν
1164 2956 1255 3032 ὅστις
1278 2957 1389 3020 αὐτῶν
1412 2955 1499 3038 ὠμός
1522 2954 1623 3033 ἐστιν,

388 3068 421 3129 et
448 3063 599 3128 similiter
626 3062 718 3148 alibi,
744 3062 831 3128 Nub.
853 3063 938 3128 1096
966 3061 1021 3128 καὶ
1050 3075 1118 3127 τῶν
1145 3071 1278 3129 θεατῶν
1306 3063 1457 3145 ὁπότεροι
1486 3067 1622 3140 πλείους

389 3174 519 3254 σκόπει,
547 3174 603 3235 aut
629 3169 690 3235 Av.
713 3170 780 3234 450
808 3183 944 3237 σκοπεῖν
971 3170 1008 3234 d'
1036 3170 1054 3233 6
1082 3195 1113 3236 τι
1142 3170 1185 3235 ἀν
1211 3171 1460 3253 προγράφωμεν
1488 3168 1524 3235 ἐν
1551 3183 1622 3246 τοῖς

387 3281 562 3354 πινακίοις.
601 3277 802 3361 Quemquam
830 3278 908 3362 quid
936 3300 1018 3362 opus
1047 3283 1096 3343 est
1123 3277 1301 3362 exemplis?
1339 3275 1423 3352 Quid
1451 3298 1528 3362 ergo
1551 3278 1621 3341 est?

387 3396 525 3450 σκοπεῖν
547 3406 621 3449 cum
642 3407 701 3449 sus
719 3386 864 3450 oratione
883 3386 1006 3469 optime
1026 3405 1204 3449 connexum
1225 3384 1444 3448 dubitabimus
1463 3383 1535 3448 loeo
1555 3406 1621 3448 mo·

387 3513 461 3556 vere
480 3496 537 3556 eut
555 3492 709 3557 mutando
728 3491 855 3557 tollere:
879 3493 906 3556 si
924 3496 1042 3575 munet,
1060 3496 1194 3575 apparet
1211 3492 1371 3577 integrum
1392 3490 1520 3575 quidem
1539 3490 1622 3556 hunc

388 3599 567 3664 orationem
587 3621 664 3683 esse,
683 3599 740 3663 sed
758 3599 932 3664 desiderari
949 3602 1076 3682 purtem
1095 3599 1228 3663 alteram
1249 3620 1312 3682 qus
1329 3603 1420 3682 purte
1437 3600 1620 3684 expositum

386 3705 495 3789 fuerit,
514 3704 614 3771 Oleon
633 3706 712 3791 quid
729 3706 970 3791 perpetraverit,
990 3705 1047 3769 ubi
1061 3705 1348 3790 circumspiciendo
1362 3704 1521 3770 invenerit
1536 3707 1620 3771 cives

387 3812 498 3896 quoles
526 3813 664 3878 volebat.
701 3811 803 3898 Atqui
832 3835 904 3878 cum
931 3813 1173 3877 meminerimus
1201 3812 1235 3875 in
1263 3811 1408 3876 versibus
1438 3811 1517 3897 261,
1545 3813 1620 3895 262,

387 3918 453 3983 263
475 3920 558 3985 nihil
581 3922 713 3988 omnino
737 3921 944 4004 depravatum
967 3920 1078 4003 fuisse,
1104 3920 1159 3984 sed
1182 3942 1282 3983 unum
1306 3940 1486 4003 pronomen
1509 3919 1620 3984 αὐτῶν
1634 3945 1661 3985 eo

385 4047 452 4092 non
475 4026 627 4092 habuisse
651 4050 715 4113 quo
738 4028 852 4092 referri
874 4032 998 4112 posset,
1022 4029 1087 4092 iam
1110 4049 1211 4113 paene
1234 4025 1384 4110 proditur
1407 4025 1486 4110 quid
1508 4047 1620 4091 verum

386 4133 442 4197 sit:
469 4156 585 4219 nempe
612 4135 696 4199 m‘hil
721 4136 754 4199 in
779 4134 914 4219 singulis
938 4157 1036 4219 prave
1060 4135 1215 4219 scriptum
1241 4134 1297 4199 sed
1320 4133 1454 4197 duarum
1478 4132 1619 4215 partium

387 4240 532 4306 ordinem
555 4242 718 4307 inversum
742 4263 824 4325 esse;
848 4263 912 4326 quo
931 4244 1089 4326 reparato,
1113 4242 1197 4306 sieut
1215 4264 1275 4326 par
1293 4245 1351 4324 est,
1374 4244 1547 4323 utrumque
1566 4262 1619 4323 ap·

386 4369 496 4431 parere
519 4349 658 4433 probum
680 4370 749 4413 esse
773 4353 805 4413 et
828 4362 962 4424 σκοπεῖς
986 4372 1013 4412 v.
1034 4348 1100 4413 264
1124 4358 1155 4413 et
1179 4348 1290 4413 αὐτῶν
1313 4372 1343 4411 v.
1363 4346 1437 4410 261.
1601 4340 1608 4351 ’

408 4454 475 4519 264
519 4453 575 4521 καὶ
599 4466 759 4531 σκοπεῖς
782 4479 819 4537 γε
841 4467 909 4520 τῶν
931 4461 1075 4521 πολιτῶν
1099 4455 1189 4533 ὅστις
1212 4454 1306 4520 ἐστὶν
1328 4454 1499 4537 ἀμνοκῶν,

456 4606 460 4608 ⁴
519 4563 678 4639 πλούσιος
701 4560 756 4627 καὶ
779 4564 823 4647 μὴ
845 4564 990 4647 πονηρὸς
1014 4560 1068 4627 καὶ
1091 4561 1221 4648 τρέμων
1244 4563 1283 4627 κά
1306 4562 1493 4647 πράγματα·

408 4669 472 4733 261
519 4670 582 4734 κάν
604 4668 667 4735 τιν’
695 4670 824 4734 αὐτῶν
847 4677 931 4758 γνῷς
955 4668 1139 4756 ἀπράγμον’
1168 4663 1248 4735 ὄντα
1272 4670 1325 4733 καὶ
1349 4669 1524 4753 κεχηνότα,

462 4820 465 4824 ,
520 4778 716 4860 καταγαγὼν
740 4776 774 4841 ἐκ
798 4779 1014 4861 Χερρονήσου
1038 4777 1208 4857 διαβαλὼν
1221 4776 1412 4859 ἀγκυρίσας

408 4882 473 4947 263
519 4875 575 4948 εἶτ’
604 4882 813 4967 ἀποστρέψας
836 4886 895 4948 τὸν
918 4879 1009 4967 ὦμον
1034 4883 1137 4948 αὐτὸν
1160 4881 1408 4966 ἐνεκολήβασας.
