3967 5725
689 597 972 650 aimunumonns
991 599 1205 651 annuamus.
1521 598 1564 665 29

329 758 492 843 Glor.11,
510 758 550 822 19
564 760 641 824 ercle
658 759 699 843 B,
723 746 794 844 113,
808 759 851 823 39
875 760 951 825 ercle
964 759 1033 846 BD,
1056 759 1178 845 erde03
1201 759 1365 848 Asinrl,
1381 763 1423 827 14
1437 764 1514 828 ercle
1527 764 1563 848 B,

326 870 491 951 praeterea
519 866 554 929 in
580 866 695 931 iisdem
721 865 815 931 libris
842 868 932 933 nulla
960 889 995 931 re
1022 868 1150 953 saepius
1177 868 1348 952 pristinam
1371 870 1563 955 scripturam

327 972 537 1038 deformatam
561 994 749 1056 essequam
773 974 891 1038 litteris
915 978 971 1039 aut
995 974 1128 1057 syllabis
1150 998 1249 1059 prave
1273 976 1437 1061 dispestis,
1465 977 1563 1059 velut,

325 1088 364 1155 ut
386 1082 455 1145 eius
479 1101 608 1164 quoque
631 1080 678 1143 rei
701 1080 794 1144 cuius
817 1081 984 1146 innumera
1003 1086 1080 1147 sunt
1098 1082 1244 1165 exempla
1261 1104 1366 1167 pauca
1383 1083 1563 1166 afferamus,

325 1185 407 1251 haec
430 1178 507 1250 sunt
530 1186 564 1250 in
587 1209 652 1250 una
671 1208 766 1252 scena
783 1186 910 1273 Militis,
932 1207 970 1252 1v
985 1188 1015 1274 6,
1028 1189 1072 1252 47
1091 1190 1195 1253 uidere
1211 1190 1313 1271 spolio
1331 1211 1435 1256 mores
1448 1190 1475 1254 B
1490 1190 1521 1255 h.
1536 1213 1562 1256 e.

327 1295 449 1360 oidmes
470 1294 525 1377 pol
552 1296 582 1360 si
608 1316 749 1372 amarem·
777 1294 921 1378 1v6‚43
938 1317 1039 1379 prope
1060 1296 1161 1381 adest]
1179 1303 1331 1378 properat
1352 1309 1368 1361 6
1390 1297 1563 1381 B31v6‚4

326 1403 431 1466 Tuum
459 1422 533 1484 espa
560 1403 682 1483 iambica
706 1401 782 1466 Bb.
803 1424 828 1467 e.
852 1408 940 1467 tuum
967 1409 1011 1468 est
1032 1404 1246 1486 princepum,
1275 1402 1355 1469 baec
1382 1405 1483 1491 igitur
1506 1406 1562 1488 qui

324 1509 533 1593 reputaverit,
555 1508 717 1594 fatebitur,
741 1509 920 1593 opinamur,
944 1532 984 1573 ex
1006 1512 1069 1575 scio
1092 1509 1198 1575 ercleol
1218 1512 1303 1591 facio
1321 1531 1387 1575 non
1410 1510 1457 1575 ita
1480 1511 1561 1575 diffi-

327 1614 387 1681 cile
409 1616 556 1699 potuisse
580 1606 658 1680 oriri
681 1615 769 1699 quod
792 1615 892 1681 libros
917 1606 1088 1700 occupavit
1110 1618 1174 1682 scio
1196 1618 1301 1699 edepol
1321 1619 1414 1698 facio.

416 1724 446 1788 3.
466 1721 679 1807 Impeditiora
698 1727 774 1787 sunt
794 1744 876 1805 quae
896 1722 992 1788 tertio
1011 1725 1084 1789 loeo
1104 1724 1314 1808 disceptaturi
1333 1746 1456 1789 sumus:
1479 1747 1603 1808 quaero

324 1830 521 1914 sumpsimus
549 1851 589 1894 cx
616 1830 722 1913 primo
752 1829 878 1895 cantico
906 1827 1127 1895 Mostellariae
1155 1831 1241 1916 quod
1269 1835 1319 1895 est
1350 1834 1424 1895 actu
1456 1831 1561 1915 primo

325 1958 419 2001 scena
446 1935 594 2002 secunda.
641 1935 678 2000 In
710 1958 747 2001 eo
778 1937 904 2002 cantico
932 1936 1139 2003 Philolaches
1171 1938 1353 2014 adolescens
1386 1940 1563 2003 meretricis

328 2066 437 2109 amore
466 2044 611 2108 irretitus
640 2044 678 2108 de
708 2066 766 2108 sua
794 2043 981 2109 condicione
1005 2044 1207 2129 lamentatur,
1230 2049 1266 2109 ut
1289 2067 1431 2109 amorem
1454 2045 1561 2111 subito

270 2140 272 2144 ’
323 2153 490 2215 invectum
515 2150 680 2216 insimulet
704 2152 812 2216 omnia
836 2151 1018 2236 corrupisse
1042 2173 1078 2215 ac
1101 2151 1270 2217 sustulisse
1294 2173 1375 2235 quae
1393 2157 1559 2235 parentum

324 2280 402 2323 cura
432 2257 596 2323 educando
625 2262 658 2322 et
686 2256 859 2323 excolendo
887 2258 968 2323 bene
995 2258 1117 2323 feeerit.
1167 2258 1261 2322 Hanc
1288 2258 1343 2322 ille
1370 2259 1562 2323 sententiam

322 2386 382 2449 per
405 2386 439 2428 se
462 2367 543 2430 satis
566 2369 694 2429 tenuem
718 2387 786 2429 non
808 2364 855 2429 ita
877 2388 974 2450 parce
1000 2370 1171 2430 exsecutus
1199 2369 1260 2449 est,
1289 2365 1345 2430 sed
1373 2366 1449 2429 dum
1476 2367 1561 2430 vitae

323 2493 515 2555 morumque
547 2472 762 2536 humanorum
797 2472 1033 2537 vicissitudines
1066 2495 1139 2538 oum
1177 2473 1303 2537 aedium
1339 2473 1497 2538 factarum
1529 2477 1561 2537 et

322 2579 604 2663 pessumdatamm
621 2578 793 2644 simulacro
809 2579 1012 2644 ambitiosius
1027 2579 1202 2663 contendit,
1221 2579 1369 2645 dilatavit
1383 2580 1561 2645 orationem

325 2687 473 2769 miraque
495 2686 692 2770 loquacitate
716 2687 887 2775 μονῳδίαν
905 2685 1065 2771 prolixam
1084 2687 1257 2751 admodum
1275 2687 1420 2771 replevit.
1458 2686 1560 2763 Quam
1681 2677 1685 2683 ⁵

325 2792 520 2858 cantilenam
541 2816 602 2858 nos
620 2794 772 2858 nolumus
792 2795 919 2880 exigere
938 2797 1051 2878 totam,
1075 2815 1250 2878 quamqum
1270 2816 1307 2858 ea
1325 2793 1423 2858 habet
1442 2793 1559 2878 quibus
1574 2820 1601 2859 ro

320 2899 431 2966 Plauti
454 2902 722 2967 consuetudinem
745 2902 779 2964 in
803 2901 977 2966 condendis
1002 2903 1136 2966 canticis
1160 2901 1380 2986 conspicuam,
1407 2901 1561 2965 amultis

322 3031 418 3092 saepe
441 3009 525 3073 falso
551 3010 762 3087 aestimatam,
786 3009 945 3074 declarare
968 3009 1094 3073 utiliter
1116 3009 1235 3092 possis3
1259 3009 1313 3074 sed
1337 3008 1435 3072 nimis
1457 3009 1561 3072 multa

321 3118 401 3179 sunt
427 3115 461 3178 in
490 3137 526 3180 ea
556 3117 654 3180 etiam
682 3119 758 3200 post
785 3115 945 3201 insignem
973 3114 1156 3181 criticorum
1188 3136 1316 3199 operam
1346 3115 1380 3178 in
1407 3115 1560 3200 ambiguo

321 3221 435 3286 relicta
458 3225 515 3284 aut
539 3221 684 3286 nondum
709 3223 788 3286 satis
812 3226 900 3286 certo
925 3222 964 3286 ad
987 3244 1078 3286 suam
1101 3218 1237 3286 formam
1256 3225 1416 3306 revocata,
1438 3224 1473 3286 in
1493 3222 1561 3305 qui·

320 3329 382 3392 bus
407 3326 622 3412 expendendis
647 3349 796 3392 veremur
815 3351 856 3392 ne
875 3350 933 3393 nec
951 3327 1048 3392 nobis
1066 3349 1126 3392 nec
1144 3328 1216 3392 aliis
1235 3328 1432 3393 satisfacturi
1450 3330 1559 3393 simus.

319 3435 432 3500 Unum
460 3435 556 3500 modo
584 3434 693 3501 locum
721 3434 910 3499 videbamur
937 3435 1034 3499 nobis
1062 3434 1177 3500 melius
1206 3457 1302 3518 quam
1335 3438 1432 3499 ceteri
1463 3437 1560 3498 inter·

320 3529 455 3627 pretori,
477 3542 562 3607 unde
586 3564 659 3626 spes
682 3547 759 3608 nate
782 3546 839 3626 cst,
862 3563 957 3626 posse
980 3542 1051 3606 fieri
1074 3546 1111 3606 ut
1135 3564 1216 3626 quae
1238 3543 1356 3607 vitiosa
1374 3545 1450 3606 sunt
1468 3541 1503 3605 in
1521 3564 1558 3607 eo

321 3650 397 3714 loco
427 3649 563 3714 certiore
591 3649 813 3714 emendatione
841 3670 938 3731 quam
966 3648 1070 3712 adhuc
1097 3649 1220 3714 factum
1247 3652 1297 3713 est
1323 3652 1559 3733 recuperentur.

414 3755 585 3840 Exposita,
607 3755 708 3843 igitur
740 3755 866 3820 aedium
899 3755 1032 3820 fortuna
1063 3777 1236 3838 earumque
1266 3754 1432 3820 fabrorum
1461 3777 1559 3840 opera

321 3861 363 3926 ad
389 3868 557 3946 parentum
581 3885 673 3927 ouras
696 3865 826 3945 transit,
855 3862 973 3946 quibus
997 3866 1034 3925 ut
1057 3862 1106 3926 illi
1130 3862 1224 3926 aedes
1247 3863 1294 3927 sio
1316 3862 1352 3925 hi
1374 3862 1460 3926 filios
1484 3884 1559 3926 suos
1573 3889 1599 3928 so

320 3971 434 4035 colunt
457 3975 490 4034 et
512 3970 690 4054 expoliunt.

413 4077 454 4140 37
501 4077 590 4142 Haec
613 4075 797 4161 oryummta
820 4097 872 4159 epo
895 4077 1052 4158 aedificiis
1074 4077 1160 4152 diam
1183 4096 1268 4140 mum
1290 4077 1384 4140 ettam
1406 4076 1472 4140 coto

501 4183 615 4249 Dicere
636 4183 776 4249 homines
798 4186 923 4249 aedium
949 4203 1012 4248 esse
1033 4189 1069 4247 ut
1089 4182 1208 4248 similes
1231 4182 1436 4246 arbitremini.

197 4365 198 4368 Ἴ
356 4351 358 4360 ⁴
645 4291 870 4358 Primumdum
887 4296 1037 4374 peremtas
1056 4289 1144 4371 fabri
1166 4290 1296 4354 liberum
1319 4296 1400 4368 suat,
1492 4291 1500 4304 ⁴

267 4413 305 4468 10
411 4397 455 4462 40
643 4398 688 4463 Et
708 4399 950 4480 fundumentum
972 4398 1154 4463 mbstmuat
1176 4396 1351 4474 liberorum,

198 4499 199 4536 f
643 4505 815 4584 Entellum,
833 4511 957 4587 perum
978 4505 1083 4570 sedulo
1106 4507 1142 4569 m
1164 4505 1354 4587 firmitatem,

197 4541 200 4692 l
642 4613 687 4676 Er
709 4614 745 4676 ia
767 4631 859 4676 meam
881 4616 917 4676 ut
938 4611 1011 4676 bom
1033 4613 1098 4676 siat
1120 4617 1149 4676 et
1169 4614 1206 4676 ia
1228 4613 1358 4693 speciem
1375 4609 1501 4691 populo.

749 4719 878 4800 Sibiqme
899 4724 955 4782 aut
977 4719 1128 4782 mutatae
1150 4723 1322 4800 aeporcuat

752 4826 818 4890 Nec
839 4830 981 4907 sumptus
1003 4825 1064 4889 sabi
1086 4830 1211 4906 sumptu
1234 4845 1297 4888 esse
1319 4825 1442 4887 ducum.
