3967 5725
614 630 664 679 nn
681 629 919 680 EMENDANDIS
939 629 1096 680 CATULLI
1115 629 1344 681 CARMINIBUS.
1524 627 1589 694 241

356 789 497 870 Riesius‚
525 788 737 874 Schmidtius,
768 811 810 855 ne
837 789 1051 854 Baehrensius
1079 789 1209 874 quidem
1237 791 1331 856 mssa
1357 791 1509 877 probarit
1536 793 1590 858 sed

356 897 564 963 coniectando
592 918 652 982 pro
680 918 769 962 more
795 897 913 962 mirum
940 896 974 960 in
1002 896 1133 961 modum
1160 896 1357 976 luxuriatum
1384 897 1479 964 duest
1506 898 1592 982 quod

355 1027 456 1069 unum
477 1003 577 1069 habet
599 1005 732 1068 testium
754 1003 852 1069 fidem
874 1004 910 1068 in
928 1001 1049 1068 camni
1067 1003 1246 1089 Hauptiani
1266 1003 1407 1070 editione
1426 1009 1540 1089 quarta
1559 1010 1592 1071 et

357 1111 470 1196 quinta
496 1111 684 1176 restitutum
711 1115 775 1195 est,
801 1110 950 1195 idemque
978 1130 1051 1175 oum
1075 1109 1210 1175 Ellisius
1238 1114 1308 1176 tum
1332 1110 1500 1178 Schulzius
1528 1135 1591 1177 ser-

355 1222 480 1283 varunt
522 1217 626 1296 Quam
652 1217 755 1304 igitur
781 1218 816 1282 in
843 1217 906 1284 hoo
933 1217 1079 1283 dissensu
1107 1216 1276 1284 doctorum
1299 1220 1491 1284 sententiam
1514 1219 1591 1284 dici-

355 1325 449 1390 mus?
485 1323 571 1390 Nam
594 1325 651 1409 qui
674 1324 832 1390 curiosius
854 1324 938 1388 hanc
960 1324 1053 1389 litem
1076 1324 1298 1391 ratiocinando
1317 1326 1514 1410 discusserit,
1537 1347 1590 1390 ne-

319 1432 474 1497 8minem
501 1431 655 1513 vidimus,
687 1431 744 1496 sed
771 1432 922 1497 videntur
947 1433 1052 1518 magis
1080 1433 1218 1496 alterum
1245 1435 1369 1516 utrum,
1395 1436 1433 1498 ut
1458 1432 1591 1515 libebat,

355 1537 494 1623 amplexi
521 1561 599 1604 esse.
636 1538 706 1604 Nos
734 1543 772 1602 ut
793 1560 854 1623 pro
878 1542 965 1605 certo
989 1537 1187 1604 affirmemus
1209 1560 1277 1604 non
1299 1559 1394 1624 posse
1417 1539 1481 1604 nisi
1504 1539 1591 1624 quod

353 1645 512 1711 librorum
540 1647 714 1711 memoriae
741 1649 909 1731 acceptum
936 1645 1040 1710 fertur
1066 1645 1211 1730 probari,
1239 1644 1364 1711 duobus
1392 1647 1590 1734 argumentis

353 1774 530 1837 moremur,
548 1773 613 1818 uno
633 1753 710 1836 quia
727 1752 833 1816 ventis
851 1751 1001 1817 concredi
1018 1772 1086 1816 non
1104 1755 1179 1836 apte
1198 1752 1321 1818 dicetur
1339 1753 1402 1819 nisi
1422 1754 1479 1838 qui
1497 1754 1591 1820 classi
1605 1784 1631 1826 ιο

353 1859 385 1925 h.
408 1881 434 1924 e.
461 1859 537 1924 navi
564 1859 678 1925 urbem
705 1859 874 1942 relinquit,
901 1858 991 1924 velut
1018 1857 1169 1924 Tibullus
1197 1859 1311 1925 scribit
1332 1878 1345 1924 1
1366 1859 1592 1944 wopam

352 1972 452 2032 rotem
478 1967 578 2032 emtis
604 1967 724 2032 οναόονο
751 1967 841 2031 docto
865 1966 976 2048 Tyros,
1004 1987 1042 2031 ao
1070 1965 1109 2030 de
1136 1987 1214 2032 voce
1241 1965 1394 2051 vocisque
1422 1967 1526 2032 forma
1549 1989 1591 2032 ne

354 2073 490 2156 dubites,
513 2071 670 2158 Catullus,
694 2073 750 2158 qui
768 2097 798 2138 v.
817 2071 861 2137 53
880 2072 1003 2137 Theseo
1021 2072 1111 2138 celeri
1129 2092 1198 2138 cum
1217 2073 1314 2138 classe
1331 2075 1483 2140 cedentem
1502 2073 1591 2155 dicit,

354 2201 380 2245 c.
399 2197 484 2243 nxvl
502 2181 545 2245 46
568 2183 712 2246 ιἰιοινόαε
733 2179 841 2264 inquit
857 2199 919 2263 per
940 2179 1079 2244 medium
1102 2179 1197 2244 classi
1219 2180 1356 2246 borbore
1373 2183 1464 2246 νοοίλ
1483 2181 1590 2246 Athon

355 2285 680 2374 (cf.Aen.vn111);
706 2287 844 2352 alterum
866 2286 930 2353 hoc
953 2290 1003 2352 est
1025 2289 1253 2372 argumentum
1277 2286 1364 2371 quod
1386 2287 1419 2353 in
1442 2287 1505 2353 hoc
1528 2309 1592 2354 ser·

353 2415 449 2460 mone
479 2415 543 2478 quo
565 2393 695 2481 Aegeus
717 2398 810 2478 pater
832 2394 936 2459 lilium
959 2392 1098 2458 Athenis
1122 2393 1163 2458 ad
1185 2395 1402 2478 periculosum
1425 2395 1591 2478 inceptum

354 2500 613 2585 proficiscentem
635 2501 786 2585 dimittit,
814 2500 1016 2566 Athenarum
1039 2501 1116 2566 urbs
1139 2499 1194 2564 rix
1217 2501 1361 2584 potuisse
1384 2502 1512 2587 plenius
1535 2506 1591 2568 aut

353 2607 522 2696 pulchrius
545 2608 708 2695 designari
731 2607 858 2672 videtur
880 2629 976 2691 quam
994 2607 1102 2673 verbis
1121 2611 1244 2674 moenio
1263 2609 1361 2688 dicae,
1385 2613 1417 2673 et
1436 2610 1464 2674 si
1482 2613 1591 2674 tamen

354 2715 446 2780 dicae
479 2715 646 2801 epitheton
677 2714 858 2780 addendum
886 2718 968 2796 erat,
1005 2714 1169 2780 definitius
1201 2715 1363 2798 quoddam
1395 2716 1505 2801 potius
1539 2738 1591 2782 ex-

354 2822 493 2907 spectari
533 2843 630 2907 quam
666 2828 786 2908 οοῶοι,
828 2843 1023 2906 quamquam
1060 2843 1126 2887 non
1163 2821 1349 2909 ignoramus
1384 2821 1589 2909 Propertium
1604 2854 1632 2897 ‚a

353 2928 409 3016 (111
427 2928 480 3009 20,
500 2927 534 3017 Ἰ)
557 2936 661 2996 cosme
678 2929 830 3016 Palladis
850 2935 934 2994 ortes
956 2928 1082 2994 dixisse.
1120 2928 1234 2995 Graeci
1251 2933 1365 3015 poetae
1385 2952 1458 2995 eum
1476 2930 1590 2995 urbem
1706 2999 1711 3009 ,

352 3038 518 3122 appellant
540 3038 586 3102 ita
608 3039 795 3121 loquuntur,
817 3035 997 3121 Aeschylus
1017 3036 1117 3121 (Pers.
1136 3032 1217 3123 345)
1238 3035 1314 3102 θεοὶ
1333 3040 1433 3103 πόλιν
1452 3034 1590 3126 σῴζουσι

354 3145 533 3221 Παλλάδος
550 3151 646 3223 θεῶς;
666 3142 843 3229 Sophocles
863 3142 989 3231 (Oedip.
1010 3140 1120 3208 Coton.
1140 3140 1218 3229 107)
1237 3139 1263 3209 ὦ
1282 3147 1437 3228 μεγίστης
1456 3146 1591 3209 Παλλά-

353 3252 411 3328 δος
429 3251 633 3336 καλούμεναι
650 3262 767 3317 πασῶν
780 3248 919 3335 Ἀθῆναι
936 3250 1114 3336 τιμιωτάτη
1133 3252 1242 3329 πόλις;
1265 3250 1437 3335 Euripides
1456 3248 1538 3338 (Ion.
1554 3251 1589 3337 8)

354 3361 444 3424 ἔστιν
466 3359 529 3443 γὰρ
549 3358 611 3423 ούιι
629 3360 754 3442 ἄσημος
768 3357 938 3442 Ἑλλήνων
955 3359 1063 3440 πόλις,
1086 3366 1143 3441 τῆς
1162 3360 1391 3442 χρυσολόγχου
1411 3358 1590 3435 Παλλάδος

352 3464 548 3549 κεκλημένη,
575 3488 687 3532 verum
716 3465 835 3531 ibidem
862 3465 1059 3549 paulopost
1083 3486 1157 3529 cum
1181 3463 1376 3529 Mercurium
1399 3464 1519 3549 Apollo
1544 3465 1591 3530 ita

353 3572 513 3637 allocutus
542 3572 671 3655 dicitur,
703 3595 731 3636 r.
756 3571 799 3635 29
832 3567 859 3636 ὦ
887 3568 1040 3655 σύγγον’,
1071 3568 1182 3635 ἐλθὼν
1210 3571 1292 3636 λαὸν
1324 3572 1370 3648 εἰς
1398 3571 1590 3657 αὐτόχθονα

352 3684 495 3744 κλεινῶν
507 3676 672 3763 Ἀθηνῶν·
691 3671 794 3744 οἶσθα
812 3680 874 3762 γὰρ
893 3685 975 3755 θεᾶς
989 3680 1100 3760 πόλιν,
1119 3680 1252 3761 apparet
1264 3678 1299 3741 in
1313 3677 1374 3742 hac
1387 3676 1589 3743 Athenarum

352 3785 570 3870 appellatione
593 3786 672 3850 satis
695 3785 796 3850 fnisse
820 3785 910 3849 deam
934 3784 998 3849 dici
1021 3784 1111 3849 nullo
1136 3782 1260 3847 adiecto
1285 3783 1481 3870 epithet0*);
1505 3806 1590 3849 cum-

352 3914 416 3976 que
443 3915 482 3957 ex
505 3892 724 3977 Aristophane
751 3892 962 3978 percipiatur,
988 3890 1203 3956 Athenienses
1231 3890 1329 3975 vulgo
1354 3889 1393 3953 de
1415 3911 1504 3956 more
1527 3892 1589 3975 τὴν
1604 3924 1630 3964 ης

352 3999 437 4064 θεὸν
460 3998 564 4065 dicere
587 3999 701 4064 solitos
725 4020 798 4064 eum
820 3996 967 4083 Ἀθηνᾶν
989 3996 1130 4083 intelligi
1152 3996 1285 4079 vellent,
1307 3997 1410 4081 velut,
1432 4000 1470 4060 ut
1488 4018 1590 4081 pauca

352 4104 494 4189 exempli
516 4127 613 4171 causa
635 4106 815 4191 afferamus,
837 4104 948 4189 nquit.
968 4104 1034 4179 656
1059 4102 1235 4189 εὐαγγέλια
1253 4104 1354 4170 θύειν
1372 4101 1490 4168 ἑκατὸν
1507 4104 1589 4185 βοῦς

352 4222 393 4298 τῇ
416 4218 496 4300 θεῷ;
519 4212 585 4276 446
610 4211 646 4278 ἐκ
667 4224 735 4278 τῶν
758 4211 938 4297 ἀλιτηρίων
961 4210 1000 4277 σέ
1021 4235 1107 4295 φημι
1130 4208 1304 4295 γεγονέναι
1327 4221 1395 4274 τῶν
1413 4218 1471 4293 της
1489 4216 1589 4290 θεούς

353 4320 419 4384 903
442 4320 463 4404 ἡ
487 4321 550 4404 γὰρ
578 4321 660 4396 θεός
687 4318 717 4403 μ’
747 4316 898 4384 ἐκέλευσε
921 4322 1059 4402 νικῆσαί
1079 4316 1108 4383 ό
1135 4318 1355 4398 ἀλαζονείαις,
1383 4316 1447 4381 iam
1471 4316 1519 4380 sic
1541 4338 1588 4381 ra·

352 4426 476 4491 tionem
499 4425 730 4510 concludimus,
753 4446 835 4509 quae
856 4424 932 4489 libri
953 4423 1115 4489 Catullum
1135 4424 1298 4508 scripsisse
1317 4427 1477 4487 testantur
1495 4424 1590 4490 cassi

352 4554 424 4599 οανι
446 4535 571 4599 amenio
593 4534 685 4598 όίνοο
706 4533 911 4615 limaeam
932 4537 1064 4615 γαοίανν
1088 4532 1186 4597 acatis
1208 4531 1396 4596 οονιονοόονοί
1413 4531 1534 4614 Aegeus
1557 4533 1590 4595 et

443 4709 508 4778 ’29)
527 4708 621 4780 [Plato
635 4708 702 4779 Leg.
717 4727 728 4761 1
742 4726 769 4776 p.
785 4712 814 4773 3,
830 4712 864 4761 25
879 4707 957 4761 Schz.
978 4698 1011 4761 Ὠ
1034 4704 1094 4771 ξένε
1117 4703 1258 4776 Ἀθηναῖε·
1283 4706 1317 4759 ού
1340 4705 1392 4776 γάρ
1417 4722 1447 4761 σε
1470 4703 1588 4761 Ἀττικὸν

353 4794 481 4867 ἐθέλοιμ’
511 4795 548 4853 dv
575 4797 806 4868 προσαγορεύεινΙ
834 4800 929 4858 δοκεῖς
956 4795 1010 4866 γάρ
1038 4815 1086 4865 μοι
1108 4802 1167 4865 τῆς
1189 4799 1274 4850 θεοῦ
1293 4793 1489 4865 ἐπωνυμίας
1511 4795 1590 4860 ἄξιος

352 4882 431 4944 εἶναι
448 4890 553 4957 μᾶλλον
573 4886 819 4957 ἐπονομάζεσθαι]

409 4986 536 5028 Vahleni
549 4986 660 5035 opuscula
673 4987 705 5027 Π.
1341 4978 1372 5025 16
