3967 5725
743 643 792 692 DE
810 641 993 693 EURIPIDIS
1011 641 1192 693 naucum,

517 802 620 881 ξύλον
641 806 753 869 καθίει
778 803 949 885 δαίδαλον,
973 803 1081 886 ψευδῆ
1105 804 1211 867 δόσιν.

518 910 573 976 σοὶ
596 910 633 976 δ’
655 910 698 993 ἢν
720 907 837 995 ε’περσε
860 922 931 986 τοῖς
954 907 1127 993 ἑκηβόλοις
1149 905 1230 974 ποτὲ

517 1016 642 1095 τόξοισι
666 1018 789 1083 δώσειν
814 1018 975 1101 Οἰχαλίαν
997 1016 1158 1100 ὑπέσχετο

301 1159 338 1213 17
358 1126 392 1190 in
416 1126 533 1209 quibus
553 1124 750 1209 explicandis
770 1124 846 1188 olim
865 1122 1031 1208 Hauptius
1049 1122 1228 1188 elaboravit
1246 1121 1466 1207 disputatione
1484 1121 1589 1185 bonae

355 1231 460 1317 frugis
483 1231 579 1316 plena
597 1254 624 1295 a.
641 1230 728 1295 1864
751 1230 847 1314 edita,
869 1230 1008 1313 repetita
1030 1230 1065 1293 in
1093 1228 1323 1314 opusculorum
1350 1228 1514 1294 volumine
1542 1249 1590 1291 se

355 1339 469 1404 cundo.
520 1336 609 1402 Haec
636 1360 712 1403 vero
740 1337 908 1421 Euripidis
936 1338 1008 1421 quis
1037 1338 1093 1420 qui
1121 1359 1194 1401 cum
1223 1358 1299 1401 cura
1327 1335 1501 1402 attenderit
1522 1356 1589 1399 nou

355 1446 579 1510 reminiscatur
617 1448 787 1529 poetarum
827 1444 1136 1527 Alexandrinorum,
1172 1442 1350 1528 Theocriti,
1392 1441 1590 1524 Callimachi,

306 1570 310 1603 1
356 1556 483 1636 praeter
506 1555 638 1635 caterua,
662 1573 800 1635 quorum
823 1573 939 1637 magna
961 1573 1037 1635 pars
1061 1555 1111 1615 cst
1134 1551 1168 1613 iu
1190 1550 1254 1616 hoo
1277 1571 1393 1636 genere
1414 1553 1453 1614 ut
1475 1571 1587 1614 eorum

355 1660 523 1744 proprium
547 1681 615 1724 esse
639 1659 751 1723 multis
774 1658 928 1722 videatur.
970 1656 1010 1721 In
1027 1661 1138 1722 nostra
1157 1661 1264 1721 autern
1283 1656 1395 1722 fabula
1412 1678 1478 1722 non
1498 1676 1589 1720 secus

354 1766 511 1831 Hercules
535 1766 604 1851 ipse
627 1788 667 1830 ex
690 1764 773 1830 Orco
796 1786 943 1829 reversus
967 1787 1038 1829 cum
1062 1764 1173 1829 liberis
1197 1766 1264 1829 suis
1288 1764 1372 1828 ludit
1399 1762 1588 1829 amabiliter.
1604 1786 1631 1827 ιο

356 1872 458 1949 Quem
488 1872 545 1937 ubi
576 1873 803 1938 adventantem
834 1872 965 1957 Megara
996 1893 1068 1935 cum
1101 1871 1168 1935 suis
1199 1872 1338 1954 aspexit,
1368 1892 1485 1955 pueros
1514 1869 1590 1933 ilico

354 1981 493 2045 iusserat

376 2122 379 2135 ·
404 2085 471 2151 520
516 2085 623 2171 δεῦρ’,
647 2083 673 2151 ὦ
697 2084 791 2161 τέκν’,
815 2084 1039 2171 ἐκκρίμνασθε
1061 2082 1222 2174 πατρῴων
1240 2083 1385 2169 πέπλων,

518 2190 553 2258 ἴτ’
581 2192 756 2276 ἐγκονεῖτε,
778 2193 822 2277 μὴ
845 2190 978 2277 μεθῆτ’,
1001 2189 1071 2257 ἐπεὶ
1095 2193 1180 2269 Διὸς

517 2304 677 2383 Σωτῆρος
700 2299 782 2383 ὑμῖν
805 2297 907 2364 οὐδέν
930 2297 1001 2364 ἐσθ’
1031 2297 1081 2364 ὅδ’
1108 2299 1246 2380 ὕστερος

355 2407 407 2471 oui
430 2407 533 2471 iussui
557 2407 583 2469 si
607 2428 673 2470 non
697 2408 820 2491 statim,
849 2405 935 2490 quod
958 2405 1029 2469 fieri
1051 2428 1118 2471 uon
1145 2409 1287 2489 poterat,
1315 2405 1371 2470 sed
1398 2408 1505 2470 tamen
1534 2404 1589 2468 ob·

354 2518 549 2597 temperasse
582 2535 636 2577 eos
670 2513 757 2579 credi
789 2516 931 2597 oportet,
965 2534 1046 2597 quos
1079 2513 1176 2597 paulo
1209 2516 1285 2597 post
1314 2512 1457 2579 videmus
1488 2511 1591 2596 patris

354 2620 501 2685 vestibus
520 2622 656 2705 arreptis
675 2620 704 2684 ei
724 2620 985 2684 adhaerescentes
1005 2624 1098 2684 stare.
1136 2618 1242 2695 Quare
1260 2617 1416 2684 Hercules
1435 2641 1455 2682 a
1472 2642 1502 2683 τ.
1523 2618 1589 2682 622

517 2724 582 2791 ἀλλ’
611 2718 656 2791 εἷ’
680 2724 854 2812 ὁμαρτεῖτ’,
878 2722 903 2790 ὦ
927 2724 1028 2809 τέκν’,
1050 2724 1084 2802 ἐς
1108 2727 1231 2810 δόμους
1254 2728 1365 2810 πατρί·

457 2912 459 2916 .
515 2832 687 2911 καλλίονές
710 2829 781 2918 τᾶρ’
809 2834 934 2898 εἴσοδοι
958 2843 1026 2899 τῶν
1050 2831 1175 2911 ἐξόδων
1604 2858 1631 2898 ro

454 2941 457 2945 ’
516 2941 670 3026 πάρεισιν
693 2941 782 3022 ὑμῖν.
829 2940 913 3006 άλλά
935 2942 1065 3023 θάρσος
1089 2947 1194 3025 ἴσχετε

405 3047 470 3112 625
519 3049 573 3113 nul
598 3046 722 3132 νάματ’
744 3049 855 3112 ὄσσων
877 3046 984 3132 μηκέτ’
1007 3047 1161 3126 ἐξανίετε·

516 3156 559 3220 σύ
581 3151 619 3238 τ’,
643 3151 668 3219 ὦ
692 3156 792 3238 γύναι
816 3177 884 3240 μοι,
908 3155 1075 3238 σύλλογον
1097 3164 1205 3239 ψυχῆς
1228 3150 1308 3238 λαβὲ

518 3264 643 3345 τρόμου
665 3285 700 3326 τε
723 3271 861 3327 παῦσαι·
885 3260 940 3327 καὶ
964 3260 1106 3346 μέθεσθ’
1134 3261 1222 3347 ἐμῶν
1244 3260 1392 3327 πέπλων·

517 3369 557 3433 οὐ
581 3370 643 3451 γάρ
667 3370 833 3452 πτερωτὸς
857 3365 936 3434 οὐδὲ
960 3368 1101 3453 φευξείω
1126 3374 1255 3452 φίλους.

520 3471 550 3556 ‘lb

519 3581 581 3647 οἵδ’
610 3583 671 3647 οὐκ
695 3581 809 3667 άφιᾶσ’
838 3580 907 3646 ἀλλ’
938 3581 1139 3646 ἀνάπτονται
1163 3581 1298 3647 πέπλων

406 3690 472 3755 630
518 3690 640 3755 τοσῶδε
663 3693 805 3774 μᾶλλον
829 3683 887 3752 ὧδ’
915 3685 998 3772 ἔβητ’
1027 3686 1081 3753 ἐπὶ
1105 3688 1220 3773 ξυροῦ,

517 3793 583 3872 άξω
607 3797 720 3880 λαβών
744 3820 781 3878 γε
803 3793 918 3860 τούσδ’
947 3795 1127 3878 ἐφολκίδας
1149 3807 1276 3881 χεροῖν,

516 3902 694 3979 ναῦςδ
683 3905 727 3980 ὼς
750 3901 890 3987 ἐφέλξω·
913 3900 968 3967 καὶ
992 3905 1055 3987 γάρ
1080 3903 1141 3968 οὐκ
1165 3902 1343 3988 ἀναίνομαι
1498 3942 1500 3946 -
1604 3926 1631 3965 so

517 4010 713 4095 θεράπευμα
737 4009 871 4075 τέκνων.
917 4009 1028 4074 πάντα·
1048 4007 1259 4094 τάνθρώπων
1284 4016 1351 4075 ίσα·

518 4122 656 4202 φιλοῦσι
679 4118 800 4194 παῖδας
824 4117 859 4182 οί
879 4115 906 4180 τ’
931 4115 1105 4201 άμειύονες
1127 4119 1259 4203 βροτῶν

406 4224 471 4288 635
517 4225 552 4288 oi
571 4222 601 4289 τ’
629 4221 730 4289 οὐδέν
754 4225 859 4300 ὄντες·
883 4225 1050 4308 χρήμασιν
1073 4219 1110 4288 δέ
1133 4225 1303 4307 διάφοροι,
1413 4235 1416 4242 “

516 4327 662 4415 έχουσιν,
686 4334 721 4396 οἳ
742 4329 771 4396 δ’
799 4332 853 4396 οὔ·
877 4339 945 4396 πᾶν
968 4327 1006 4395 δὲ
1029 4334 1228 4413 φιλότεκνον
1252 4329 1356 4412 γένος.

354 4437 444 4502 Haec
472 4442 504 4502 et
530 4461 588 4502 sua
609 4441 778 4502 venustate
802 4439 930 4521 placent
953 4442 986 4503 ct
1009 4438 1043 4501 in
1066 4438 1107 4502 iis
1131 4439 1188 4521 qui
1210 4437 1289 4502 haec
1312 4439 1498 4522 aspexerint
1522 4461 1589 4503 nou

354 4549 492 4629 possunt
510 4565 576 4608 non
594 4566 723 4609 movere
742 4548 774 4608 et
792 4567 909 4631 augere
928 4541 1023 4609 ε’λεον
1041 4543 1097 4610 καὶ
1117 4545 1226 4629 φόβου
1243 4548 1313 4613 tum
1332 4567 1406 4610 cum
1424 4549 1516 4629 pater
1528 4545 1591 4608 boa

354 4673 473 4736 pueros
494 4652 686 4734 quibuscum
704 4673 791 4717 nunc
809 4653 934 4716 iocatur
953 4652 1173 4717 amantissime
1191 4652 1317 4716 insania
1336 4655 1500 4735 correptus
1517 4673 1590 4735 pro-

353 4762 446 4841 perat
459 4759 709 4843 pcssumdatum.
734 4756 797 4823 Sed
812 4758 850 4850 de
863 4781 958 4822 versu
974 4759 1039 4822 633
1054 4759 1100 4822 ita
1118 4759 1186 4844 egit
1194 4758 1472 4840 Wilamowitzius‚
1485 4760 1523 4820 ut
1536 4779 1591 4840 ap·

354 4868 466 4949 pareat
479 4864 672 4961 nequehaec
686 4874 768 4949 quae
782 4866 956 4951 vulgantur
969 4887 1073 4949 neque
1089 4888 1170 4948 quae
1179 4863 1360 4950 temptabat
1369 4862 1425 4927 sed
1432 4865 1593 4944 temptata
