3967 5725
464 644 714 696 ΔΘΕΤΟΥΜΕΝΑ
731 645 772 695 ΙΝ
790 643 985 694 CICERONIS
1004 641 1161 695 SCRIPTIS
1182 643 1432 697 PHILOSOPHIS.
1500 640 1565 705 353

332 807 418 890 quod
434 806 485 871 edi
503 806 607 889 possit
625 809 657 871 et
676 805 768 871 sidia
785 806 893 890 placet
907 804 1091 869 conniventi
1105 805 1245 889 probari,
1264 826 1331 870 rem
1345 804 1472 871 futilem
1486 809 1567 870 tam-

332 937 429 998 quam
448 916 565 977 certam
585 914 761 999 vulgarunt
778 913 872 997 eique
891 910 1110 996 quodfalsum
1125 914 1193 977 erat
1208 912 1346 996 speciem
1360 913 1506 977 veritatis
1520 913 1567 978 in-

331 1021 477 1086 duerunt.
506 1019 634 1096 Quanto
658 1021 880 1105 praestitisset,
904 1041 985 1103 quae
1009 1024 1096 1084 certe
1114 1019 1335 1085 emendatione
1353 1020 1481 1084 restitui
1499 1043 1572 1086 non.

236 1120 239 1124 ’
331 1131 480 1212 poterant
498 1128 621 1192 intaeta
638 1126 819 1212 relinquere
838 1131 870 1191 et
888 1129 981 1211 quasi
1000 1127 1186 1191 morbosum
1204 1126 1238 1190 in
1252 1126 1383 1210 publico
1398 1149 1566 1212 exponere,

297 1236 299 1239 ’
332 1237 368 1298 nt
386 1235 660 1318 praetereuntium
679 1234 931 1300 misericordiam
950 1236 1094 1299 moveret
1113 1237 1145 1298 et
1163 1233 1299 1298 fortasse
1313 1233 1454 1300 medelae
1467 1233 1566 1319 parti-

332 1363 408 1426 ceps
431 1342 530 1406 fieret.
1575 1389 1577 1394 -

421 1447 492 1513 Nos
516 1449 591 1513 dum
616 1448 871 1532 contemplamur
893 1448 974 1514 illud
997 1450 1104 1532 ipsum
1128 1448 1243 1513 ibidem
1265 1448 1349 1532 quod
1370 1452 1435 1513 tam
1455 1449 1566 1514 multis

331 1555 503 1620 offensioni
525 1555 597 1639 fuit,
621 1559 654 1621 et
676 1557 774 1621 simul
796 1555 990 1620 attendimus
1009 1577 1075 1620 non
1093 1556 1188 1639 plene
1207 1554 1391 1622 satisfacere
1410 1551 1480 1621 eam
1499 1578 1567 1621 ora-

332 1662 431 1726 tionis
454 1661 592 1727 formem
616 1685 680 1746 qua
701 1685 789 1728 mors
813 1663 933 1728 dicitur
953 1682 1022 1727 esse
1042 1661 1124 1727 nihil
1143 1662 1300 1727 sentiendi
1319 1662 1567 1748 receptaculum,

331 1769 406 1832 inde
432 1773 510 1833 nata
537 1774 587 1834 est
610 1771 722 1854 opinio
745 1793 812 1836 non
835 1771 1053 1835 additamento
1077 1772 1203 1833 auctum
1227 1791 1286 1836 nec
1308 1770 1389 1835 vitio
1413 1767 1565 1835 infectam
1581 1792 1607 1833 ro

331 1897 402 1940 esse
424 1875 480 1939 sed
499 1875 625 1940 defectu
646 1875 793 1942 laborare
812 1879 1001 1960 orationem,
1025 1879 1058 1940 et
1076 1897 1188 1941 vocem
1207 1897 1304 1942 unam
1324 1877 1441 1942 duasve
1460 1898 1567 1943 errore

334 1983 527 2068 interceptas
550 2005 629 2066 esse,
656 1982 840 2048 Ciceronem
864 1987 971 2048 autem
995 1984 1162 2067 scripsisse

467 2090 584 2156 Portus
606 2091 690 2154 enim
706 2097 833 2172 promto
856 2096 907 2170 est,
930 2092 1078 2172 wentam
1103 2111 1186 2156 mors
1205 2090 1275 2175 [ubi
1295 2090 1367 2174 estl,
1390 2089 1504 2155 ibidem
1524 2096 1568 2155 est

467 2203 625 2262 adenem
648 2197 731 2262 nibil
752 2198 907 2264 seniendi
928 2197 1161 2280 receptaculum.

333 2301 388 2369 Sic
411 2307 443 2368 et
465 2304 579 2370 ibidem
602 2304 701 2369 habet
725 2326 788 2388 quo
811 2305 977 2387 referatur,
1001 2308 1034 2368 et
1057 2307 1141 2370 recte
1166 2304 1283 2370 dicitur
1306 2326 1372 2369 non
1393 2325 1479 2369 mors
1499 2326 1568 2369 esse

332 2413 568 2496 receptaculum
591 2411 647 2477 sed
670 2413 726 2477 ubi
749 2433 838 2476 mors
862 2413 904 2476 sit
922 2411 1041 2476 ibidem
1060 2431 1129 2477 esse
1148 2410 1230 2476 nihil
1249 2410 1407 2476 sentiendi
1426 2415 1569 2496 recepte·

293 2573 302 2585 Ἰ
335 2519 452 2583 culum.
487 2517 589 2584 Porro
612 2520 667 2584 obi
689 2526 733 2585 ert
755 2541 851 2604 quam
874 2519 938 2583 levi
962 2541 1069 2584 errore
1093 2522 1166 2583 ante
1189 2518 1304 2583 ebidem
1328 2518 1497 2592 scribentis
1521 2518 1568 2582 iu-

332 2625 422 2688 curia
443 2626 621 2710 neglexerit
645 2627 679 2690 in
702 2622 814 2711 aperto
839 2629 896 2712 est,
919 2630 951 2691 et
975 2627 1128 2710 quoniam
1152 2645 1233 2709 quse
1257 2625 1342 2690 facta
1366 2630 1442 2689 sunt
1466 2624 1567 2690 oredi-

333 2731 398 2796 bile
425 2732 463 2795 fit
489 2733 560 2797 fieri
587 2724 695 2817 posse,
723 2733 887 2798 efferimus
913 2755 974 2818 pro
1002 2732 1105 2798 Balbo
1131 2733 1187 2819 14,
1206 2732 1249 2796 32
1277 2731 1359 2814 qood
1383 2734 1412 2798 si
1435 2735 1568 2815 exceptio

331 2839 410 2920 feeit
429 2859 468 2904 ee
486 2839 584 2919 liceat,
606 2840 670 2906 ubi
688 2840 769 2925 [non
788 2841 831 2906 sit
849 2845 1028 2927 exceptum,
1046 2839 1120 2925 ibi]
1140 2859 1257 2909 neeesse
1275 2846 1319 2907 est
1336 2840 1426 2905 licere
1443 2839 1567 2925 pridem
1583 2862 1610 2903 ro

254 2982 257 2985 ⁴
278 2960 319 3017 20
333 2946 483 3010 restituta
515 2968 583 3011 esse
615 2969 696 3031 quae
729 2948 828 3013 simili
860 2971 965 3015 errore
998 2949 1220 3033 praetermissa
1253 2952 1352 3013 erant.
1398 2946 1568 3013 Postremo

334 3053 420 3136 quod
447 3055 493 3118 ite
521 3053 666 3138 loquitur
687 3076 771 3121 mors
792 3057 856 3120 ebe'
879 3062 923 3121 est
944 3056 1082 3121 ibidem
1105 3061 1150 3121 est
1170 3076 1201 3119 e.
1225 3075 1249 3121 s.
1272 3055 1508 3137 reeeptaeuleee,
1532 3059 1569 3119 ut

333 3160 513 3224 sententiae
531 3161 674 3245 apprime
694 3162 886 3227 conveniens
905 3165 963 3246 est,
982 3162 1029 3227 ite
1046 3184 1107 3225 usu
1127 3160 1252 3227 dicendi
1271 3160 1420 3225 Tulliano
1440 3162 1569 3246 egregie

334 3266 552 3332 confirmatur.
589 3267 673 3333 Nam
692 3273 729 3332 ut
747 3267 882 3334 Plautus
902 3268 981 3333 dicit
999 3266 1141 3354 (Trucul.
1160 3285 1197 3332 lv
1210 3268 1242 3350 4,
1257 3267 1300 3331 32
1319 3265 1358 3332 cf.
1379 3264 1567 3341 Quintilian.

334 3391 357 3435 v
379 3374 433 3457 11,
452 3371 511 3458 41)
533 3375 588 3439 ubi
610 3377 718 3453 meld,
747 3376 862 3440 ebidem
885 3373 986 3462 (sunl)
1011 3394 1093 3456 opes,
1122 3374 1167 3438 ita
1191 3396 1285 3458 seepe
1308 3373 1419 3439 scribit
1443 3372 1568 3461 Cicer03

334 3478 374 3543 de
401 3502 435 3543 re
462 3480 593 3565 publica
620 3500 659 3545 111
678 3483 735 3567 31,
753 3483 796 3548 43
825 3504 895 3565 erpo
922 3482 976 3546 ebe·
1004 3488 1160 3565 lyroreees
1187 3487 1242 3565 est,
1269 3481 1315 3547 e'be'
1337 3502 1401 3548 ece
1423 3482 1568 3548 ebusum

333 3588 390 3652 sed
411 3588 577 3654 dieendcm
599 3595 644 3654 est
659 3590 759 3671 plesse
779 3590 902 3654 eedem
924 3609 988 3654 esse
1009 3609 1075 3653 rem
1091 3588 1271 3669 publicem·
1295 3588 1333 3652 de
1351 3588 1405 3652 fin.
1420 3606 1443 3652 v
1458 3589 1511 3672 32,
1526 3586 1569 3654 95

332 3700 376 3776 ut,
398 3694 453 3759 ubi
474 3696 574 3761 obeo
595 3696 646 3775 sie,
668 3696 715 3763 dri
736 3717 800 3763 esse
821 3696 951 3762 miamin
972 3701 1002 3761 el
1019 3716 1172 3761 enorme
1190 3715 1254 3760 eon
1265 3697 1383 3777 possib
1407 3697 1441 3760 in
1462 3694 1561 3759 Pison

334 3800 388 3884 26,
402 3801 445 3865 62
462 3808 499 3865 ut
514 3802 569 3867 eti
586 3803 683 3868 boob
700 3824 764 3869 eon
777 3810 852 3882 eret
870 3803 917 3868 ebi
929 3802 1083 3885 brberplsi
1096 3822 1225 3867 oensem
1238 3802 1380 3883 aliquem
1394 3807 1569 3883 quaererem

335 3930 395 3992 pro
409 3907 521 3973 Milon
536 3909 588 3994 31,
606 3909 666 3973 101
687 3911 817 3976 exilium
835 3910 881 3975 ibi
899 3930 962 3976 esse
970 3916 1074 3992 putot
1092 3909 1147 3974 ubi
1160 3910 1268 3974 obedi
1281 3928 1344 3974 eoo
1357 3910 1399 3974 seb
1412 3908 1510 3985 locun·
1530 3907 1569 3972 de
1584 3930 1611 3971 so

335 4014 407 4101 lege
422 4037 524 4101 egrar.
539 4033 565 4078 11
579 4016 633 4099 33,
643 4018 683 4080 91
699 4018 754 4082 eei
766 4017 862 4083 honos
869 4018 992 4100 preblice
1005 4038 1069 4082 nere
1083 4022 1134 4095 est,
1148 4016 1194 4081 eei
1204 4015 1324 4099 plastice
1337 4015 1494 4098 cupiditas
1507 4036 1571 4081 esse

332 4142 398 4186 eon
410 4127 527 4203 potest·
546 4122 711 4208 multaque
730 4123 801 4207 alia,
820 4146 901 4208 quae
920 4124 1034 4189 afferre
1052 4123 1187 4209 longum
1203 4125 1259 4187 est.
1293 4120 1356 4187 Sed
1369 4121 1516 4193 addimus
1531 4121 1569 4185 de

333 4226 431 4293 domo
450 4228 508 4312 46,
529 4229 590 4293 121
611 4230 657 4295 sbi
674 4232 757 4296 enim
769 4234 873 4312 postis
890 4237 946 4314 est,
963 4231 1018 4295 eci
1036 4230 1143 4312 templi
1161 4229 1269 4294 aditos
1286 4234 1341 4312 est,
1364 4250 1429 4293 non
1449 4228 1512 4293 elie
1531 4227 1569 4293 de

332 4355 432 4399 cause
450 4357 546 4424 quam
564 4358 605 4400 ne
624 4338 676 4401 cui
695 4337 864 4402 offensioni
884 4335 927 4402 sit
944 4336 1063 4421 duplex
1076 4337 1167 4402 estin
1181 4337 1244 4400 ista
1259 4334 1404 4401 oratione
1419 4354 1502 4401 mors
1515 4336 1571 4401 eei

274 4516 279 4525 ,
332 4447 386 4524 ese,
403 4441 520 4506 ebidem
537 4449 588 4523 est,
608 4444 641 4507 id
660 4444 746 4527 quod
766 4444 793 4508 si
812 4444 894 4508 tanti
913 4444 956 4508 sit
975 4444 1073 4508 etiam
1091 4442 1238 4527 pluribus
1258 4442 1447 4508 confirmare
1465 4442 1569 4508 liceat.

423 4546 573 4613 Alterum
596 4550 777 4633 exemplum
801 4550 942 4633 petimus
965 4572 1005 4614 ex
1028 4550 1139 4615 eodem
1163 4550 1247 4614 libro
1275 4550 1324 4633 17,
1343 4546 1385 4613 51
1411 4548 1468 4613 ubi
1491 4548 1571 4617 hsec

333 4657 488 4741 leguntur
509 4655 544 4718 in
566 4655 714 4720 Muelleri
737 4657 912 4740 exemplari

474 4762 540 4842 Quo
566 4762 630 4827 boe
652 4783 778 4845 praere,
804 4784 900 4844 quom
927 4764 992 4827 eim
1019 4762 1131 4828 leobeet
1152 4762 1235 4828 libra
1258 4762 1316 4828 ela
1341 4761 1488 4843 Critobei,
1515 4766 1571 4846 qui

469 4888 540 4932 cum
562 4870 598 4933 ee
618 4870 751 4933 olterem
770 4870 889 4934 lancem
908 4871 1012 4934 enimi
1030 4871 1110 4936 beree
1127 4872 1277 4951 inponet,
1300 4872 1337 4934 ie
1355 4870 1488 4935 albeme
1506 4891 1571 4935 cor-

390 4981 519 5022 Vahleni
532 4983 644 5031 opuscula
657 4984 688 5022 11.
1321 4980 1354 5027 23
