3967 5725
596 579 845 632 ΑΘΕΤΟΥΜΕΝΑ
862 582 901 631 ΙΝ
922 580 1117 632 CICERONIS
1136 580 1390 632 ORATIONIBUS.
1548 577 1614 642 327

328 747 367 803 lu
377 743 466 807 ditas
499 742 669 828 detegendi
701 743 812 826 spuria
844 763 942 827 quam
974 741 1114 806 diximus
1146 741 1276 806 criticos
1308 745 1506 806 transversos
1540 742 1615 828 egit.

380 850 517 915 Homini
540 847 583 936 (6.
603 847 639 934 5)
663 848 855 933 proscripsit
873 846 1047 914 Muellerus
1071 847 1167 913 fidem
1190 848 1312 913 habens
1336 847 1476 933 Halmio,
1501 850 1557 934 qui
1579 853 1616 913 ut

380 954 542 1041 permulta
574 978 614 1020 ex
645 955 720 1022 hac.
734 957 940 1040 potissimum
968 957 1114 1020 oratione
1141 954 1348 1039 exstirpanda
1375 956 1466 1020 duxit
1495 952 1616 1043 (6161.

380 1062 485 1126 Turio.
503 1084 535 1145 p.
555 1060 670 1149 1101),
697 1062 744 1126 116
771 1061 834 1127 hoc
861 1083 990 1147 quoque
1017 1061 1179 1147 glossema
1207 1083 1277 1126 esse
1305 1061 1368 1127 sibi
1395 1061 1616 1148 Muelleroque

376 1171 549 1254 persuasit.
585 1167 697 1253 Atque
720 1169 754 1233 id
777 1169 907 1253 quidem
926 1171 1050 1233 certum
1070 1172 1127 1250 est,
1151 1167 1308 1252 quidquid
1326 1173 1438 1234 contra
1457 1168 1616 1252 dixerunt,

378 1276 501 1341 1666161
527 1278 594 1340 1616
620 1277 693 1341 1666
718 1277 765 1341 616
787 1275 872 1340 6616
895 1275 1142 1360 pronominibus
1166 1275 1332 1357 mihiipsi
1355 1276 1515 1340 adiectum
1538 1276 1616 1341 ferri

377 1404 446 1447 non
472 1405 577 1468 posse.
613 1381 702 1447 Infra
725 1380 768 1468 (6·
790 1381 846 1468 12)
868 1382 992 1447 bomini
1015 1386 1101 1448 recte
1124 1383 1232 1447 locum
1256 1405 1350 1447 suum
1375 1382 1523 1468 obtinet,
1541 1404 1616 1448 con-

375 1491 552 1555 trariorum
580 1491 705 1554 ratione
732 1488 945 1574 postulatum,
977 1489 1121 1554 homiui
1148 1489 1201 1554 uu
1226 1489 1383 1569 16666666,
1411 1510 1475 1554 uou
1500 1492 1615 1572 666661,

375 1597 529 1676 66666166,
556 1617 619 1662 usu
646 1597 819 1662 6666166166
837 1646 867 1659 ..
886 1597 1047 1678 16166161.
1085 1594 1148 1660 Sed
1175 1617 1215 1660 ex
1238 1617 1276 1661 eo
1299 1595 1372 1662 loco
1396 1617 1494 1682 supra
1516 1597 1614 1662 inser-

376 1707 450 1768 tum
477 1725 546 1768 esse
568 1703 689 1768 homiui
712 1701 863 1768 credibile
886 1725 952 1767 non
975 1707 1036 1787 est,
1065 1723 1147 1786 6666
1171 1703 1344 1778 6611611116
1368 1703 1479 1787 opinio
1503 1726 1614 1768 eorum
1629 1731 1656 1772 ro

315 1808 316 1811 ’
375 1811 533 1894 quicum
557 1832 685 1875 causam
708 1809 825 1874 adiecti
847 1811 988 1874 nominis
1009 1809 1272 1893 circumspiciunt
1290 1809 1487 1874 levissimam
1507 1832 1616 1894 quam-

378 1939 441 2000 que
474 1915 634 2002 arripiunt
666 1917 702 1982 in
729 1938 829 2001 eaque
856 1921 894 1982 61
921 1917 1040 1981 assolet
1068 1915 1304 2000 acquiescunt
1328 1914 1363 1981 Si
1391 1918 1490 2001 'supra
1515 1915 1559 2005 (n.
1579 1915 1615 2003 5)

323 2029 351 2081 ἲ.
378 2024 463 2089 nihil
486 2024 643 2109 scriptum
667 2029 735 2090 erat
758 2047 777 2088 6
796 2022 949 2090 Cicerone
972 2023 1035 2088 nisi
1058 2024 1186 2089 bouues
1202 2045 1237 2105 p.
1256 2021 1296 2088 R.
1319 2023 1398 2087 mibi
1416 2025 1480 2105 ipsi
1497 2024 1614 2104 1616111,

377 2135 436 2196 661
453 2131 537 2196 nihil
555 2131 736 2196 addendum
755 2135 832 2214 erat,
851 2135 908 2196 661
924 2130 1145 2218 certebomiui
1159 2151 1216 2194 cur
1230 2129 1401 2195 adderetur
1415 2134 1510 2196 66666
1524 2130 1614 2195 66116

377 2231 457 2302 eret.
493 2237 607 2323 ltaque
635 2239 682 2303 sic
710 2238 947 2320 concludimus,
974 2238 1096 2303 bouuiui
1123 2235 1222 2324 (6.5)
1250 2260 1316 2303 666
1343 2236 1425 2302 falso
1455 2237 1614 2303 adiectum

375 2344 434 2409 sed
458 2345 666 2428 depravatum
689 2367 767 2430 6666,
790 2367 830 2410 ex
854 2366 918 2430 quo
942 2344 1133 2409 eliciendum
1156 2345 1209 2427 sit,
1233 2347 1297 2428 quo
1321 2341 1485 2410 Ciceronis
1509 2345 1613 2422 oratio

377 2452 555 2517 adiuvetur.
591 2450 639 2516 Ac
663 2453 774 2517 stetim
797 2453 974 2536 percipitur
995 2452 1139 2534 potuisse
1158 2450 1232 2516 addi
1244 2452 1278 2516 'si
1296 2473 1363 2516 666
1381 2453 1561 2527 necessario
1580 2456 1614 2516 61

377 2562 511 2643 peropto
543 2560 629 2643 quod
662 2560 894 2625 sententiarum
910 2560 1039 2623 'nexum
1068 2559 1164 2622 ctiam
1192 2558 1316 2623 firmius
1344 2558 1489 2624 vinciret.
1532 2557 1614 2623 Scri.-

373 2661 533 2730 ,bendum
549 2667 635 2730 enim
662 2687 731 2731 6666
758 2665 894 2730 dicimus
921 2686 1027 2731 omues
1053 2665 1180 2731 bonores
1201 2688 1236 2748 p.
1260 2665 1299 2731 R.
1328 2665 1407 2730 midi
1433 2667 1510 2749 ipsi,
1542 2687 1614 2731 uou

377 2775 522 2838 uomiui
545 2773 661 2838 1616161.
692 2794 778 2838 uum
801 2778 835 2837 tu
858 2793 927 2837 cum
949 2779 1092 2855 66666166
1109 2793 1141 2838 es
1157 2774 1267 2853 fartus,
1291 2775 1386 2838 etium
1404 2775 1459 2855 qui
1477 2779 1505 2838 te
1522 2793 1613 2838 uum·
1627 2801 1654 2842 so

376 2902 472 2962 quum
489 2882 642 2961 61166661,
661 2886 766 2946 tumen
784 2881 875 2946 illum
893 2880 1038 2946 16666666
1056 2882 1202 2946 uomiui
1221 2881 1418 2946 muudubuut
1433 2888 1492 2959 tuo,
1512 2902 1612 2965 66666

377 2990 473 3073 plane
495 2988 631 3053 eundem
654 2990 690 3053 in
712 3010 842 3053 sensum
865 3010 962 3072 porro
981 2988 1190 3072 explicantur.
1228 2986 1307 3064 Quis
1326 2989 1412 3052 enim
1430 3009 1498 3051 non
1516 2987 1612 3069 videt,

376 3094 434 3159 1116
462 3116 527 3161 uou
553 3097 677 3161 numiui
703 3099 770 3160 tam
798 3096 862 3177 ipsi
888 3096 1073 3180 pronomini
1101 3117 1197 3179 quum
1224 3095 1406 3178 insequenti
1434 3095 1612 3175 6661661166

377 3203 497 3267 6666611
520 3203 655 3269 mirifice
678 3203 926 3288 accommodari3
950 3207 983 3268 61
1005 3206 1139 3287 apparet
1161 3204 1257 3285 quem
1279 3200 1526 3286 nullo-negotio
1549 3200 1611 3265 hoe

376 3330 474 3393 quam
502 3332 541 3373 ex
557 3310 631 3375 1661
659 3330 766 3375 errore
788 3314 1011 3394 recuperatum
1036 3311 1086 3374 sit.
1123 3308 1250 3385 Quare
1273 3307 1336 3372 lroc
1359 3306 1426 3371 6166
1449 3306 1611 3390 repertum

376 3421 426 3481 est
443 3416 478 3480 in
496 3417 564 3480 ullo
584 3416 692 3481 codice
710 3418 778 3481 6166
796 3418 831 3481 16
844 3417 934 3481 66116
950 3414 1135 3502 (ambigunt
1149 3416 1246 3496 enim)
1263 3414 1320 3498 qui
1334 3414 1610 3498 primus‘scripsit

371 3524 552 3588 rectissime
571 3524 736 3609 scripsisse
754 3524 931 3588 censendus
949 3526 1007 3587 est.
1044 3516 1283 3607 Agnoscitu‘rne
1302 3545 1340 3586 ea
1358 3543 1455 3605 quam
1473 3506 1610 3589 dicimus

375 3631 562 3694 criticorum
589 3630 762 3715 cupiditas,
790 3631 847 3714 qui
874 3630 953 3693 adeo
981 3630 1173 3694 uncinorum
1198 3629 1300 3693 usum
1316 3632 1371 3693 661
1395 3630 1534 3712 speciem
1558 3628 1610 3693 de-

373 3735 497 3822 amant,
524 3742 563 3801 61
586 3759 658 3803 cum
682 3736 890 3802 6666666116
913 3740 1024 3821 aperta
1047 3736 1256 3801 additamenti
1279 3735 1356 3800 facti
1380 3739 1546 3820 appareat,
1570 3760 1609 3803 cx

376 3845 477 3908 altera
514 3850 620 3909 autem
653 3849 744 3929 parte
776 3845 943 3927 aptissime
975 3846 1079 3909 oratio
1111 3843 1275 3909 lenissimo
1290 3842 1291 3847 ’
1308 3842 1449 3907 remedio
1482 3844 1609 3908 restitui
1624 3872 1651 3911 so

373 3952 489 4036 possit,
512 3956 620 4016 tamen
643 3953 677 4016 in
700 3953 797 4015 istam
820 3955 945 4036 partem
968 3951 1105 4035 pedibus
1129 3952 1175 4017 ire
1194 3951 1315 4015 malint.
1352 3949 1390 4014 In
1409 3972 1474 4034 quo
1493 3973 1609 4036 genere

373 4059 523 4142 princeps
543 4064 611 4123 erat
625 4058 784 4142 Halmius,
803 4058 893 4123 cuius
907 4060 1133 4123 auctoritatem
1147 4058 1322 4123 multorum
1337 4057 1609 4122 inconsiderantia

374 4170 485 4230 secuta
507 4169 564 4230 est.

384 4311 387 4317 -
464 4270 575 4337 Unum
599 4272 696 4337 etiam
718 4274 836 4337 locum.
850 4272 1102 4356 disceptabimus
1121 4294 1160 4335 ex
1179 4270 1290 4334 eadem
1307 4270 1451 4335 oratione
1470 4271 1608 4353 petitum

372 4402 395 4443 a
423 4400 488 4463 qua
517 4380 712 4464 principium
741 4378 900 4444 scribendi
930 4378 1073 4443 fecimus.
1114 4375 1156 4441 ln
1180 4376 1354 4442 Planciana
1380 4375 1608 4461 haec-scripta

369 4489 451 4550 6661
475 4508 499 4551 c.
519 4487 577 4570 36,
595 4487 636 4550 81
1445 4506 1447 4510 ·

507 4593 590 4658 hisee
614 4614 666 4676 eqo
689 4594 823 4658 auxiliis
844 4591 1037 4658 studentibus
1060 4596 1150 4670 utque
1172 4591 1312 4654 iucitutis
1333 4591 1382 4653 uti
1404 4610 1452 4654 rue
1469 4592 1608 4671 66161666

370 4730 376 4737 ’
478 4751 482 4756 .
508 4701 738 4785 6661166661
758 4705 827 4764 erut
847 4720 911 4764 uou
933 4700 1002 4763 iure
1024 4718 1088 4761 uou
1110 4696 1226 4779 lepidus
1248 4718 1311 4761 uou
1334 4697 1608 4777 suffundendae

374 4845 378 4863 2
508 4808 717 4872 certandum.
737 4858 744 4871 .
764 4857 770 4871 .
790 4808 891 4871 666616
910 4807 985 4887 fuit,
1010 4805 1111 4868 sumis
1124 4805 1263 4884 iuquam
1285 4802 1349 4885 fuit
1372 4803 1607 4880 dimicandum
