3967 5725
376 628 440 693 134
575 630 632 680 XL.
651 629 767 679 INDEX
784 626 999 677 LEOTIONUM
1016 622 1258 675 HIBERNARUM
1277 618 1409 690 ruallus.

373 794 588 875 cuiuscumque
610 791 696 855 modi
712 790 778 855 siut
799 808 907 870 currem
925 788 1125 865 mriosoram,
1149 786 1222 850 duci
1239 805 1309 849 cero
1327 784 1485 848 maiorum
1502 803 1608 848 rerum

372 900 625 981 contemplatione
643 898 688 962 od
704 896 905 979 cupiditatem
918 895 1067 959 scientiae
1079 913 1271 957 summorum
1284 893 1425 955 uirorum
1438 896 1483 957 est
1489 896 1609 972 pieton·

373 1008 457 1073 dum.
495 1005 582 1071 Haec
598 1007 731 1069 venuste
745 1001 917 1067 admodum
932 1000 1079 1084 exposita
1092 1000 1186 1063 nobis
1201 999 1236 1062 in
1249 1002 1388 1063 mentem
1402 997 1610 1064 reveniebant

373 1136 447 1178 cum
469 1115 504 1179 in
527 1134 562 1177 eo
586 1114 654 1178 erat
676 1114 713 1175 ut
735 1110 863 1174 tabulas
880 1106 1058 1173 lectionum
1077 1107 1328 1171 academioarum
1346 1105 1503 1189 proximis
1522 1126 1608 1169 men-

373 1222 462 1287 sibus
485 1219 630 1284 hibernis
653 1216 871 1282 habendarum
893 1218 1046 1279 consueto
1066 1233 1155 1278 more
1173 1234 1434 1297 proponeremus,
1458 1234 1496 1278 ac
1513 1210 1609 1276 nobis

372 1328 560 1393 videbamur
581 1326 642 1390 hac
665 1344 743 1387 voce
761 1322 892 1406 publica
911 1319 1060 1385 Sirenum
1081 1320 1184 1384 instar
1203 1341 1257 1384 eos
1277 1320 1333 1403 qui
1352 1319 1391 1383 ad
1411 1319 1498 1384 hunc
1517 1320 1609 1403 quasi

373 1438 549 1502 mercatum
578 1430 795 1517 doctrinarum
827 1428 1022 1501 conueniunt
1050 1427 1090 1506 ad
1118 1426 1271 1494 scientiae
1294 1448 1413 1511 penum
1436 1427 1471 1495 in
1487 1427 1608 1511 ,quovis

373 1542 489 1629 genere
512 1534 689 1624 parandum
710 1524 956 1623 augendumque
975 1533 1120 1600 invitare.
1159 1528 1212 1599 Sic
1231 1535 1317 1599 enim
1334 1521 1609 1617 existimabamus,

373 1648 402 1713 si
428 1669 541 1712 rerum
569 1650 617 1710 est
641 1644 728 1730 quod
752 1641 863 1708 Cicero
887 1642 1061 1727 probatum
1084 1642 1144 1707 ivit
1166 1641 1313 1707 homines
1336 1640 1447 1705 nativo
1470 1640 1608 1725 quodam

333 1756 526 1821 rescientiae
549 1774 657 1818 amore
681 1751 764 1834 duci
786 1750 857 1814 fleri
880 1770 945 1815 non
969 1768 1065 1843 posse
1089 1750 1168 1834 quin
1181 1750 1256 1832 :qur
1271 1749 1355 1813 hanc
1371 1747 1611 1835 largamdisci·

373 1862 535 1948 plinarum
563 1860 750 1924 varietatem
778 1878 913 1941 quarum
936 1856 1100 1921 institutio
1125 1856 1258 1920 offertur
1280 1856 1527 1941 recognoverint
1549 1855 1610 1919 fer.—

372 1990 450 2035 rore
468 1968 608 2052 quodam
626 1964 753 2031 incitati
772 1965 918 2029 ferantur
936 1966 973 2027 ut
992 1985 1033 2027 ex
1050 1963 1102 2027 his
1121 1964 1241 2047 apertis
1256 1962 1450 2049 cognitionis
1464 1960 1611 2027 fontibus

372 2076 549 2161 plurimum
568 2077 724 2158 quantum
742 2072 872 2136 haurire
883 2070 1034 2135 animum
1052 2070 1206 2134 inducant
1223 2068 1413 2153 naviterque
1430 2069 1611 2134 instituant.

373 2182 620 2247 Enumerationi
643 2185 750 2244 autem
773 2178 956 2243 scholarum
980 2180 1184 2260 quaesemet
1201 2177 1273 2261 ipsa
1291 2177 1370 2241 satis
1389 2177 1612 2246 commendare

372 2289 536 2355 ridebitur
567 2286 824 2354 commentarioli
855 2284 1007 2369 quiddam
1037 2285 1274 2367 praemittimus
1303 2306 1342 2348 ex
1369 2284 1494 2350 litteris·
1516 2286 1609 2370 petiti

373 2397 548 2462 retinentes
565 2394 716 2459 uidelicet
734 2414 839 2476 neque
853 2393 995 2456 aliorum
1010 2390 1156 2474 exemplo
1171 2390 1359 2456 abiicientes
1373 2393 1613 2467 conculcantes<

373 2524 436 2589 que
463 2502 551 2567 hunc
577 2523 673 2565 usum
696 2503 857 2565 vetustate
881 2502 1042 2563 sacratum
1064 2519 1320 2584 magnorumque
1343 2498 1486 2564 virorum
1509 2500 1613 2565 nomi-

355 2608 469 2676 -nibus
502 2609 557 2693 qui
590 2612 753 2673 antemos
781 2607 857 2671 huic
885 2606 993 2671 officio
1021 2605 1232 2690 praefuerunt
1259 2605 1523 2692 condecoratum3
1555 2607 1612 2691 qui

373 2740 450 2783 usus
474 2717 502 2781 si
525 2715 608 2780 nih-il
629 2716 719 2780 aliud
741 2715 803 2779 hoc
826 2714 939 2778 docere
956 2716 1073 2797 potest
1094 2714 1136 2777 in<
1151 2714 1408 2797 memoriamque·
1426 2734 1537 2779 eorum
1555 2715 1612 2797 qui

334 2850 360 2890 so
374 2847 462 2892 nunc
484 2827 561 2890 sunt
582 2843 741 2907 revocare,
765 2819 927 2905 quondam
949 2838 1062 2885 omnes
1082 2820 1138 2904 qui
1157 2819 1324 2886 se-studiis
1343 2820 1534 2888 academicis
1551 2821 1613 2887 at

374 2934 450 3002 tisri
477 2934 631 3015 cuperent
658 2925 844 2994 nec'Latiui
871 2927 1029 2992 sermonis
1052 2931 1200 3012 expertes
1221 2950 1327 3012 neque
1354 2930 1389 2992 in
1404 2929 1466 2993 ,his
1491 2931 1612 2999 litteris

374 3061 456 3125 quae
474 3039 515 3104 ab
529 3037 730 3102 humanitate
740 3056 861 3100 'nomen
875 3037 1077 3118 aeceperunt,
1096 3056 1134 3099 ex
1149 3035 1268 3120 quibus
1279 3037 1509 3123 vulgoharum
1521 3062 1613 3124 prce

374 3147 532 3212 sationum
556 3147 746 3231 argumenta
764 3144 871 3227 promi
890 3140 1052 3226 solebant
1074 3141 1221 3226 hospites
1240 3143 1341 3208 fuisse
1359 3165 1397 3209 ac
1415 3145 1612 3233 peregriaos.

375 3253 469 3330 Quod
488 3253 548 3318 etsi
571 3254 635 3318 iam
658 3273 723 3316 non
742 3251 788 3315 ita
807 3254 865 3333 est,
883 3249 1049 3334 pergimus
1068 3253 1177 3314 tamen
1195 3250 1271 3315 dum
1289 3249 1366 3315 licet
1384 3252 1554 3319 consulere
1567 3255 1613 3320 iis

374 3360 504 3445 quidem
527 3361 556 3424 si
580 3360 636 3443 qui
655 3359 762 3422 dedita
774 3377 878 3442 ¹opera
897 3356 932 3420 in
949 3354 1009 3419 has
1027 3356 1234 3440 potissimum
1253 3379 1287 3422 se
1305 3358 1430 3424 litteras
1449 3361 1614 3427 insinuare

375 3468 514 3532 student.
555 3465 669 3550 Itaque
691 3485 778 3530 nunc
796 3461 919 3529 Valerii
937 3461 1073 3527 Maximi
1096 3461 1188 3529 locos
1210 3465 1365 3548 quosdam
1388 3471 1614 3537 controversos

347 3626 350 3632 .
374 3574 626 3658 disceptabimus
658 3573 749 3637 brevi
777 3571 833 3636 sed
860 3571 906 3634 ita
933 3574 970 3634 ut
998 3569 1121 3654 aliquid
1144 3572 1188 3635 -ad
1216 3574 1372 3646 sermonis
1402 3574 1613 3660 Latinipro‘·

374 3683 544 3767 prietatem
573 3684 606 3745 et
633 3679 673 3743 ad
700 3679 797 3745 huius
823 3679 992 3762 scriptoris
1016 3679 1280 3745 consuetudinem
1302 3681 1426 3746 rectius
1445 3684 1613 3747 aestiman-

375 3790 448 3854 dam
480 3791 508 3853 si
540 3788 718 3873 poterimus
748 3787 953 3851 conimamus
985 3785 1135 3868 viamque
1163 3790 1196 3849 et
1223 3786 1380 3852 rationem
1409 3791 1535 3872 quain
1562 3789 1612 3855 his

335 3926 362 3966 ao
377 3895 630 3980 quaestionibus
651 3894 700 3957 uti
733 3894 843 3958 deceat
875 3891 1031 3976 exemplis
1059 3894 1235 3977 propositis
1263 3894 1504 3978 patefaciamus.
1550 3893 1613 3972 Qui

377 4004 505 4088 quidem
534 4003 672 4087 scriptor
699 4021 766 4076 uon
789 4002 838 4064 est
860 4021 998 4085 magnus
1021 4020 1080 4064 nec
1103 4002 1209 4063 tamen
1233 3999 1357 4064 inutilis
1381 4005 1438 4066 aut
1459 4002 1613 4090 indignus

377 4114 426 4175 est
452 4110 486 4174 in
515 4132 611 4195 quem
638 4112 765 4173 tantum
794 4129 909 4193 operae
937 4129 957 4170 a
978 4106 1187 4191 peritissimis
1210 4108 1331 4172 criticis
1355 4108 1613 4193 doctissimisque

377 4217 556 4282 editoribus
586 4219 813 4300 consumptum
844 4214 895 4278 sit·
937 4212 1083 4288 Quorum
1110 4211 1293 4300 Madvigius
1321 4213 1530 4301 Gertziusque
1560 4218 1615 4282 ad·

376 4323 517 4389 mirabili
540 4323 732 4388 emendandi
750 4320 907 4386 facilitate
930 4321 1033 4386 multa
1056 4320 1229 4404 depravata
1247 4322 1376 4408 egregie
1394 4321 1614 4407 restituerunt,

377 4453 416 4494 ex
441 4430 618 4496 editoribus
641 4434 749 4494 autem
768 4428 946 4512 Kampfius,
969 4427 1035 4491 iam
1060 4425 1136 4491 olim
1158 4426 1348 4494 dchlen'o
1369 4429 1614 4514 benemeritus,

377 4543 453 4623 post
472 4537 595 4602 Halmii
617 4536 811 4601 laudabilem
835 4555 965 4617 operam
985 4534 1103 4598 iterum
1122 4534 1235 4598 eodem
1255 4532 1341 4599 edito
1359 4536 1520 4600 indefessa
1537 4557 1615 4601 cura

348 4695 351 4704 .
376 4647 628 4712 instrumentum
650 4643 798 4708 criticum
822 4641 961 4725 paravit,
989 4641 1028 4703 in·
1048 4662 1113 4724 quo
1135 4661 1209 4706 cum
1232 4641 1295 4706 fide
1317 4643 1432 4728 pedem
1454 4641 1556 4729 figere
1576 4643 1616 4708 li-

377 4757 456 4818 cent.
493 4751 620 4818 Nostra
640 4770 742 4834 pauca
770 4752 846 4813 sunt
869 4752 902 4812 et
925 4748 1043 4833 exigua
1065 4769 1169 4832 neque
1193 4769 1275 4833 quae
1299 4770 1372 4814 cum
1395 4751 1553 4834 singulari
1576 4752 1615 4814 il·

376 4861 484 4926 lorum
507 4859 627 4924 virtute
650 4855 790 4924 conferri
805 4855 922 4932 uelint.
1268 4882 1271 4888 ·
1369 4883 1373 4888 ·
1464 4880 1468 4888 ¹
1585 4886 1589 4895 ·
