3967 5725
839 644 970 711 100
1130 648 1434 698 XXXVIII.
1471 648 1701 697 INDEX
1738 646 2169 697 LECTIONUM
2202 646 2685 699 HIBERNARUM
2724 646 2985 716 1893s94.

836 832 1000 895 quos
1046 831 1235 874 nemo
1282 809 1488 873 nescit
1524 831 1655 873 una
1692 809 1793 871 die
1829 808 2167 872 interiisse.
2239 807 2440 873 Porta
2477 809 2735 892 quidem
2772 808 2939 872 nihil
2975 808 3300 873 commisit

837 918 1013 1000 quod
1059 918 1374 1000 culpetur,
1421 916 1532 981 sed
1577 920 1793 980 tamen
1840 916 1924 979 ob
1971 914 2294 979 infelicem
2340 916 2539 980 istum
2586 916 2834 980 exitum
2870 914 3026 979 mali
3062 915 3302 980 ominis

837 1028 937 1088 est
998 1028 1074 1088 ut
1134 1023 1398 1087 vitanda
1464 1023 1589 1087 sit?
1665 1022 1769 1085 Ex
1841 1022 1967 1087 hoc
2034 1025 2246 1086 autem
2314 1022 2635 1106 aequabili
2699 1028 2923 1087 tenore
2989 1022 3302 1087 orationis

837 1132 1258 1213 consequitur
1302 1134 1412 1194 aut
1460 1134 1766 1213 quattuor
1800 1150 2022 1192 versus
2061 1129 2455 1193 abiiciendos
2492 1151 2632 1193 esse
2669 1132 2783 1193 aut
2818 1130 3086 1193 nullum.
3176 1128 3306 1192 Ne-

837 1259 964 1322 que
1018 1241 1236 1302 tamen
1292 1238 1635 1303 verendum
1697 1230 1792 1299 e'st
1846 1257 1927 1300 ne
1985 1258 2149 1319 quae
2205 1258 2398 1320 supra
2454 1236 2531 1299 de
2579 1236 3006 1320 descriptione
3051 1235 3178 1301 loci
3226 1258 3307 1299 ex

839 1366 969 1429 qua
1013 1366 1228 1409 rerum
1276 1344 1712 1408 narrationem
1760 1347 2014 1407 nectere
2059 1344 2261 1407 soleat
2308 1343 2571 1407 Ovidius
2628 1344 2924 1427 exposita
2980 1348 3132 1407 sunt
3184 1342 3307 1407 hac

835 1453 1001 1515 inita
1064 1452 1316 1516 ratione
1381 1452 1712 1515 eleventur
1771 1454 1883 1514 aut
1937 1454 2220 1534 pereant.
2303 1448 2474 1514 Nam
2532 1451 2625 1515 sic
2679 1472 2805 1534 quo
2813 1472 2939 1533 que
3004 1453 3070 1513 et
3132 1450 3304 1513 viam

839 1563 1066 1643 portae
1107 1557 1530 1622 Carmentalis
1578 1558 1884 1622 describit
1923 1561 1989 1621 et
2026 1580 2100 1622 ea
2138 1556 2244 1620 via
2278 1556 2513 1622 Fabios
2551 1558 2879 1641 profectos
2917 1577 3054 1622 esse
3090 1556 3306 1640 refert,

842 1666 955 1729 sed
1008 1665 1122 1729 issa
1179 1666 1492 1753 sermonis
1548 1668 1882 1729 venustate
1939 1664 2141 1728 ascita
2194 1663 2390 1750 longe
2444 1664 2571 1728 hoc
2626 1663 2799 1748 quod
2855 1663 3061 1728 voluit
3112 1661 3309 1726 artifi-

762 1798 816 1838 10
844 1772 1081 1837 ciosius
1121 1776 1447 1836 assecutus
1489 1777 1606 1835 est.
1669 1770 1965 1835 Ceterum
1997 1769 2319 1854 Ovidium,
2367 1772 2480 1855 qui
2525 1790 2551 1834 1
2588 1770 2673 1834 59
2729 1792 2907 1836 omen
2962 1771 3041 1835 ab
3095 1775 3309 1834 evmtu

843 1899 970 1944 esse
1016 1879 1254 1961 docuit,
1302 1901 1380 1942 ex
1425 1900 1502 1943 ea
1548 1878 1851 1963 opinione
1898 1879 2187 1942 videmus
2237 1901 2273 1942 a
2320 1877 2667 1942 Fabiorum
2715 1878 2894 1941 exitu
2951 1878 3076 1942 hoc
3132 1900 3310 1962 repe-

843 1987 991 2050 tiise
1049 1986 1223 2069 quod
1279 1990 1469 2069 porta
1527 1984 1950 2050 Carmentalis
2009 1987 2113 2049 vel
2167 1985 2392 2049 dexter
2444 1985 2629 2048 ianus
2685 1987 2820 2049 eius
2876 1989 3100 2069 portae
3154 1985 3310 2049 mali

846 2093 1077 2157 ominis
1126 2114 1265 2158 esse
1312 2071 1674 2156 crederetur
1718 2093 2069 2176 multisque
2126 2114 2199 2156 eo
2258 2092 2475 2179 egredi
2530 2092 2829 2177 religioni
2885 2096 3078 2177 esset,
3135 2092 3311 2176 quod

847 2200 1017 2263 idem
1064 2199 1174 2263 alii
1223 2203 1421 2263 testes
1468 2199 1897 2283 tradiderunt,
1950 2198 2181 2263 Festus
2231 2221 2419 2283 quem
2477 2221 2670 2282 supra
2714 2222 2775 2282 p.
2815 2198 2902 2261 90
2950 2200 3310 2283 citavimus,

844 2307 1017 2371 idem
1063 2330 1125 2390 p.
1165 2307 1299 2369 334
1335 2306 1422 2369 M.
1460 2306 1593 2371 496
1632 2305 1749 2370 Th.
1787 2306 2124 2390 Seele[rata
2168 2310 2359 2390 porta
2404 2305 2623 2370 eadem
2671 2305 3053 2389 appJellatur
3089 2327 3132 2370 a
3175 2309 3311 2388 qui-

845 2415 1128 2492 busdam,
1168 2414 1362 2498 [quae
1401 2419 1466 2478 et
1507 2412 1960 2497 Carmentalis]
2002 2415 2249 2492 dicim,
2286 2414 2451 2494 quod
2486 2416 2544 2477 ei
2567 2416 2935 2495 proximum
2979 2412 3312 2497 Casr[men-

847 2523 951 2583 tae
1017 2520 1323 2584 sacellum
1386 2514 1528 2584 fuit.
1621 2520 1962 2604 scele]rata
2027 2526 2232 2584 autem
2286 2521 2453 2601 quod
2490 2542 2611 2602 per
2665 2542 2802 2584 eam
2860 2520 3004 2605 [sex
3062 2524 3126 2583 et
3183 2530 3313 2584 tre-

848 2627 1018 2691 centi
1078 2626 1266 2690 Fabii
1328 2626 1499 2710 cJum
1561 2628 1875 2691 clientium
1951 2628 2230 2692 millibus
2306 2627 2621 2712 [quinque
2695 2628 2935 2712 egressi
3009 2628 3309 2692 adversus

848 2732 1198 2816 E]mscos,
1256 2733 1347 2797 ad
1388 2754 1638 2798 amnem
1685 2731 2075 2817 [Cremeram
2124 2756 2342 2798 omnes
2390 2739 2541 2797 sunt
2597 2733 2952 2817 interfecti.
3052 2756 3177 2817 qua
3237 2756 3313 2799 ex

776 2866 831 2905 20
859 2840 1081 2926 cau[sa
1125 2840 1369 2905 factum
1416 2845 1531 2924 est,
1576 2844 1652 2905 ut
1698 2863 1772 2905 ea
1815 2845 2006 2926 porta
2051 2839 2325 2924 int]rwre
2370 2842 2646 2924 eyredive
2692 2838 2874 2928 [mali
2921 2842 3155 2907 ominis
3201 2842 3312 2906 ha-

850 2948 1137 3032 beaturJ3
1193 2945 1304 3034 (ef.
1360 2947 1602 3013 Paulus
1649 2948 1828 3014 Diae.
1878 2972 1938 3032 p.
1978 2947 2155 3035 335).
2256 2949 2360 3012 Ex
2416 2949 2767 3033 eodemque
2821 2950 3003 3013 fonte
3051 2948 3310 3015 Servius

850 3056 920 3120 in
962 3054 1219 3120 Aeneid.
1259 3073 1384 3118 v111
1423 3055 1550 3119 337
1600 3057 1781 3120 iuxta
1813 3062 2071 3137 portam
2113 3077 2273 3137 quae
2305 3058 2521 3139 primo
2567 3079 2608 3120 a
2650 3055 2977 3121 Carmente
3017 3055 3315 3121 Carmen-

850 3164 1000 3228 talis
1047 3163 1216 3226 dicta
1276 3168 1387 3241 est,
1433 3169 1580 3244 post
1623 3163 1918 3227 scelerata
1964 3185 2006 3226 a
2051 3163 2281 3228 Fabiis
2324 3166 2604 3228 trecentis
2648 3184 2753 3228 sex
2797 3165 2908 3244 qui
2940 3185 3061 3246 per
3106 3166 3313 3244 ipsam

851 3273 923 3334 in
971 3270 1196 3334 bellum
1230 3271 1502 3350 profecti
1546 3291 1672 3333 non
1709 3276 1855 3334 aunt
1888 3272 2133 3334 reversi.
2216 3269 2343 3334 Dio
2385 3269 2641 3335 Cassius
2681 3289 2704 3334 1
2743 3294 2803 3354 p.
2842 3271 2947 3354 20,
2986 3273 3068 3335 21
3110 3271 3313 3336 Bekk.

852 3379 966 3441 διὰ
1021 3385 1220 3441 τοῦτο
1277 3427 1290 3439 .
1350 3426 1364 3440 .
1421 3378 1538 3452 τὰς
1602 3378 1815 3453 πύλας
1875 3375 1953 3440 δι’
2021 3371 2117 3441 ὧν
2180 3375 2691 3463 ἐξεστράτευσαν
2756 3376 2858 3463 (οἱ
2902 3375 3174 3464 Φάβιοι)
3242 3379 3317 3444 ἐν

852 3482 1081 3570 ἀτιμίᾳ
1129 3481 1526 3566 ἐποιήσαντο
1575 3483 1740 3547 ὥστε
1785 3483 2039 3567 μηδένα
2077 3481 2153 3548 δι’
2200 3485 2422 3549 αὐτῶν
2459 3487 2746 3568 ἄρχοντα
2785 3484 3046 3550 διιέναι.
3127 3484 3314 3550 Unus

851 3590 1075 3654 Livius
1115 3612 1278 3673 quae
1316 3589 1513 3653 habet
1551 3588 1773 3676 (supra
1810 3590 2134 3675 adscripta
2169 3616 2230 3676 p.
2262 3589 2375 3676 90)
2416 3591 2789 3678 ambiguum
2830 3596 2927 3655 est
2965 3592 3314 3658 eandemne

851 3699 916 3761 in
964 3701 1212 3781 partem
1260 3698 1686 3780 interpretere
1733 3719 1815 3760 an
1862 3698 1954 3761 ita
2008 3703 2081 3762 ut
2126 3697 2471 3763 Fabiorum
2528 3700 2860 3763 interitum
2918 3700 3066 3764 inde
3123 3700 3317 3765 ducat

855 3804 1027 3888 quod
1073 3809 1330 3889 portam
1378 3806 1483 3868 vel
1528 3804 1698 3868 viam
1748 3826 1914 3888 quae
1959 3806 2112 3870 mali
2161 3805 2394 3870 ominis
2451 3806 2646 3870 fuerit
2698 3829 2831 3871 non
2888 3806 3315 3872 devitaverint
3344 3813 3428 3870 20

773 3934 826 3974 zo
854 3909 963 3996 (cf.
1011 3908 1082 3975 O.
1129 3911 1507 3975 Richterum
1552 3911 1592 3974 1.
1633 3933 1680 3974 s.
1720 3932 1769 3974 c.
1822 3935 1881 3995 p.
1920 3911 2101 3999 428).
2202 3909 2429 3995 Neque
2491 3913 2831 3977 offensioni
2896 3935 3034 3977 esse
3098 3917 3316 3997 potest

858 4017 1027 4099 apud
1075 4015 1371 4079 Ovidium
1439 4018 1605 4099 quod
1660 4018 2033 4101 praemissis
2089 4018 2219 4082 illis
2276 4018 2353 4082 de
2409 4020 2557 4083 iano
2613 4019 2839 4083 dextro
2894 4025 3119 4103 portae
3166 4018 3315 4085 Car-

858 4123 1151 4187 mei-milis
1223 4139 1435 4207 [ms-tva
1487 4130 1677 4203 porta
1737 4125 1988 4189 dicatur
2043 4125 2231 4209 culpa
2288 4147 2538 4207 vacare,
2585 4133 2777 4207 porta
2824 4150 3014 4192 omen
3060 4127 3316 4213 habere,

858 4251 999 4291 cum
1051 4235 1423 4311 praesia-tun
1479 4231 1669 4294 etiam
1717 4231 1827 4294 alii
1873 4235 2089 4315 testes,
2136 4253 2297 4314 quos
2345 4254 2541 4317 supra
2580 4235 2937 4317 citavimuS,
2979 4235 3140 4298 haec
3175 4236 3317 4300 uni-
3384 4212 3399 4219 ’

858 4359 1035 4399 verse
1087 4339 1163 4395 iis*
1215 4347 1391 4419 piu-m
1447 4335 1831 4401 Carmentali
1878 4339 2117 4402 referre
2165 4341 2628 4405 consueverint.
2713 4339 2790 4404 In
2826 4341 2928 4405 his
2967 4363 3111 4406 cum
3150 4341 3318 4405 nihil

374 4443 578 4591 Q
858 4443 947 4507 sit
1003 4447 1171 4523 {iuml
1235 4447 1662 4527 susim-ionem
1718 4468 1979 4510 movere
2036 4446 2112 4509 de
2167 4450 2428 4511 auctore
2492 4469 2792 4512 versuum
2857 4449 3091 4531 possit,
3154 4449 3318 4512 illud

858 4571 1071 4611 veram
1131 4551 1339 4611 {bidji
1407 4574 1660 4615 manum
1716 4553 1817 4615 vel
1871 4553 2148 4617 maxime
2204 4575 2355 4637 prae
2412 4576 2478 4618 se
2533 4555 2701 4619 ferre
2755 4556 3076 4638 videatur,
3143 4556 3317 4639 quod

858 4659 1207 4720 sententias
1259 4659 1515 4720 itm-„vit
1560 4659 1629 4721 in
1666 4659 2013 4742 eademque
2050 4660 2248 4724 verba
2285 4660 2445 4725 duos
2484 4666 2915 4746 pentametros
2956 4662 3318 4728 desinentes

862 4764 1027 4828 fec-it.
1135 4764 1231 4828 Hir
1303 4768 1471 4828 *mim
1531 4765 1696 4828 solet
1750 4765 2056 4830 circuitus
2116 4767 2425 4832 orationis
2482 4768 2869 4852 describere,
2927 4791 3046 4833 nec
3106 4768 3317 4834 solum

858 4876 1107 4936 easdem
1159 4876 1507 4936 Ht.³]1†.⁴'³]l†i;iss
1553 4869 1816 4954 paulum
1864 4873 2055 4938 modo
2104 4873 2383 4954 variatas
2440 4875 2674 4939 referre
2732 4878 2908 4940 velut
2955 4893 3026 4938 vl
3065 4874 3195 4940 295
3236 4900 3319 4942 ss.

758 4988 979 5168 r*
