3967 5725
386 657 453 721 406
621 660 695 710 LIII.
714 659 830 709 INDEX
847 658 1062 710 LECTIONUM
1080 658 1312 710 AESTIVARUM
1332 661 1409 712 1901.

387 824 419 884 et
447 822 640 884 structuram
669 820 812 902 impedit,
850 818 934 896 Quid
961 842 1039 906 ergo
1068 819 1138 884 est?
1174 818 1247 885 Nisi
1273 821 1433 906 corrigere
1456 823 1619 886 auctorem

387 926 543 1012 epistulae
572 925 733 1010 volumus,
760 929 932 1010 utrumque
960 925 1094 990 verbum
1121 926 1325 993 retinendum
1352 929 1402 990 est
1430 930 1462 991 et
1488 927 1535 993 sic
1557 930 1619 992 sta-

385 1033 555 1118 tuendum,
583 1033 787 1117 scriptorem,
815 1036 852 1097 ut
878 1034 929 1116 fit,
957 1033 1179 1099 immemorem
1207 1034 1275 1098 eius
1304 1035 1391 1118 quod
1418 1035 1482 1099 iam
1510 1035 1620 1118 posuit

386 1141 543 1206 invitante
571 1141 715 1206 oratione
743 1162 801 1205 suo
829 1139 900 1206 loco
929 1161 996 1204 non
1023 1139 1107 1205 idem
1135 1141 1252 1207 iterum
1280 1142 1336 1206 sed
1359 1141 1463 1207 simile
1486 1140 1619 1206 verbum

385 1245 578 1334 posuisse*).

474 1353 551 1419 Non
582 1355 769 1441 ignoramus
801 1354 864 1420 boc
893 1376 1010 1440 genus,
1042 1355 1135 1420 cuins
1163 1376 1224 1420 nos
1251 1377 1317 1420 uno
1345 1356 1491 1439 exemplo
1519 1359 1552 1420 et
1578 1377 1620 1419 ne

385 1460 535 1525 Tulliano
569 1461 697 1544 quidem
730 1461 872 1528 defuncti
905 1459 1029 1545 sumus,
1061 1461 1148 1544 apud
1174 1461 1280 1545 ipsum
1310 1461 1495 1528 Ciceronem
1521 1462 1620 1527 latius

385 1572 508 1652 patere,
537 1568 593 1631 sed
620 1567 715 1632 nobis
744 1569 821 1632 satis
850 1568 892 1632 sit
919 1568 1017 1632 verbo
1044 1568 1243 1654 significasse
1266 1572 1505 1654 argumentum,
1533 1568 1620 1653 quod

386 1673 576 1759 ampliorem
594 1674 834 1761 indagationem
853 1676 1008 1759 requirat3
1032 1697 1129 1759 quam
1147 1698 1279 1761 operam
1297 1676 1370 1740 aliis
1389 1680 1421 1740 et
1440 1674 1619 1741 iunioribus

346 1814 372 1854 10
386 1781 592 1866 potissimum
615 1781 801 1846 sumendam
824 1781 1044 1866 relinquimus.

475 1886 544 1953 Nos
557 1872 707 1952 'redimus
730 1888 817 1972 iiiuc,
842 1893 874 1953 et
898 1889 1050 1972 quoniam
1075 1887 1238 1954 Ciceronis
1261 1911 1354 1954 usum
1379 1888 1620 1972 declaravimuS,

385 1996 426 2060 ab
460 1995 571 2060 eodem
604 1995 727 2060 dicendi
760 1995 856 2060 modo
887 2018 927 2060 ne
955 1993 1093 2061 Graecos
1121 1995 1251 2080 quidem
1278 1996 1482 2061 abhorruisse
1509 1997 1620 2080 paucis

386 2102 541 2186 exemplis
566 2103 702 2168 oratoris
721 2100 825 2168 Attici
847 2103 985 2187 probare
1008 2103 1166 2186 volumus,
1190 2103 1314 2187 Lysiae.
1353 2101 1415 2179 Qui
1438 2104 1485 2168 ita
1507 2102 1621 2168 scribit

520 2209 550 2288 4,
566 2209 585 2274 8
609 2210 629 2294 ἡ
653 2210 690 2276 δὲ
714 2207 785 2275 τοτὲ
804 2206 866 2292 μὲν
885 2207 939 2292 ent
957 2208 1047 2293 περὶ
1066 2215 1230 2294 πολλοῦ,
1248 2207 1322 2276 τοτὲ
1341 2207 1378 2275 δέ
1396 2212 1517 2275 τοῦτόν
1536 2226 1621 2296 φησι

600 2323 807 2382 ποιεῖσθαι
1202 2355 1205 2362 ·
1279 2295 1281 2312 ¹

520 2424 550 2507 6,
569 2424 612 2488 25
635 2425 690 2488 καὶ
713 2425 843 2488 τούτων
864 2427 986 2508 πότερα
1011 2427 1089 2501 τοὺς
1111 2427 1215 2502 θεοὺς
1238 2425 1311 2508 χρὴ
1334 2423 1354 2506 ἢ
1378 2425 1414 2488 τὸ
1434 2423 1621 2505 αὐτόματον

600 2533 808 2595 αἰτιᾶσθαι

523 2636 573 2720 12,
594 2638 610 2700 1
637 2638 719 2702 ὥστε
738 2635 810 2721 μήτ’
836 2637 879 2703 ἂν
897 2640 1109 2722 ψευδόμενον
1127 2640 1298 2723 δεινότερα
1316 2649 1384 2702 τῶν
1402 2637 1621 2724 ὑπαρχόντων

601 2755 867 2829 κατηγορῆσαι
890 2747 970 2829 μήτε
990 2744 1119 2830 τάληθῆ
1140 2748 1348 2827 βουλόμενον
1366 2746 1473 2810 εἰπεῖν
1491 2745 1620 2810 ἅπαντα

601 2852 803 2918 δύνασθαι
1620 2882 1622 2889 ·

519 2957 601 3023 Ibid.
620 2958 665 3023 64
692 2960 802 3043 ὥσπερ
827 2966 963 3026 πολλῶν
985 2960 1126 3043 ἀγαθῶν
1149 2962 1280 3025 αἰτίου
1304 2958 1375 3025 ἀλλ’
1404 2959 1444 3026 οὐ
1467 2960 1621 3043 μεγάλων

600 3078 710 3131 κακῶν
732 3067 984 3153 γεγενημένου
1446 3082 1448 3085 ’

520 3172 572 3257 34,
591 3172 612 3238 5
636 3171 716 3239 cnidi
739 3177 818 3251 τοὺς
841 3177 961 3257 λόγους
984 3173 1246 3263 πιστοτέρους
1269 3185 1337 3239 τῶν
1355 3176 1463 3257 ἔργων
1482 3170 1560 3239 οὐδὲ
1579 3175 1620 3237 τὰ

599 3280 761 3364 μέλλοντα
784 3293 852 3346 τῶν
875 3280 1104 3366 γεγενημένων
1127 3292 1311 3366 νομιεῖτε.

386 3384 510 3462 Quibus
533 3409 633 3451 unum
657 3388 803 3454 addimus
826 3387 1072 3473 Thucydidium‚
1097 3387 1183 3472 quod
1207 3388 1330 3471 137,2
1353 3386 1473 3473 legitur

601 3493 823 3579 ἐπετήδευσαν
855 3494 1025 3580 ξύμμαχόν
1057 3519 1091 3560 τε
1120 3494 1244 3560 οὐδένα
1271 3496 1509 3578 βουλόμενοι
1538 3494 1621 3577 πρὸς

600 3600 803 3686 τάδικήματα
831 3598 910 3667 οὐδὲ
937 3601 1090 3687 μάρτυρα
1117 3598 1223 3686 ἔχειν
1250 3602 1327 3666 οὔτε
1350 3604 1621 3685 παρακαλοῦντες

601 3710 829 3792 αἰσχύνεσθαι.
1029 3706 1031 3711 ’

475 3813 617 3879 Tandem
645 3837 663 3879 e
691 3814 894 3881 deverticulis
927 3817 1119 3881 revertimur
1151 3816 1190 3880 ad
1217 3815 1316 3879 rerba
1342 3812 1448 3896 Accii,
1481 3835 1620 3899 quorum

345 3952 371 3990 :ro
386 3924 510 4004 partem
533 3922 672 4004 priorem
697 3943 841 3989 seorsum
865 3946 884 3988 a
906 3922 1053 4008 reliquis,
1079 3943 1143 4006 quo
1167 3923 1271 4008 magis
1295 3921 1508 3988 conformatio
1532 3925 1620 4004 pate·

385 4027 484 4110 fieret,
508 4028 667 4094 declarare
691 4028 881 4114 studuimuS,
905 4031 960 4095 sed
984 4054 1021 4095 ea
1042 4052 1114 4095 cum
1133 4028 1173 4093 iis
1193 4051 1275 4113 quae
1293 4032 1417 4093 restant
1435 4051 1532 4093 unam
1551 4050 1620 4093 ora-

385 4136 506 4199 tionem
535 4135 681 4201 efficiunt
709 4141 740 4201 et
766 4136 829 4202 hoc
856 4141 962 4202 totum
989 4160 1054 4202 una
1082 4136 1280 4222 expendatur
1302 4157 1430 4200 necesse
1454 4139 1515 4200 est:
1542 4156 1619 4199 κων

385 4263 440 4307 neo
465 4242 594 4308 Gemini
621 4243 743 4309 lenones
766 4264 821 4309 neo
845 4243 1035 4309 Condalium
1057 4264 1113 4309 nee
1135 4245 1227 4309 Anus
1250 4242 1363 4307 Plani
1385 4263 1440 4308 nec
1461 4242 1523 4308 Bis
1539 4236 1620 4307 ῶνα-

379 4370 493 4432 pnesso
519 4371 573 4415 nec
595 4349 726 4415 Boeotio
752 4372 902 4433 umquem
927 4352 993 4433 fnit
1015 4372 1111 4433 neque
1133 4351 1209 4415 odeo
1232 4350 1389 4433 Agroecus
1410 4370 1506 4433 neqne
1531 4348 1620 4415 Com-

386 4458 549 4523 morientes
571 4457 680 4522 Mocen'
704 4459 779 4523 Titi.
816 4456 911 4523 Unde
937 4460 1078 4542 primum
1107 4461 1240 4541 apparet
1265 4456 1362 4521 verba
1384 4478 1534 4539 nnrqnam
1555 4457 1621 4537 fnit

387 4583 426 4625 ex
445 4565 609 4647 superiore
625 4568 719 4648 parte
737 4564 850 4629 referri
869 4566 965 4630 etiam
984 4564 1025 4629 ad
1043 4563 1121 4629 haec
1138 4568 1312 4649 postrema:
1331 4585 1386 4629 nec
1399 4564 1493 4629 Anne
1507 4562 1621 4629 Plana

385 4689 440 4733 neo
461 4666 591 4736 Boeotio
612 4693 763 4754 nmqnem
783 4673 848 4753 fnit
869 4693 965 4754 neqne
984 4671 1224 4739 Commorientes
1241 4672 1350 4735 Macci
1369 4672 1436 4735 Titi
1456 4668 1620 4757 (nmquam

474 4828 520 4898 ¹⁸¹5)
540 4829 658 4901 [credere
675 4831 799 4910 eoe[que]
824 4830 873 4899 qui
891 4829 1088 4899 Sternlropfrus
1107 4828 1137 4881 in
1156 4828 1249 4882 Herm.
1265 4830 1506 4898 xxxv11(1902)p.
1521 4832 1618 4895 485⁸„

388 4935 443 4985 qua
461 4918 519 4972 leni
539 4917 648 4973 scilicet
666 4920 839 4975 correctione
858 4935 954 4973 vereor
971 4935 1008 4973 ne
1026 4917 1167 4973 sententia
1187 4919 1402 4989 corrumpatur]
