3967 5725
350 1602 477 1677 LVIII.
510 1602 665 1675 INDEX
697 1601 981 1676 LEOTIONUM
1014 1603 1345 1677 HIBERNARUM
1375 1598 1581 1698 1903s1904.

313 1779 332 1834 3
440 1777 492 1842 Ex
515 1776 557 1841 M.
580 1776 713 1842 Pacuvii
735 1782 850 1862 poetae
872 1779 988 1865 tragici
1013 1780 1158 1864 reliquiis
1182 1781 1378 1863 sumpsimus
1401 1799 1483 1863 quae
1506 1778 1583 1844 huic

296 1902 302 1915 ·
349 1885 583 1949 enumerationi
604 1884 780 1949 lectionum
803 1884 1056 1951 academicarum
1079 1888 1367 1971 praemitteremus.
1407 1884 1474 1950 Eae
1496 1886 1582 1950 enim

348 2013 452 2075 nuper
474 1991 514 2055 ab
534 1988 653 2055 Ottone
671 1990 852 2057 Ribbeckio
871 2013 1027 2058 unacum
1052 1994 1251 2078 reliquorum
1269 1994 1466 2080 tragicorum
1485 1992 1582 2057 versi·

349 2099 410 2163 bus
433 2098 660 2182 superstitibus
683 2100 747 2163 iam
770 2099 904 2163 tertium
927 2100 1031 2165 editae
1049 2100 1167 2165 habere
1185 2102 1279 2165 nobis
1297 2101 1385 2166 visae
1404 2103 1480 2165 sunt
1499 2121 1582 2183 quae

348 2227 414 2269 non
425 2205 595 2274 ..inutiliter
619 2205 792 2291 disceptari
811 2210 951 2290 possent.
988 2206 1119 2271 Etenim
1138 2207 1335 2273 Ribbeckius
1354 2207 1388 2270 in
1407 2207 1458 2271 his
1477 2228 1581 2271 emen·

349 2312 461 2377 dandis
490 2312 635 2377 versibus
663 2335 715 2377 eas
743 2313 885 2379 rationes
913 2314 1006 2398 sequi
1034 2314 1149 2379 solitus
1173 2318 1222 2379 est
1245 2315 1338 2378 utin
1362 2314 1582 2398 istaperenni

348 2420 566 2484 controversia
590 2441 654 2502 qua
678 2441 751 2485 cum
774 2420 929 2485 orationis
953 2419 1066 2489 decore
1090 2422 1186 2486 metri
1208 2421 1382 2487 necessitas
1406 2420 1445 2484 de
1466 2421 1583 2505 princi·

347 2531 427 2611 patu
455 2525 621 2591 contendit
647 2549 854 2593 numerorum
880 2527 1007 2613 legibus
1037 2550 1117 2612 quas
1146 2529 1339 2612 opinabatur
1366 2529 1521 2596 orationis
1550 2531 1582 2592 et

348 2634 525 2698 sententiae
551 2638 752 2698 venustatem
779 2656 846 2699 non
873 2636 919 2698 ita
947 2656 1019 2699 raro
1050 2636 1258 2720 condonaret,
1291 2657 1364 2701 cum
1391 2635 1580 2720 praesertim
1596 2662 1622 2703 ro

347 2741 438 2805 nulla
455 2741 648 2806 verecundia
664 2742 836 2807 memoriae
855 2741 1013 2807 librorum
1032 2743 1223 2807 retineretur
1242 2744 1413 2827 quominus
1432 2742 1474 2807 ad
1488 2764 1581 2807 suum

343 2837 539 2913 'arbitratum
566 2848 780 2914 conformaret
808 2872 890 2934 quae
913 2850 1094 2934 antiquitus
1119 2850 1240 2916 tradita
1262 2854 1346 2916 sunt.
1382 2848 1476 2915 Unde
1499 2871 1581 2933 quae

348 2959 555 3021 nascerentur
564 2980 664 3041 prava
677 2960 733 3022 aut
745 2956 972 3041 improbabilia
984 2959 1132 3042 proxime
1147 2959 1182 3022 in
1196 2959 1361 3044 prooemio
1376 2981 1403 3023 a.
1413 2973 1581 3022 Mococcn

348 3061 461 3150 (supra
470 3087 499 3147 p.
509 3062 637 3150 448ss.)
651 3063 823 3147 disputatis
838 3065 1003 3128 nonnullis
1015 3063 1108 3130 Accii
1122 3069 1238 3149 poetae
1252 3064 1406 3148 exemplis
1420 3064 1580 3128 declarare

348 3171 543 3256 studuimus,
572 3192 658 3235 nunc
685 3193 725 3235 ex
751 3171 884 3236 Pacuvii
912 3172 1058 3255 reliquiis
1082 3172 1238 3255 quaedam
1263 3172 1380 3236 similia
1402 3171 1580 3255 promimus

346 3275 410 3341 hoc
433 3277 568 3352 consilio
590 3281 628 3342 ut
650 3278 764 3342 alienis
787 3278 949 3343 erroribus
971 3279 1202 3363 patefaciamus
1226 3278 1304 3362 quid
1326 3279 1361 3342 in
1383 3277 1445 3342 hoo
1464 3299 1581 3363 genere

347 3385 529 3469 petendum,
548 3384 626 3468 quid
645 3385 821 3450 cavendum
840 3385 979 3450 maxime
997 3386 1152 3450 videatur.
1189 3385 1274 3450 Nam
1293 3408 1360 3450 non
1377 3383 1440 3449 hoc
1455 3385 1580 3470 agimus

347 3491 382 3554 in
403 3490 456 3554 his
480 3491 710 3576 scriptionibus
733 3495 770 3554 ut
793 3491 905 3557 doctos
925 3492 1093 3557 doceamus
1113 3492 1169 3556 sed
1188 3495 1225 3556 ut
1244 3492 1441 3557 discentibus
1460 3496 1492 3557 et
1511 3493 1580 3576 qui·

346 3597 407 3661 bus
430 3600 636 3683 potissimum
659 3598 738 3663 haec
757 3598 855 3663 scribi
873 3600 998 3663 soleant
1016 3600 1101 3663 viam
1120 3603 1336 3664 monstremus
1356 3601 1383 3665 si
1402 3601 1579 3684 poterimus

348 3727 411 3788 qua
433 3707 486 3769 via
509 3707 544 3769 in
565 3706 617 3770 his
640 3707 757 3770 litteris
781 3727 853 3772 cum
876 3707 985 3771 fructu
1008 3705 1172 3771 elaborare
1194 3706 1330 3790 possint.
1594 3733 1622 3774 ao

436 3830 457 3876 1.
481 3810 595 3896 Itaque
617 3812 814 3878 Ribbeckius
837 3815 872 3877 in
894 3812 1029 3880 Pacuvii
1054 3811 1176 3896 Chryse
1200 3831 1250 3876 vn
1273 3811 1345 3900 (93)
1366 3813 1446 3878 haec
1465 3813 1578 3878 edidit:

481 3921 590 3984 Mater
598 3925 726 3985 temam·
734 3922 827 4002 parat
839 3921 913 3985 boec
921 3941 1039 4002 corpote,
1052 3921 1195 3985 animum
1206 3919 1337 4004 [numm]
1348 3925 1430 3984 aeter
1439 3921 1578 4002 cdiuyat.

347 4023 384 4089 In
409 4026 526 4110 quibus
549 4026 686 4092 fortasse
704 4026 788 4091 nihil
806 4032 855 4092 est
873 4027 960 4112 quod
979 4047 1174 4113 magnopere
1193 4028 1401 4112 vituperetur,
1425 4029 1492 4091 sive
1510 4049 1579 4091 ver-

347 4155 401 4196 sus
427 4134 566 4198 formam
594 4135 661 4199 sive
689 4138 880 4200 sententiam
909 4136 1119 4219 perspexeris.
1165 4133 1232 4200 Ubi
1259 4155 1335 4198 vero
1358 4137 1459 4200 testes
1482 4134 1578 4198 inter-

346 4261 498 4325 rogamus
527 4262 664 4324 quorum
686 4241 750 4305 fide
773 4263 884 4306 versus
908 4242 969 4306 iste
992 4245 1191 4327 propagatus
1215 4245 1272 4326 est,
1301 4242 1376 4307 ilico
1400 4241 1502 4306 nubes
1526 4241 1581 4305 du-

346 4335 541 4412 bitationum
574 4348 730 4413 oboritur.
784 4348 913 4412 Etenim
945 4349 1088 4432 primum
1120 4347 1248 4413 Nonius
1281 4372 1311 4433 p.
1342 4348 1392 4433 75,
1427 4349 1467 4412 ll
1501 4348 1581 4414 haec

347 4454 496 4519 tradidit:
546 4489 548 4495 ·

482 4562 648 4645 ‘adiapcre
669 4565 846 4644 adtremere.
884 4563 1045 4628 Pacuvius
1069 4562 1185 4646 Clupea
1209 4563 1331 4628 “mctcr
1354 4569 1398 4628 est
1419 4569 1521 4627 terra:
1544 4583 1581 4628 eu

475 4672 569 4752 parat
594 4690 719 4752 corpus:
747 4671 891 4734 animam
914 4675 997 4734 ceter
1019 4671 1184 4752 cdiuput’.
1222 4671 1312 4736 Idem
1335 4669 1445 4736 iliona
1469 4669 1581 4734 “blau-

483 4777 559 4841 dom
581 4776 776 4841 amoma
800 4777 934 4860 adiuput
954 4777 1185 4859 voluptutem''.'
1263 4833 1266 4840 .
1594 4822 1621 4863 30

178 4938 179 4945 .
310 4896 329 4952 4
348 4880 432 4946 Nam
455 4880 583 4947 Nonius
610 4884 679 4966 ipse
707 4883 849 4948 dubitari
879 4907 945 4948 non
971 4887 1081 4969 potest
1108 4884 1188 4968 quin
1216 4885 1261 4950 ita
1289 4885 1467 4970 scripserit:
1499 4907 1580 4969 quae
1716 4975 1721 4988 ‘
