3967 5725
700 658 950 720 ounssmouss
968 658 1279 710 Amssornsuaan.
1541 655 1604 720 297

534 821 653 901 μείζων
680 819 871 895 κίνδυνος
898 818 935 885 ἐν
963 829 1003 905 τῆ
1030 831 1098 884 τῶν
1124 818 1334 904 μαθημάτων
1361 819 1431 905 ὠνῆ
1459 818 1479 902 ἣ
1508 819 1545 884 ἐν
1570 829 1609 904 τῇ
1636 843 1638 848 ’

535 937 603 990 τῶν
626 927 742 990 σιτίων

374 1035 409 1097 in
432 1031 550 1117 quibus
572 1032 770 1098 Hartmauus
795 1056 814 1097 a
835 1033 930 1097 nobis
948 1033 1040 1098 uncis
1059 1037 1170 1098 notata
1189 1033 1343 1099 sustth?
1379 1032 1426 1098 Ut
1444 1033 1610 1098 mittamus

375 1161 457 1223 quae
481 1139 515 1203 in
538 1139 698 1224 principio
723 1139 862 1226 Gorgiae
885 1141 993 1224 posita
1016 1145 1106 1224 sunt,

536 1245 693 1328 Πολέμου
730 1245 785 1312 καὶ
817 1246 922 1332 μάχης
955 1245 1038 1330 φασὶ
1070 1256 1188 1332 χρῆναι
1222 1247 1309 1314 οὕτω
1342 1248 1610 1332 μεταλαγχάνειν.

536 1356 609 1417 aa.
630 1352 723 1419 ’Ast'
754 1348 775 1436 ἦ
807 1356 844 1419 τὸ
871 1357 1058 1438 ,λεγόμενον
1086 1357 1226 1419 κατόπιν
1254 1353 1369 1440 ἑορτῆς
1396 1355 1520 1439 ἥκομεν
1547 1353 1610 1420 καὶ

534 1460 793 1545 ὑστεροῦμεν;
818 1464 921 1524 KAA.
946 1461 1013 1526 Kal
1036 1461 1123 1544 μάλα
1147 1483 1184 1544 γε
1207 1460 1340 1538 ἀστείας
1363 1460 1515 1547 ἑορτῆς,

374 1589 512 1651 quorum
543 1567 598 1632 nat
630 1566 836 1653 ὑστεροῦμεν
867 1590 934 1632 non
965 1569 1042 1632 tulit
1073 1589 1147 1632 cum
1180 1567 1369 1655 Hirschigio
1402 1567 1611 1654 Hartmanus,

338 1688 356 1742 8
377 1696 570 1758 quamquam
594 1674 657 1738 hoc
679 1672 851 1761 verbum*)
876 1675 1048 1739 desiderari
1071 1698 1138 1740 non
1160 1697 1256 1760 posse
1279 1675 1330 1740 vel
1350 1675 1390 1740 ad
1409 1674 1540 1753 ἀστείας
1559 1677 1612 1740 ad-

375 1781 479 1846 ditum
503 1779 617 1865 ἑορτῆς
639 1781 764 1864 clamat,
788 1781 875 1866 quod
898 1783 975 1866 quia
992 1781 1215 1868 Hirschigium
1236 1805 1301 1848 non
1320 1782 1415 1869 fugit,
1438 1804 1479 1847 ne
1497 1783 1610 1868 pedem
1626 1809 1652 1850 ιο

375 1888 560 1970 retraheret,
583 1888 667 1952 hanc
689 1909 800 1953 vocem
819 1910 885 1953 una
908 1903 980 1953 cum
1005 1889 1070 1954 illis
1094 1891 1240 1955 resecuit.

465 1995 529 2060 Sed
555 1997 767 2079 reprimemus
796 1996 861 2060 iam
892 2017 952 2060 uos
981 2000 1015 2060 et
1040 2017 1105 2060 non
1134 1997 1341 2080 insequamur
1367 1997 1510 2083 longius,
1539 1999 1612 2063 cum

376 2101 454 2165 satis
473 2101 693 2185 exemplorum
711 2101 896 2184 habeamus,
916 2101 1034 2186 quibus
1053 2107 1085 2167 et
1103 2101 1169 2166 late
1188 2107 1296 2186 patere
1315 2103 1379 2168 hoc
1393 2125 1494 2189 genus
1509 2124 1613 2167 emen·

375 2208 473 2272 dandi
495 2211 530 2273 in
552 2208 699 2274 Platonis
723 2209 815 2275 libris
839 2210 1010 2273 edoceatur
1029 2213 1061 2274 et
1079 2231 1145 2274 non
1164 2209 1323 2274 inutiliter
1341 2233 1360 2274 a
1378 2209 1472 2275 nohis
1491 2209 1612 2274 adhibi-

376 2320 447 2380 tum
471 2336 540 2379 esse
563 2317 745 2400 exemplum
769 2317 919 2401 alienum,
943 2317 1029 2400 quod
1054 2317 1130 2400 quia
1149 2318 1267 2381 mutari
1286 2318 1393 2401 ipsum
1412 2339 1478 2382 non
1495 2317 1613 2400 potuit,

376 2423 495 2486 certius
527 2423 686 2487 videretur
719 2423 847 2488 Platoni
880 2423 1078 2508 periclitanti
1111 2444 1303 2488 succurrere.
1349 2421 1434 2489 Nam
1467 2424 1612 2489 criticam

376 2530 480 2594 facere
501 2531 535 2594 in
553 2529 689 2594 Platone
708 2531 871 2595 noluimus
889 2553 985 2614 nunc,
1011 2531 1049 2595 de
1068 2553 1131 2614 que
1151 2531 1230 2596 alias
1249 2532 1377 2616 saepius
1396 2531 1613 2614 disseruimus,

376 2658 479 2720 neque
498 2659 574 2701 vero
593 2636 739 2702 libellum
755 2637 1025 2703 Hartmanianum
1044 2638 1193 2722 inprimis
1211 2637 1406 2722 locupletem
1426 2633 1613 2722 percensere

375 2745 513 2828 penitus.
549 2742 669 2834 Itaque
688 2745 728 2808 ad
746 2743 999 2828 Aristophanem
1023 2747 1225 2823 revertimur,
1249 2745 1278 2808 ei
1301 2749 1339 2809 ut
1357 2743 1480 2829 ahquid
1499 2744 1612 2808 salutis

376 2851 404 2915 si
430 2873 600 2936 possumus
629 2851 809 2917 afferamus.
845 2851 890 2916 Ilt
915 2853 1067 2938 quoniam
1092 2850 1286 2917 emblemata
1308 2852 1342 2917 in
1366 2850 1513 2917 Platonis
1538 2851 1613 2916 scri·
1627 2880 1652 2920 ao

376 2958 441 3042 ptis
465 2980 547 3042 quae
569 2980 639 3022 esse
662 2959 836 3024 creduntur
859 2961 1040 3046 attigimus,
1064 2982 1164 3046 genus
1189 2960 1350 3044 quoddam
1375 2958 1612 3043 emblematum,

377 3066 464 3148 quod
490 3065 578 3129 docti
605 3066 709 3130 critici
735 3067 798 3132 sibi
821 3068 883 3131 visi
906 3067 1040 3132 suntin
1064 3067 1292 3151 Aristophanis
1316 3066 1492 3132 comoediis
1517 3088 1613 3153 agno·

376 3172 475 3256 visae,
503 3171 754 3257 disceptabimus
781 3174 901 3259 paucis.
938 3174 1069 3239 Etenim
1098 3174 1183 3258 quod
1213 3195 1310 3258 supra
1334 3173 1486 3258 diximus,
1514 3174 1612 3237 iniis

378 3301 461 3362 quae
483 3280 630 3344 versibus
654 3281 837 3365 conscripta
860 3285 965 3346 essent
987 3303 1053 3346 non
1077 3286 1143 3345 tam
1162 3280 1256 3346 facile
1275 3279 1379 3344 aliena
1396 3278 1613 3345 additamenta

377 3386 498 3451 secerni
523 3408 621 3470 quam
645 3408 791 3452 sermone
813 3388 964 3471 pedestri,
987 3410 1182 3471 quamquam
1205 3410 1316 3451 verum
1339 3390 1398 3471 est,
1420 3390 1528 3451 tamen
1547 3409 1612 3452 non

377 3494 424 3557 ita
442 3494 674 3578 accipiendum,
692 3496 785 3578 quasi
803 3499 942 3559 metrum
961 3493 1080 3580 ἕρκους
1098 3496 1201 3559 instar
1216 3494 1259 3558 sit
1273 3498 1329 3557 aut
1343 3494 1491 3558 habitum
1506 3494 1613 3575 fuerit,

378 3622 442 3684 quo
466 3604 592 3665 tutante
614 3601 698 3665 nihil
720 3601 817 3665 alieni
836 3601 910 3665 addi
929 3606 985 3665 aut
1004 3600 1090 3666 demi
1108 3600 1265 3684 potuerit:
1284 3604 1369 3665 certe
1387 3602 1492 3665 critici
1511 3602 1612 3666 nostri

379 3707 511 3773 minime
529 3730 564 3773 se
582 3707 735 3773 deterreri
753 3710 841 3793 passi
861 3712 936 3772 sunt
954 3708 1127 3791 quominus
1146 3709 1180 3770 in
1195 3706 1368 3772 comoediis
1383 3705 1612 3792 Aristophanis

377 3814 534 3879 nonnulla
561 3814 645 3879 falso
673 3815 728 3879 sed
755 3836 905 3880 versuum
928 3836 1079 3879 mensura
1101 3813 1255 3879 incolumi
1279 3814 1403 3879 adiecta
1425 3817 1612 3897 statuerent,

378 3942 516 4005 quorum
534 3923 646 3987 fraude
664 3927 793 4006 poetam
812 3943 941 3988 necesse
960 3926 1044 3987 esset
1062 3922 1153 3988 ocius
1172 3920 1309 3986 liberari.
1342 3920 1441 3985 Velut
1461 3921 1497 3984 in
1513 3919 1613 4004 ltqui-
1627 3944 1653 3986 ao

377 4028 466 4093 tibus
490 4050 571 4112 quae
594 4029 747 4116 leguntur
769 4029 990 4116 Paphlagonis
1012 4030 1111 4093 verba

589 4137 655 4201 912
701 4136 765 4221 ἐγώ
790 4155 827 4202 σε
850 4140 977 4220 ποιήσω
1001 4160 1090 4221 τριη-

699 4255 834 4330 ραρχεῖν
858 4243 1141 4327 [ἀναλίσκοντα
1164 4255 1240 4309 τῶν

468 4455 516 4525 *9)
534 4453 684 4523 Euripides
707 4454 738 4507 in
755 4454 877 4509 Hercule
897 4459 966 4508 1173
990 4454 1024 4509 ot
1047 4473 1103 4509 που
1127 4453 1266 4523 λέλειμμαι
1290 4454 1339 4508 καὶ
1358 4452 1499 4521 νεωτέρων
1518 4462 1612 4507 κακῶν

378 4543 492 4612 ὕστερος
510 4546 647 4614 daippus,
665 4542 759 4597 Livius
777 4549 899 4612 1115,15
919 4544 1047 4599 Antiates
1064 4544 1138 4598 mille
1155 4544 1262 4610 milites,
1282 4544 1349 4613 qaia
1366 4560 1455 4597 aarum
1474 4543 1612 4597 camaliam

376 4642 441 4702 porr
454 4635 591 4703 praelim
609 4640 747 4700 ocroeraat,
766 4650 828 4687 cam
846 4634 1001 4704 ipaomiaia
1019 4632 1139 4699 dimissa
1162 4651 1239 4686 xxvu
1253 4637 1331 4696 20,3
1351 4633 1389 4686 ad
1407 4632 1613 4687 Hasdrubalem

379 4740 474 4778 verrere
495 4740 585 4779 seram
604 4730 668 4791 post
689 4724 760 4777 saule
781 4730 885 4793 pectam
906 4740 963 4777 rem
985 4722 1132 4776 auxilium.
1161 4721 1279 4776 Plautus
1304 4720 1477 4775 Menaechm.
1497 4740 1514 4775 v
1533 4726 1563 4790 6,
1578 4724 1612 4773 26

377 4813 426 4866 aed
448 4819 537 4867 metuo
554 4829 589 4866 ac
611 4829 671 4867 sero
692 4809 804 4866 veaiam'
824 4812 980 4881 depupaato
998 4811 1112 4880 proelio.
1142 4809 1366 4879 Capt1v2,90.
1399 4810 1442 4864 Ne
1465 4810 1550 4865 nimis
1570 4810 1613 4863 in-

379 4903 509 4969 crepent,
534 4900 645 4969 siquid
666 4900 857 4955 abundantius
877 4900 970 4953 dicia
990 4898 1105 4953 Platone
1125 4900 1261 4955 videatur.
