3967 5725
385 605 453 670 248
611 609 695 659 XLV.
713 606 832 658 mnnx
848 609 1064 660 LEGI'IONUM
1082 610 1314 662 inserviente
1333 613 1411 663 189⁷.

384 768 532 853 fidenter,
554 789 777 853 quaeeumque
799 770 868 834 eius
891 769 1069 834 sententiae
1088 771 1193 836 forme
1210 771 1317 855 fuerit,
1340 772 1420 836 mebi
1436 773 1571 838 mm
1587 770 1624 835 in

384 897 423 941 ea
449 877 557 941 loonm
578 875 745 961 habuisse,
772 876 803 941 h.
822 897 849 941 e.
872 875 946 958 ἐμοὶ
969 878 1080 962 δειλῇ,
1107 880 1145 942 ut
1166 876 1289 943 Briseis
1312 878 1359 942 ait
1381 877 1432 965 (ll
1450 876 1624 961 11128'1),

384 987 419 1047 et
440 1005 537 1068 qnam
560 983 625 1048 hoe
647 1005 749 1070 genus
771 984 807 1047 in
829 982 954 1049 delieiis
975 982 1126 1049 hebuerit
1144 982 1291 1050 Catullus
1313 983 1451 1071 (dequo
1470 986 1551 1050 scite
1568 985 1624 1049 ad-

383 1091 512 1156 monuit
526 1090 563 1155 P.
577 1089 749 1155 Sebulnins
761 1089 873 1156 Herm
886 1088 1071 1178 xxmeee)
1086 1093 1233 1176 exemplu
1245 1089 1394 1176 probant,
1406 1113 1456 1157 me
1473 1093 1625 1158 mearam

383 1197 1007 1283 m55293fflV1193mi⁹m
1034 1219 1083 1263 me
1108 1198 1268 1283 xclx113
1295 1200 1444 1264 miseram
1466 1215 1625 1264 πίθων

383 1301 443 1390 57;
473 1306 587 1370 misem
609 1354 644 1369 ..
667 1304 748 1370 mebi
769 1321 806 1368 121
829 1304 865 1389 53
897 1304 1086 1389 va111203
1115 1305 1166 1369 92.
1208 1302 1243 1370 Si
1274 1327 1351 1371 vero
1382 1313 1469 1370 reete
1502 1303 1623 1369 Catulli

382 1433 474 1477 more
504 1411 666 1497 probante
696 1411 850 1497 ponimus
876 1412 958 1478 mele
984 1416 1018 1476 et
1044 1413 1178 1478 miserae
1204 1412 1330 1498 seiungi
1357 1415 1391 1478 et
1417 1412 1452 1476 in
1479 1411 1623 1476 diversae

382 1522 493 1602 parter
520 1518 678 1583 orationis
699 1517 852 1584 distribui
873 1540 941 1583 non
963 1518 1093 1603 debere,
1119 1518 1197 1584 lieet
1218 1518 1297 1584 bine
1319 1519 1417 1583 etiem
1439 1520 1476 1583 in
1497 1521 1624 1583 eontra

382 1627 469 1690 rium
491 1626 692 1709 ratiocinari,
719 1627 754 1689 in
776 1626 886 1710 priore
907 1627 1069 1691 sententia
1091 1625 1209 1690 Nande
1231 1647 1298 1690 non
1319 1625 1420 1690 fidene
1442 1625 1500 1690 sed
1520 1625 1624 1689 fnisse

342 1732 482 1800 renobis.

472 1838 588 1924 ltaque
609 1840 676 1904 iam
698 1840 780 1904 haee
801 1842 852 1903 eet
873 1840 978 1904 oratio

588 1947 636 2011 Ar
657 1968 721 2011 non
743 1946 819 2010 beer
839 1946 1000 2028 piendam
1022 1945 1111 2010 nobee
1128 1947 1287 2027 protense
1310 1946 1425 2010 dedisti

595 2054 680 2137 Voce,
703 2052 784 2117 mde'
805 2073 869 2118 non
890 2051 967 2116 beet
988 2054 1122 2117 miserae
1142 2070 1269 2133 meare
1290 2053 1424 2118 iubeas

381 2159 423 2225 In
444 2183 510 2246 qua
530 2160 616 2226 nihil
637 2182 658 2224 e
676 2158 948 2246 sangermanensi
970 2159 1149 2243 ceterisque
1171 2159 1267 2223 bonis
1289 2159 1383 2224 libris
1402 2158 1539 2224 dieeedit
1557 2158 1623 2223 uisi

382 2289 439 2333 nee
465 2269 623 2352 seriptum
649 2289 710 2351 pro
737 2288 815 2350 non,
843 2266 931 2351 quod
952 2267 988 2330 in
1010 2287 1075 2330 uno
1099 2267 1241 2330 alterove
1263 2265 1532 2350 interpolatorum
1554 2287 1624 2330 eor·

381 2379 508 2440 rectum
535 2381 592 2440 est
628 2375 679 2440 Ae
704 2375 892 2459 praestabat
918 2374 1056 2438 fortusse
1083 2372 1145 2438 hee
1171 2394 1237 2436 una
1264 2373 1462 2438 porrectione
1487 2372 1624 2459 defungi

381 2486 417 2545 et
438 2481 472 2544 in
496 2482 561 2545 ieta
583 2481 838 2546 conformatione
861 2481 1073 2564 aequieeeere.
1111 2477 1174 2542 Sed
1197 2483 1370 2544 oecurrunt
1390 2484 1500 2544 tamen
1522 2479 1623 2545 etiarn

380 2607 469 2651 nune
490 2586 709 2652 dubitationes
732 2609 799 2653 non
820 2588 975 2674 indignae
998 2607 1080 2671 quae
1103 2585 1353 2650 considerentur.
1387 2583 1427 2650 In
1449 2584 1512 2650 bae
1534 2586 1623 2649 enim

315 2687 319 2692 ’
380 2693 527 2758 oratione
549 2693 630 2757 mebi
650 2714 716 2758 noe
736 2693 813 2758 beet
834 2696 968 2759 mieeree
987 2712 1116 2774 mare
1136 2691 1263 2757 iubebas
1283 2693 1379 2758 focile
1401 2692 1561 2756 addueare
1583 2697 1624 2756 nt

341 2800 528 2869 »dativum
554 2799 635 2865 mebi
661 2802 795 2867 miserae
815 2824 836 2868 a
857 2801 987 2867 iubeedi
1009 2798 1108 2864 verbo
1131 2819 1322 2883 suspensum
1345 2821 1414 2865 esse
1437 2804 1562 2883 medes,
1589 2805 1624 2865 et

381 2908 498 2972 statuit
519 2906 584 2972 boe
604 2906 751 2994 Elusus,
773 2908 830 2973 sed
851 2909 999 2992 exemplu
1021 2927 1182 2989 perpeuea
1200 2909 1277 2969 eunt
1293 2928 1353 2972 nee
1370 2908 1449 2971 satis
1468 2912 1566 2990 uerba,
1588 2912 1625 2971 et

380 3014 445 3079 hoe
470 3015 545 3081 loeo
571 3036 612 3079 eo
638 3015 743 3101 magis
770 3015 805 3078 id
831 3014 1020 3100 ambignum
1048 3018 1098 3076 est
1126 3012 1202 3096 quia
1229 3012 1357 3077 dativus
1383 3014 1465 3078 mei
1489 3016 1624 3080 miserae

380 3126 511 3207 poteret
531 3144 605 3187 eum
626 3125 780 3204 mendi
803 3122 902 3187 verbo
924 3122 1118 3185 eoniunetus
1136 3140 1215 3200 esse,
1237 3123 1275 3182 ut
1292 3118 1457 3204 Vergilius
1474 3119 1624 3205 loquitur

381 3225 1622 3316 (Amm241)quieeiiamrepeempuymereb=epesaeemm

379 3338 473 3413 bont·
494 3336 653 3402 Horatius
671 3336 713 3423 (e
733 3359 764 3420 p.
779 3332 861 3421 240)
882 3340 920 3399 et
937 3334 1000 3398 sebi
1017 3332 1121 3413 quivis
1136 3338 1235 3411 epm!
1253 3333 1353 3408 idem·
1376 3328 1511 3397 Ovidius
1529 3331 1622 3418 (Met

380 3460 408 3506 n
426 3442 509 3527 631)
533 3450 769 3523 merumque
795 3441 858 3505 arbi
883 3461 947 3504 non
971 3438 1077 3519 falsae
1094 3438 1243 3519 maenio
1265 3438 1400 3520 liuprsne
1436 3435 1489 3503 lta
1511 3444 1622 3505 autem

381 3552 411 3613 si
442 3548 562 3613 Catulli
593 3549 693 3614 verba
723 3549 988 3632 interpretemur,
1021 3565 1087 3609 non
1117 3543 1242 3608 iubebas
1271 3544 1347 3609 beer
1376 3544 1457 3609 mei
1488 3546 1623 3611 nime

379 3675 520 3737 sperare,
551 3655 629 3719 ilico
660 3654 864 3718 aecusativus
896 3651 1070 3715 desiderari
1095 3649 1238 3731 ridetur,
1269 3651 1326 3733 qni
1353 3651 1481 3715 fneilius
1508 3651 1622 3717 abesse

379 3766 524 3847 poterat,
550 3762 579 3825 si
604 3783 646 3825 ne
667 3760 808 3824 alterum
830 3758 960 3842 quidem
981 3776 1160 3839 pronomen
1182 3755 1327 3820 additum
1351 3760 1433 3833 erat,
1459 3778 1524 3822 noe
1545 3758 1623 3823 beer

340 3894 368 3933 aa
379 3889 507 3950 operm
528 3868 663 3933 iubebas
700 3865 765 3930 Sed
787 3865 941 3948 quoniam
962 3862 1059 3925 nobis
1077 3864 1203 3925 constat
1221 3862 1301 3926 mei
1318 3864 1451 3927 πίωσι
1467 3863 1568 3928 rerba
1586 3867 1622 3929 iu

380 3976 445 4042 boe
472 3995 568 4039 versu
589 3974 714 4039 moveri
735 3992 802 4035 non
826 3970 955 4053 debere,
980 3968 1111 4031 aliunde
1132 3966 1209 4030 huie
1231 3966 1426 4032 dubitationi
1447 3968 1622 4036 obvenien-

380 4082 459 4147 dum
482 4086 540 4145 est.
580 4078 621 4145 In
644 4102 709 4163 qua
731 4100 768 4142 re
790 4078 897 4140 nerine
918 4073 1150 4139 attendendum
1166 4078 1223 4151 est,
1245 4094 1301 4138 nee
1317 4096 1377 4158 pro
1395 4095 1460 4139 noe
1478 4076 1515 4140 in
1532 4081 1623 4141 utno-

381 4210 446 4273 qne
466 4186 553 4251 libro
575 4191 743 4251 exaratum
765 4183 876 4264 fuisse,
899 4182 955 4265 qui
977 4182 1039 4245 etsi
1057 4181 1138 4244 levis
1157 4202 1247 4245 error
1263 4201 1333 4243 esse
1351 4181 1489 4265 videtur,
1510 4188 1623 4248 tumen

379 4296 453 4359 eius
476 4297 511 4358 in
533 4293 586 4357 bis
605 4291 726 4356 Catulli
749 4290 945 4354 earminibus
967 4287 1030 4350 nisi
1053 4286 1198 4350 fallimur
1220 4308 1287 4350 non
1308 4291 1415 4351 exstat
1433 4291 1621 4373 exemplum

379 4406 605 4483 praeterquam
624 4420 651 4461 e.
665 4416 690 4461 x
707 4396 758 4478 13,
776 4393 833 4459 ubi
850 4416 916 4460 nos
929 4392 1215 4478 sangermanensis
1232 4413 1307 4456 oum
1326 4394 1440 4457 ceteris
1456 4396 1621 4481 omnibns

380 4526 464 4568 unua
491 4502 687 4569 Oxoniensis
716 4522 773 4566 nee
803 4500 935 4565 exhibet
962 4499 1050 4583 quod
1076 4520 1141 4562 non
1170 4500 1288 4563 iniuria
1314 4499 1504 4583 praefertur.
1545 4502 1620 4579 Quo

380 4630 454 4675 euru
478 4612 608 4675 ascedat
630 4612 666 4675 in
687 4609 753 4673 boe
773 4629 870 4672 versu
891 4626 961 4670 eooe
983 4605 1063 4668 mei
1079 4624 1135 4668 nee
1150 4605 1226 4670 beer
1243 4606 1376 4670 misem
1391 4626 1518 4687 waere
1534 4609 1621 4674 iube·

380 4716 437 4781 bes
464 4716 551 4800 qnod
573 4718 607 4781 in
631 4716 713 4781 mer·
737 4734 793 4777 nec
813 4712 1136 4797 impediturum,
1164 4712 1220 4794 qui
1243 4712 1312 4775 sine
1336 4712 1415 4775 mibi
1435 4718 1522 4777 recte
1545 4737 1622 4799 pro-

381 4822 475 4906 cedit,
498 4845 565 4887 rece
587 4843 643 4887 nec
662 4822 740 4885 boec
761 4822 895 4883 miserae
914 4838 1042 4899 sperare
1065 4818 1200 4895 nerbas,
1222 4818 1396 4883 verisimile
1418 4819 1457 4881 fit
1478 4841 1545 4885 non
1563 4842 1621 4888 nee
