3967 5725
746 618 796 667 DE
814 618 997 669 EURIPHJIS
1015 620 1195 671 HERCULE.
1542 620 1585 684 67

353 776 403 840 vit
425 777 566 863 graviter
589 778 644 842 sed
667 779 730 843 nisi
753 778 897 845 fallimur
920 780 1050 845 iniuria:
1073 802 1148 846 nam
1171 780 1342 858 ἀναιτίους
1363 781 1487 847 Thesea
1509 806 1590 849 sane

353 882 433 949 dicit
459 884 629 969 Hercules,
661 886 819 950 neminem
850 890 1029 971 praeterea,
1061 887 1138 970 quia
1165 888 1205 951 ad
1232 890 1390 954 neminem
1422 892 1587 974 praeterea

353 993 415 1055 ista
443 992 581 1057 formido
611 992 813 1078 contagionis
842 993 1040 1079 pertinebat3
1071 994 1106 1059 id
1133 996 1220 1080 quod
1246 995 1357 1060 fabula
1389 996 1460 1080 ipsa
1492 997 1588 1061 docet

353 1094 440 1185 (vide
464 1121 561 1183 supra
583 1098 704 1185 allata),
726 1120 831 1183 neque
854 1101 889 1165 in
912 1122 949 1165 ea
971 1123 1006 1164 re
1029 1101 1138 1185 inepte
1161 1102 1344 1167 memineris
1368 1125 1478 1167 eorum
1503 1126 1587 1187 quae

352 1205 391 1268 de
415 1203 539 1290 Oedipo
563 1206 714 1271 dicuntur
737 1208 771 1271 in
795 1204 918 1292 Oedipo
942 1207 980 1273 u.
1006 1207 1092 1273 1429

674 1314 718 1389 ὡς
741 1312 872 1398 τάχιστ’
894 1317 942 1391 είς
965 1308 1061 1380 οἷκον
1083 1313 1280 1396 ἐσκομίζετι·

512 1432 582 1496 τοῖς
605 1418 641 1484 ἐν
664 1419 753 1503 γένει
777 1421 839 1505 γὰρ
864 1420 1006 1504 τάγγινῆ
1023 1420 1173 1503 μάλισθ’
1196 1421 1280 1507 ὁρᾶν

511 1530 627 1609 μόνοις
651 1524 673 1590 τ’
702 1526 839 1592 ἀκούειν
861 1527 1007 1611 εὐσεβῶς
1029 1524 1095 1613 ἔχει
1120 1530 1214 1612 mxci,

351 1638 383 1696 et
411 1633 498 1717 quod
525 1635 673 1697 universe
700 1634 848 1717 loquitur
874 1637 953 1711 τοὺς
980 1634 1152 1711 ἀναιτίους
1183 1635 1348 1721 appellans
1379 1659 1452 1703 cum
1484 1661 1584 1703 unum

350 1740 486 1827 cogitat,
514 1762 619 1824 neque
648 1739 789 1805 insolens
818 1744 867 1805 est
895 1739 989 1826 (2663
1013 1741 1093 1825 2773
1116 1739 1197 1828 567)
1229 1764 1333 1826 neque
1365 1743 1429 1808 hoc
1460 1749 1585 1809 sentcn-
1600 1772 1627 1813 ιο

349 1847 468 1912 tiarum
491 1850 603 1911 tenore
627 1848 800 1913 obscurum
824 1869 892 1912 esse
915 1851 974 1931 pot
1000 1848 1038 1933 ‘t3
1065 1860 1211 1914 κακῶσαι
1240 1854 1346 1915 autem
1370 1851 1448 1935 quid
1471 1851 1529 1934 sit,
1556 1853 1584 1915 si

350 1955 402 2019 cui
424 1954 522 2019 nimis
546 1952 711 2018 indefinite
736 1954 798 2019 dici
821 1954 981 2038 videatur,
1009 1955 1185 2038 praemissa
1211 1956 1308 2020 verba
1335 1960 1586 2042 προστρόπαιον

349 2052 430 2149 αἷμα
453 2067 568 2145 προσλ.
593 2083 674 2145 quae
699 2083 771 2126 cum
795 2060 861 2125 illis
885 2083 982 2125 unam
1007 2062 1198 2127 senteutiam
1224 2063 1370 2128 efficiunt
1388 2065 1514 2130 abunde
1532 2066 1592 2149 de¹

350 2170 480 2233 clarent.
530 2166 569 2233 In
596 2167 648 2233 bis
675 2172 782 2233 autem
812 2168 905 2253 ipsis,
934 2168 1052 2252 quibus
1081 2190 1114 2233 se
1143 2168 1243 2253 ἐναγῆ
1272 2191 1340 2235 esse
1373 2193 1412 2234 ex
1444 2170 1584 2237 filiorum

349 2274 445 2339 caede
468 2273 623 2341 Hercules
647 2276 776 2359 fatetur,
800 2276 878 2359 quid
902 2296 971 2340 esse
996 2275 1155 2340 credimus
1180 2276 1266 2360 quod
1285 2278 1355 2341 iure
1373 2277 1584 2362 reprehenda-

347 2386 415 2447 tur:
439 2382 502 2447 dici
525 2383 653 2466 quidem
679 2385 806 2467 poterat
828 2384 1075 2468 apostolicatus
1097 2383 1146 2447 ὤν
1166 2381 1216 2469 (ut
1232 2382 1332 2471 1259)
1351 2385 1403 2448 vel
1421 2387 1583 2470 προστρό-

347 2511 451 2554 παιον
474 2480 555 2573 αἷμα
577 2486 663 2574 ἔχων
687 2487 790 2576 (velut
815 2488 900 2553 1076
925 2479 1006 2573 αἷμα
1028 2490 1198 2573 σύγγονον
1225 2488 1300 2572 ἕξει,
1324 2490 1363 2555 ci.
1385 2490 1499 2577 1284),
1528 2494 1585 2555 sed

346 2618 415 2660 non
437 2596 545 2661 minus
568 2602 664 2682 recte,
692 2598 870 2681 opinamur,
898 2596 980 2661 illud
1003 2596 1091 2679 quod
1112 2597 1255 2681 positum
1278 2597 1426 2683 legimus,
1454 2620 1518 2681 quo
1542 2599 1583 2662 ad

348 2703 635 2769 commiserandam
659 2704 787 2769 caedem
810 2703 929 2768 iactam
953 2704 1017 2769 boc
1040 2705 1210 2769 accessisse
1234 2704 1351 2769 dicitur
1371 2709 1408 2770 ut
1427 2705 1482 2788 qui
1501 2706 1584 2770 fece

347 2810 392 2874 rit
419 2812 664 2896 προστρόπαιος
693 2810 862 2876 exstiterit.
908 2809 1022 2895 ltaque
1050 2812 1085 2876 in
1111 2810 1163 2876 bis
1191 2810 1298 2877 verbis
1325 2811 1409 2878 nihil
1437 2834 1505 2878 osse
1533 2836 1581 2877 ar·
1596 2848 1623 2889 ,ο

346 2917 507 2983 bitramur
535 2918 701 3003 depravati
728 2920 791 2983 nisi
819 2941 919 2983 unum
948 2921 1049 3006 τῷδε,
1083 2919 1169 3002 quod
1200 2941 1267 2984 non
1298 2919 1396 2985 habet
1428 2942 1492 3004 quo
1520 2921 1582 2985 niti

345 3025 464 3108 possit:
498 3025 641 3110 reposito
670 3027 708 3090 de
736 3024 933 3091 Kirohhoffii
964 3025 1150 3110 opinatione
1177 3027 1298 3109 τῶνδε,
1332 3029 1419 3110 quod
1452 3026 1491 3091 ab
1523 3030 1581 3092 illo

347 3154 444 3214 quam
480 3131 571 3198 nullo
610 3132 793 3198 discrimine
832 3134 928 3198 distet
964 3137 1116 3217 apparet,
1153 3134 1311 3218 integram
1345 3133 1478 3198 habebis
1511 3157 1582 3198 sen·

344 3239 478 3304 tentiam

507 3345 561 3412 και
585 3348 690 3412 τῶνδε
713 3349 962 3432 προστρόπαιον
985 3337 1066 3431 αἷμα
1087 3348 1288 3432 προσλαβὼν

507 3454 607 3518 οὐδὲν
631 3465 777 3518 κακῶσαι
800 3457 879 3531 τοὺς
902 3453 1073 3530 ἀναιτίους
1096 3452 1196 3536 θέλω,

345 3584 442 3643 quam
467 3561 507 3623 ad
530 3559 616 3624 hunc
639 3561 706 3624 fere
729 3560 859 3624 modum
884 3559 1088 3644 interpretari
1111 3559 1197 3644 licet,
1219 3561 1273 3626 και
1297 3561 1418 3625 τούσδε
1446 3562 1578 3625 κτανὼν

344 3669 591 3753 προστρόπαιος
624 3667 672 3732 ὢν
705 3663 806 3732 οὐδὲν
838 3677 985 3731 κακῶσαι
1017 3669 1096 3742 τοὺς
1128 3666 1299 3742 ἀναιτίους
1326 3666 1425 3731 θέλω.
1476 3665 1579 3750 Atqui

345 3775 422 3858 quia
441 3774 523 3862 τῷδε
543 3775 664 3838 incerta
683 3777 845 3838 structura
862 3773 1033 3857 pendebat,
1051 3773 1114 3838 hoc
1128 3779 1165 3838 ut
1179 3772 1388 3857 stabiliretur,
1404 3781 1577 3856 postquam

344 3879 502 3946 (lanieras
525 3882 725 3965 προσβαλὼν
749 3879 952 3946 scribendum
975 3881 1147 3964 proposuit
1169 3902 1229 3964 pro
1252 3881 1468 3964 προσλαβών,
1497 3879 1578 3943 scita
1591 3906 1618 3945 ιο

344 3991 528 4053 coniectura
551 3988 713 4072 plerisque
736 3988 881 4073 probata,
905 3987 1019 4051 turbae
1043 3991 1172 4052 coortae
1196 3990 1271 4051 sunt
1294 4007 1397 4069 neque
1421 3987 1577 4070 composi-

343 4099 406 4160 tae.
451 4094 560 4179 Atque
583 4094 798 4160 Hermannus'
816 4095 898 4182 τῷδε
927 4095 1126 4177 προσβαλών
1154 4094 1193 4157 de
1221 4115 1254 4157 se
1277 4093 1381 4158 dicere
1403 4092 1577 4158 Herculem

343 4203 504 4287 opinatus,
527 4204 686 4268 rationem
711 4205 839 4266 secutus
863 4206 911 4265 est
934 4199 996 4265 hoc
1020 4200 1149 4284 quidem
1173 4200 1243 4264 loco
1269 4199 1400 4265 minime
1427 4200 1577 4284 probabi-

341 4309 420 4395 lem3
443 4309 540 4374 ceteri
564 4311 645 4399 τῷδε
669 4310 703 4372 ιιι
726 4309 786 4372 hac
810 4307 954 4373 oratione
978 4330 1044 4371 non
1067 4330 1163 4391 posse
1181 4309 1245 4372 nisi
1263 4308 1303 4371 ad
1322 4306 1445 4372 Thesea
1464 4307 1575 4372 referri

341 4415 571 4502 intelligentes,
595 4417 634 4480 ab
659 4416 721 4480 boc
744 4415 903 4500 principio
927 4415 1081 4479 mutando
1106 4415 1241 4479 delendo
1268 4414 1507 4498 transponendo
1536 4435 1576 4478 ex

287 4537 327 4591 lt
342 4522 590 4588 difficultatibus
614 4545 694 4607 quas
717 4522 779 4607 ipsi
804 4525 949 4586 crearent
972 4522 1124 4605 expedire
1148 4543 1182 4584 se
1206 4522 1312 4586 conati
1342 4525 1417 4586 sunt
1444 4520 1574 4603 frustra,

342 4633 370 4696 si
394 4630 523 4714 quidem
546 4631 657 4695 multis
681 4629 837 4694 machinis
860 4650 927 4693 non
946 4630 1083 4693 assecuti
1102 4633 1177 4693 sunt
1195 4629 1229 4692 in
1248 4651 1312 4713 quo
1333 4651 1439 4692 veram
1458 4631 1574 4711 poetae

342 4738 520 4802 orationem
548 4757 710 4822 agnoscas.
760 4734 874 4819 Neque
902 4736 964 4799 hoc
992 4735 1233 4800 Wilamowitzii
1266 4734 1501 4815 emendatione,
1534 4756 1572 4795 ex

341 4867 406 4928 qua
429 4843 566 4928 profecti
590 4865 711 4926 sumus,
735 4842 881 4926 quamvis
905 4841 1073 4928 ingeniosa
1096 4843 1147 4928 sit,
1175 4843 1324 4908 effectum
1348 4841 1488 4921 videtur3
1517 4840 1574 4918 qui

1322 4952 1337 4997 5
1344 4946 1359 4977 ss
