3967 5725
371 629 437 694 296
537 634 662 685 XLVIII.
681 633 799 684 INDEX
817 629 1031 684 LEcTIONUM
1049 631 1291 682 HIBERNARUM
1311 629 1442 702 1898j99.

371 793 462 871 Quae
483 815 521 858 eo
538 795 660 859 tutiora
678 795 835 872 videntur,
860 793 993 877 quodsi
1013 793 1089 876 quid
1110 792 1184 856 iuda
1203 792 1329 875 decerpi
1348 791 1428 856 volis
1448 791 1603 877 ambigas,
1623 799 1641 854 ἲ

369 902 405 966 iu
435 905 539 966 utram
568 905 692 985 partam
719 901 835 966 faloam
863 899 1033 983 immittas,
1061 899 1275 984 figurabamus
1303 898 1337 963 in
1361 898 1540 964 orationem
1563 921 1606 963 au

370 1030 455 1091 cam,
487 1030 578 1093 quac⁴
601 1009 712 1072 eadem
743 1007 874 1092 proprie
902 1006 1003 1072 effert.
1044 1004 1133 1071 Haec
1162 1009 1269 1071 autam
1298 1005 1325 1070 si
1353 1010 1509 1090 temptare
1540 1027 1606 1070 uon

368 1114 458 1200 licet,
490 1114 593 1180 nihilo
622 1114 729 1180 minus
757 1115 946 1179 invehamur
973 1115 1008 1178 in
1034 1113 1114 1179 haec
1137 1135 1219 1197 quac
1242 1112 1276 1176 iu
1300 1110 1471 1197 Symposio
1495 1112 1608 1200 legun-

369 1226 424 1286 tur
445 1220 489 1307 (p.
512 1220 614 1309 illc)

532 1327 596 1412 ἐγὼ
624 1324 687 1395 οὖν
711 1327 865 1413 ἐπιθυμῶ
889 1329 955 1412 ἅμα
977 1323 1040 1410 μὲν
1062 1328 1168 1414 τούτῳ
1192 1323 1337 1410 ἔρανον
1361 1330 1610 1410 εἰσενεγκεῖν

531 1436 585 1500 καὶ
605 1438 857 1520 χαρίσασθαι,
876 1435 941 1520 ἅμα
961 1430 997 1500 δὲ
1016 1433 1054 1500 ἐν
1072 1442 1116 1522 τῷ
1132 1436 1273 1520 παρόντι
1292 1433 1421 1519 πρέπον
1439 1457 1494 1518 μοι
1514 1436 1610 1499 δοκεῖ

532 1535 618 1608 εἰναι
641 1551 804 1626 κοσμῆσαι
827 1542 887 1606 τὸν
908 1544 994 1607 θεόν

372 1655 414 1715 et·
436 1648 492 1715 καὶ
525 1653 728 1734 χαρίσασθαι
759 1647 859 1714 verba
889 1648 1063 1714 violentius
1096 1647 1271 1713 avellamus
1303 1670 1375 1713 cum
1404 1647 1610 1714 Hartmano?

330 1782 357 1824 ιο
371 1756 465 1834 Quod
482 1757 576 1823 uobis
596 1756 725 1840 quidam
744 1759 852 1820 votare
870 1755 967 1821 ctiam
986 1755 1169 1839 exemplum
1183 1753 1458 1840 Aristophunaum
1473 1755 1611 1820 videtur.

370 1863 438 1929 Aut
466 1886 505 1928 cx
532 1863 594 1930 hac
620 1863 785 1948 praeclara
811 1862 952 1947 pictura,
981 1885 1078 1946 quam
1095 1863 1142 1928 ,δε
1165 1861 1331 1947 republica
1354 1861 1531 1928 v1115530
1554 1885 1610 1926 ox-

370 1971 482 2056 posuit

525 2069 588 2162 340’
616 2076 678 2144 οὐκ
701 2083 765 2143 οῖει
786 2078 847 2142 τὸν
869 2086 1024 2142 τοιοῦτον
1046 2080 1121 2143 τότε
1144 2079 1191 2154 εἰς
1214 2077 1276 2161 μὲν
1298 2077 1359 2142 τὸν
1377 2081 1508 2162 θρόνον
1527 2075 1611 2142 ἐκεῖ·

531 2208 594 2250 νον
617 2185 654 2250 τὸ
678 2183 922 2268 ἐπιθυμητικόν
944 2208 980 2248 τε
1003 2185 1057 2249 καὶ
1077 2186 1327 2269 φιλοχρήματον
1346 2183 1534 2267 ἐγκαθίζειν
1552 2181 1610 2248 καί

532 2291 638 2375 μέγαν
659 2290 798 2375 βασιλέα
820 2301 931 2356 ποιεῖν
954 2289 992 2355 ἐν
1015 2289 1128 2378 ἑαυτῷ,
1151 2290 1267 2376 τιάρας
1289 2314 1324 2356 τε
1347 2288 1402 2356 καὶ
1425 2293 1612 2374 στρεπτοὺς

525 2399 587 2464 .καί
615 2397 773 2474 ἀκινάκας
795 2399 1071 2482 παραζωννύντας
1099 2399 1136 2463 τὸ
1160 2396 1200 2463 δέ
1221 2421 1258 2480 γε
1282 2400 1472 2480 λογιστικόν
1494 2420 1528 2463 τε
1553 2395 1610 2463 καί

533 2499 713 2589 θυμοειδὲς
731 2504 830 2587 χαμαί
849 2501 952 2570 ἔνθεν
970 2503 1025 2570 καί
1044 2501 1147 2570 ἔνθεν
1165 2506 1398 2588 παρακαθίσας
1415 2503 1478 2570 ὑπ’
1492 2503 1612 2592 ἐκείνω

532 2611 597 2676 καῖ
629 2612 1035 2696 καταδουλωσάμενος
1061 2612 1099 2676 τὸ
1125 2607 1188 2693 μὲν
1216 2607 1318 2677 οὐδὲν
1345 2613 1426 2676 άλλο
1455 2609 1493 2698 ἐᾷ
1520 2614 1609 2693 λογί-

535 2722 650 2797 ζεσθαι
679 2718 759 2783 οὐδὲ
786 2729 923 2784 σκοπεῖν
951 2717 1022 2783 ἀλλ’
1054 2717 1074 2801 ἣ
1104 2717 1230 2783 ὁπόθεν
1259 2717 1291 2796 ἐξ
1319 2717 1506 2784 ἐλαττόνων
1532 2741 1610 2802 χρη-

534 2826 648 2911 μάτων
670 2827 772 2891 πλείω
795 2822 898 2909 ἔσται,
921 2828 959 2893 τὸ
983 2826 1022 2891 δὲ
1044 2821 1088 2891 αὖ
1110 2825 1295 2910 θαυμάζειν
1313 2824 1369 2891 καὶ
1388 2835 1487 2909 τιμᾶν
1505 2825 1614 2909 μηδὲν

534 2934 616 2999 ἄλλο
639 2933 660 3018 ἢ
682 2936 830 3001 πλοῦτόν
850 2957 885 2999 τε
908 2931 964 2998 καὶ
988 2935 1181 3017 πλουσίους,

374 3042 538 3108 aiicicmus
562 3062 634 3106 cum
658 3042 769 3106 eodem
792 3039 890 3105 verba
912 3040 966 3106 καὶ
989 3040 1338 3124 καταδουλωσάμενος,
1362 3062 1453 3125 quae,
1477 3040 1503 3105 si
1527 3040 1611 3105 nihil

373 3148 475 3233 aliud,
502 3146 764 3232 aequabilitatem
792 3147 933 3231 partium
961 3148 996 3211 iu
1024 3146 1086 3213 hac
1113 3147 1276 3213 luculenta
1305 3146 1517 3232 amplitudine
1541 3170 1612 3213 ors·

373 3255 473 3321 tionis
495 3277 562 3321 non
584 3253 699 3320 leviter
721 3253 897 3319 adiuvant?
932 3253 986 3318 Au
1008 3257 1094 3319 rocta
1118 3254 1239 3338 scripta
1258 3276 1326 3319 assa
1344 3258 1505 3339 putamus,
1528 3276 1613 3339 quac

374 3384 469 3428 nemo
493 3361 704 3446 addubitavit,
727 3361 765 3426 da
788 3360 955 3445 republica
976 3379 1017 3425 111
1035 3385 1064 3446 p.
1085 3361 1177 3427 3890

536 3468 579 3535 διν
602 3466 661 3554 ἄρ’
683 3468 787 3534 ἄλλον
809 3468 885 3534 τινὰ
908 3468 1061 3554 λαμβάνῃ
1085 3469 1295 3554 ψευδόμενον
1318 3467 1355 3534 ἐν
1373 3477 1413 3554 τῇ
1431 3470 1525 3533 πόλει
1543 3480 1615 3534 τῶν

536 3580 571 3641 οἳ
601 3573 794 3660 δημιοεργοὶ
825 3571 912 3660 ἔασι,
942 3576 1064 3657 μάντιν
1094 3574 1113 3659 ἢ
1143 3578 1260 3659 ἰητῆρα
1287 3586 1398 3641 κακῶν
1425 3574 1445 3659 ἢ
1473 3574 1614 3640 τέκτονα
1721 3634 1723 3639 .

537 3682 682 3767 δούρων,
700 3684 833 3748 κολάσει
852 3682 896 3760 ὡς
914 3680 1116 3767 ἐπιτήδευμα
1131 3682 1307 3765 εἰσάγοντα
1321 3684 1469 3758 πόλεως
1484 3682 1615 3766 ὥσπερ

537 3790 633 3866 νεὼς
656 3790 944 3875 ἀνατρεπτικόν
965 3812 1006 3854 τε
1029 3787 1091 3855 καί
1116 3788 1324 3874 ὀλέθριον,

335 3923 363 3964 ω
376 3922 442 3964 non
460 3902 547 3964 recto
565 3899 600 3963 in
619 3918 803 3982 comparem
821 3896 952 3961 modum
967 3896 1107 3961 formata
1122 3918 1204 3980 quac
1219 3896 1254 3960 in
1267 3894 1472 3980 Euthydcmo
1488 3893 1614 3983 (amb)

375 4008 530 4093 lagrmtur

426 4154 429 4160 ,
536 4108 607 4177 ἔστι
636 4111 673 4177 δὲ
700 4110 788 4187 νέος·
815 4110 1016 4195 φοβούμεθα
1040 4110 1081 4195 δὴ
1104 4109 1179 4196 περὶ
1203 4111 1302 4198 αὐτῷ,
1330 4100 1404 4177 οἰον
1427 4112 1514 4187 εἰκὸς
1537 4110 1621 4197 περὶ,

538 4217 618 4306 νέφ,
645 4219 689 4303 μή
716 4239 767 4295 τις
790 4223 864 4303 φθῇ
887 4216 972 4302 ἡμᾶς
995 4215 1056 4283 ἐπ’
1078 4219 1173 4282 ἄλλο
1197 4242 1233 4282 τι
1257 4215 1501 4302 ἐπιτήδευμα
1524 4216 1612 4304 τρέ·

539 4338 613 4402 ωας
635 4326 705 4410 τὴν
729 4325 914 4391 διάνοιαν
938 4322 1017 4410 [καὶ
1040 4324 1290 4411 διαφθείρω,

378 4437 410 4498 et
433 4454 514 4518 quae
537 4434 571 4497 iu
594 4431 773 4519 Protagora
797 4430 877 4518 (313
887 4430 919 4518 ε)

539 4541 571 4603 εἰ
595 4536 657 4623 μὲν
684 4533 748 4605 οὖν
776 4540 819 4604 σὺ
845 4538 1021 4623 τυγχάνεις
1049 4537 1239 4624 ἐπιστήμων
1263 4541 1392 4605 τούτων
1414 4542 1448 4605 τί
1469 4540 1616 4624 χρηστὸν

538 4643 594 4711 καὶ
622 4648 787 4730 πονηρόν,
815 4644 961 4730 ἀσφαλές
984 4661 1038 4711 σοι
1061 4644 1223 4712 ὠνεῖσθαι
1246 4650 1425 4732 μαθήματα
1448 4648 1501 4711 καὶ
1525 4646 1617 4730 παρὰ

540 4756 769 4837 Πρωταγόρου
789 4802 839 4837 ..,
867 4754 897 4818 εἰ
923 4748 962 4817 δὲ
988 4755 1047 4837 μή,
1077 4752 1139 4837 ὅρα
1166 4754 1210 4837 μὴ
1237 4751 1313 4838 περὶ
1342 4762 1411 4831 τοῖς
1439 4754 1616 4836 φιλτάτοις

540 4860 710 4946 κυβεύῃς
738 4860 791 4944 [τε
818 4856 883 4925 καί
910 4858 1173 4945 κινδυνεόγς].
1207 4858 1262 4926 καὶ
1291 4861 1354 4945 γὰρ
1382 4858 1424 4944 δὴ
1447 4857 1502 4926 καί
1524 4862 1616 4925 πολὺ
