3967 5725
814 611 944 676 144
1202 615 1319 692 XL.
1357 615 1589 666 INDEX
1625 615 2056 667 LECTIONUM
2091 616 2574 668 HIBERNARUM
2613 616 2874 686 1894s95.

1076 777 1324 858 quidem
1352 776 1558 840 adhue
1581 796 1722 841 sum
1746 778 2004 858 potitus.
2022 775 2039 801 '
2099 777 2393 859 Anyusta
2427 778 2670 843 homini
2692 779 3000 859 possessio
3032 778 3271 860 yloriae

1071 884 1203 964 fuit
1241 904 1400 966 quae
1444 884 1696 948 deorum
1743 885 2025 949 omnium·
2072 884 2385 964 domicilio
2428 886 2680 967 sufficit.

807 987 982 1055 Scite
1031 988 1344 1073 GertziuS,
1399 995 1474 1054 ut
1527 994 1852 1054 taceamus
1909 991 2186 1055 aliorum
2243 992 2611 1075 sententias,
2663 993 2939 1057 hominis
2993 994 3269 1059 correxit

805 1101 872 1161 et
921 1097 1162 1180 qloriae
1214 1099 1678 1182 interpretatus
1734 1100 1832 1164 est
1891 1098 2294 1180 cupiditatem
2334 1098 2588 1181 qloriae.
2682 1096 2809 1163 Sed
2856 1098 3030 1182 quod
3076 1098 3269 1164 simul

805 1203 1208 1287 transposuit
1245 1210 1515 1286 amyusta
1548 1204 1824 1269 hominis
1855 1205 2097 1287 yloriae
2118 1206 2427 1285 possessio
2449 1206 2581 1287 fuit
2603 1226 2762 1287 quae
2788 1206 3041 1271 deorum
3068 1208 3269 1271 omni·

803 1332 914 1375 um
961 1310 1274 1376 domicilio
1318 1312 1578 1393 suffieit,
1633 1332 1765 1375 non
1810 1311 2162 1395 probamus
2209 1315 2275 1375 et
2310 1310 2723 1376 Valerianam
2768 1313 3082 1378 habemus
3128 1334 3269 1376 eam

808 1438 970 1502 quae
1026 1418 1163 1481 sine
1222 1418 1612 1482 obscuritate
1667 1417 1804 1483 uJJa
1859 1418 1970 1483 sed
2024 1439 2157 1482 non
2214 1418 2350 1482 sine
2403 1419 2472 1483 vi
2527 1418 2826 1483 instituta
2876 1424 2975 1484 est
3019 1420 3269 1485 confor-

805 1523 1004 1588 matio
1063 1530 1332 1607 anqusta
1385 1525 1659 1590 hominis
1700 1526 2010 1606 possessio
2060 1526 2300 1607 yloriae
2347 1526 2491 1607 fuit.
2574 1525 2674 1591 De
2724 1527 2931 1609 yloria
2984 1547 3066 1592 ne
3109 1526 3267 1611 quis

805 1631 1059 1695 dubitet
1103 1630 1444 1696 videantur
1490 1653 1652 1715 quae
1689 1631 1839 1713 218,
1879 1633 1920 1696 6
1965 1632 2299 1718 leguntur,
2355 1634 2533 1698 cuius
2577 1634 3118 1699 mansuetudinem
3151 1654 3268 1717 po-

720 1764 776 1804 10
802 1740 1138 1803 tentissimi
1183 1739 1476 1819 adfectus,
1531 1740 1636 1803 ira
1682 1744 1864 1820 atque
1903 1739 2127 1821 storia,
2184 1745 2433 1822 quatere
2488 1761 2616 1804 non
2649 1746 3001 1821 potuerunt.
3073 1740 3270 1805 Deni-

804 1867 929 1929 que
987 1844 1243 1911 Gertzio
1299 1845 1442 1930 ipso
1499 1847 1570 1910 in
1623 1845 1746 1911 hac
1801 1847 2177 1929 quaestione
2232 1851 2395 1911 teste
2449 1851 2725 1931 utemur,
2780 1850 2894 1932 qui
2938 1871 2999 1932 p.
3036 1848 3188 1932 408,
3223 1848 3269 1911 4

1077 1952 1351 2035 Goryias
1395 1953 1764 2032 Leontinus,
1821 1953 2125 2018 Isocratis
2157 1961 2546 2038 praeceptor,
2600 1975 2721 2019 sua
2773 1956 3079 2020 sententia
3126 1955 3268 2037 feli·

1070 2061 1391 2125 eissimus:
1447 2079 1600 2124 nam
1657 2079 1795 2124 oum
1841 2062 2239 2126 centesimum
2286 2067 2341 2125 et
2382 2063 2713 2142 septimum
2760 2067 2964 2144 ageret
3008 2082 3269 2144 omnum,

1069 2168 1486 2249 interroyatus
1548 2172 1912 2249 quopropter
1977 2173 2109 2231 tam
2174 2168 2290 2232 diu
2352 2168 2528 2233 vellet
2588 2170 2661 2233 in
2731 2169 2864 2233 vita
2931 2189 3267 2249 remanere,

1069 2273 1246 2356 ‘quia
1303 2273 1488 2338 nihil’
1547 2275 1754 2355 inquit
1811 2273 2021 2339 ‘habeo
2076 2275 2242 2356 quod
2292 2281 2651 2340 senectutem
2707 2296 2910 2363 meam
2966 2276 3265 2341 accusem'

798 2381 988 2445 nobis
1046 2381 1305 2465 quidem
1363 2380 1617 2445 videtur
1672 2382 2007 2445 verissime
2062 2402 2475 2466 recuperasse
2522 2382 2696 2467 quod
2745 2404 2968 2469 sensus
3015 2383 3268 2469 flagitat

798 2509 945 2554 cum
994 2488 1218 2553 scribit
1260 2508 1380 2552 sua
1428 2487 1680 2572 [senex]
1733 2490 2039 2553 sententia
2087 2487 2517 2570 felicissimus,
2572 2488 2742 2553 nihil
2794 2488 3097 2555 videlicet
3152 2490 3268 2553 im-

796 2595 1056 2681 peditus
1113 2595 1536 2660 collocatione
1595 2616 1760 2678 quae
1815 2599 1889 2657 ut
1946 2598 2305 2660 sententiae
2350 2596 2525 2659 favet
2570 2595 2662 2659 ita
2709 2594 2957 2660 Valerii
3005 2618 3268 2661 consue-

798 2702 1088 2768 tudinem
1135 2723 1270 2766 non
1315 2701 1592 2767 dedecet.

716 2838 772 2878 xo
980 2808 1333 2875 Possumus
1379 2809 1546 2874 hanc
1591 2809 1789 2875 telam
1834 2813 2167 2894 pertexere
2222 2809 2509 2895 longius,
2567 2808 2824 2893 quando
2882 2809 3142 2895 quidem
3196 2812 3268 2876 in

798 2918 943 2986 aliis
1001 2938 1258 3002 quoque
1314 2917 1736 3001 scriptoribus
1795 2917 2066 2982 subinde
2124 2919 2180 2982 si
2235 2939 2362 3001 qua
2420 2919 2490 2981 in
2536 2917 2809 3003 singulis
2857 2940 2895 2982 a
2941 2917 3268 2984 communi

797 3047 977 3089 more
1024 3023 1414 3089 ordinandae
1462 3024 1772 3088 orationis
1821 3023 2161 3090 discedunt
2205 3027 2274 3089 in
2321 3023 2754 3107 suspicionem
2809 3027 3056 3108 peccati
3102 3027 3268 3110 rapi-

796 3137 996 3197 untur
1060 3131 1419 3215 subitisque
1488 3132 1971 3213 opinationibus
2038 3133 2483 3216 depravantur.
2579 3129 2706 3195 Sed
2773 3131 3123 3197 desinimus
3188 3153 3265 3196 eo

796 3239 1105 3304 libentius
1163 3259 1290 3322 quo
1346 3239 1561 3302 minus
1618 3239 1998 3304 confidimus
2054 3239 2159 3303 vel
2212 3239 2276 3302 in
2333 3239 2437 3303 his
2494 3259 2658 3323 quae
2712 3260 2885 3304 nunc
2929 3240 3265 3325 tetigimus

797 3368 915 3411 nos
962 3345 1185 3409 multis
1230 3367 1647 3430 persuasuros
1696 3366 1851 3410 esse.

976 3470 1066 3517 vl.
1141 3451 1352 3516 Multa
1418 3451 1756 3536 Kempfius
1827 3435 2153 3537 praeclare
2226 3453 2295 3517 in
2354 3451 2615 3517 Valerio
2682 3474 2798 3517 suo
2875 3453 3263 3518 emendavit:

795 3583 991 3625 unam
1039 3558 1137 3624 illi
1184 3581 1263 3623 ex
1308 3557 1531 3622 multis
1587 3558 2101 3624 emendationem
2159 3558 2402 3643 eripere
2459 3561 2515 3623 si
2572 3559 2973 3642 conabimur,
3033 3559 3264 3644 ecquid

795 3667 986 3732 nobis
1033 3665 1388 3731 irascetur?
1461 3683 1589 3729 vm
1631 3665 1733 3749 15,
1773 3667 1806 3728 7
1860 3664 2040 3752 (416,
2084 3663 2196 3753 12)
2242 3665 2403 3731 haec
2447 3665 2754 3751 leguntur

1063 3774 1405 3839 Inhaerent
1446 3773 1549 3838 illi
1591 3774 1724 3838 voci
1754 3775 2124 3853 posterioris
2158 3773 2463 3854 Africani
2497 3778 2724 3853 septem
2764 3770 2831 3837 0.
2870 3773 3088 3837 Μανία·
3122 3792 3263 3837 eon-

716 3908 771 3948 so
1068 3882 1312 3947 sulatus
1357 3901 1432 3944 ae
1477 3880 1599 3944 duo
1645 3879 2029 3962 amplissimi
2074 3880 2409 3961 triumphi:
2465 3879 2556 3944 ad
2596 3899 2815 3961 royum
2861 3880 3029 3944 enim
3073 3900 3265 3961 usque

1061 3989 1297 4070 gaudio
1343 3987 1688 4066 exsultavit,
1735 3987 1913 4071 quod,
1961 4007 2101 4050 oum
2148 3986 2323 4068 apud
2365 3987 2791 4051 Numantiam
2844 3986 2955 4051 sub
3001 4007 3067 4051 eo
3113 3986 3265 4050 (buce

1067 4097 1373 4177 equestria
1435 4094 1752 4177 stipendia
1817 4099 2073 4158 mereret
2133 4099 2191 4158 et
2247 4094 2407 4174 forte
2477 4095 2674 4159 inter-
2712 4113 2929 4158 cenam
3000 4094 3263 4176 quidam

1070 4203 1415 4283 Est-sfis'umfm
1475 4203 1915 4279 {it-fem‘rjffs'f.==·.*·'.·f·.¹'.
1967 4203 2023 4263 ,τὴ-ἑ-
2067 4201 2224 4281 quid
2266 4200 2368 4264 illi
2412 4201 2749 4280 accidisset,
2795 4221 3127 4282 quemnam
3162 4221 3263 4266 res

1054 4311 1307 4387 putidi-'u
1359 4331 1543 4387 [ηᾞεω
1587 4331 1875 4387 ῃκτπψηηπ
1919 4307 2211 4371 festam-a
2247 4312 2397 4373 esset
2430 4308 2884 4392 imperatorem,
2927 4308 3262 4390 respiciens

1066 4435 1134 4479 se
1186 4439 1375 4495 sis-pru
1439 4419 1639 4495 ipis-sm
1703 4419 2015 4475 suffiunt-*uu
2079 4414 2191 4478 ‘vel
2244 4414 2427 4478 hune'
2486 4410 2734 4479 dixerit.
2816 4415 2947 4496 Quo
2993 4415 3260 4497 auyw‘io

1054 4523 1507 4603 Mefitis-simu
1579 4527 1771 4583 rii-tus
1839 4527 2185 4586 mammam
2250 4522 2543 4586 Orientem
2605 4523 2893 4586 virtutem
2955 4522 3261 4586 videritne

1066 4631 1291 4695 aarum
1335 4651 1419 4691 an
1467 4631 1783 4711 effitefwiffi·
1831 4627 2176 4692 sss-<wama
2206 4629 2519 4710 perpendi
2562 4628 2670 4692 vix
2704 4633 2920 4709 potest.

778 4727 906 4808 ,ἦα
950 4735 1026 4808 ut
1062 4755 1267 4824 supra.
1311 4739 1619 4820 scriptun]
1675 4743 1771 4796 est.
1823 4735 2208 4820 prim-Epium
2254 4733 2448 4798 huius
2498 4733 2726 4818 capitis
2776 4739 3103 4800 exaratum
3160 4739 3258 4799 est

666 4892 694 4916 ι,
750 4928 762 4932 -
786 4832 870 4932 'fil
902 4836 1114 4916 Iibrss
1206 4844 1543 4928 Kempfiufl
1599 4856 1811 4908 unt-em
1871 4843 2123 4924 putavit
2172 4839 2501 4906 Valerium
2561 4863 2694 4906 non
2739 4842 2841 4906 illi
2886 4842 2998 4906 sed
3041 4842 3257 4906 inhae-
