3967 5725
261 704 264 710 ,
387 642 448 707 166
602 644 675 695 xm.
695 644 811 694 monn
828 644 1044 696 LEGTIONUM
1060 644 1294 696 ansmvanuu
1313 647 1392 697 ress.
1465 645 1470 653 ’

382 809 415 870 ει
434 804 497 870 798
519 805 683 891 legrmtur.
718 803 896 889 Postquam
915 805 1001 869 enim
1019 805 1227 891 paedagogus
1244 805 1309 871 hoc
1327 806 1463 871 consilio
1481 806 1523 871 ad
1541 803 1616 891 Cly-

380 916 607 977 taemnestram
639 911 756 978 missus
789 911 975 977 simulatum
1009 913 1174 977 interitum
1201 910 1327 978 Orestis
1359 914 1416 978 illa
1448 913 1618 998 splendida

382 1016 532 1083 oratione
555 1021 693 1101 atquae
716 1017 953 1082 miserationem
976 1040 1105 1083 movere
1127 1022 1239 1103 posset
1261 1022 1423 1084 enarravit
1445 1024 1541 1104 atque
1565 1043 1617 1085 ex-

382 1126 521 1208 ornavit,
547 1122 803 1209 Clytaemnestra
825 1124 990 1209 paulisper
1013 1131 1174 1192 commota
1196 1130 1234 1190 ut
1256 1132 1371 1209 mater,
1399 1128 1474 1192 dein
1497 1127 1616 1213 gaudio

381 1234 474 1317 elata,
492 1232 581 1316 qnod
598 1234 690 1297 tanto
708 1232 854 1315 periculo
873 1231 913 1295 ab
932 1232 1038 1297 ultore
1053 1232 1129 1297 dum
1143 1235 1267 1299 viveret
1280 1235 1468 1299 imminente
1481 1234 1618 1300 liberata

382 1338 547 1403 securitati
573 1338 659 1403 vitae
686 1360 721 1402 se
748 1338 823 1403 dare
850 1339 967 1423 possit,
994 1337 1058 1404 hoc
1084 1341 1191 1405 animo
1216 1362 1289 1405 cum
1311 1340 1444 1406 Electra
1465 1342 1617 1426 primum,

331 1486 335 1499 «
382 1445 456 1510 dein
486 1466 559 1509 oum
586 1443 775 1531 paedagogo
804 1466 982 1511 sermonem
1011 1448 1120 1511 nectit.
1165 1447 1217 1512 Ex
1244 1469 1309 1531 quo
1336 1446 1416 1512 haec
1443 1448 1616 1512 afferimus.

542 1556 617 1617 ΗΛ.
663 1552 788 1637 ὕβριζε·
812 1561 877 1618 νῦν
899 1554 963 1638 γὰρ
986 1554 1173 1637 εὐτυχοῦσα
1196 1554 1379 1639 τυγχάνεις.

432 1658 495 1723 795
547 1662 620 1723 KA.
667 1660 794 1725 οὔκουν
813 1656 967 1745 Ὀρέστης
989 1660 1044 1725 και
1068 1662 1111 1725 σὺ
1134 1661 1301 1727 παύσετον
1323 1660 1411 1727 τάδε.

336 1792 368 1833 ιο
542 1769 618 1831 ΗΛ.
663 1763 850 1850 πεπαύμεθ’
878 1764 984 1851 ἡμεῖς,
1007 1767 1068 1850 οὐχ
1092 1767 1182 1844 ὅπως
1205 1783 1242 1832 σε
1264 1769 1444 1849 παύσομεν.

548 1876 620 1937 ΚΛ.
666 1879 800 1939 πολλῶν
823 1872 865 1938 ἀν
888 1873 997 1958 ἥκοις,
1020 1870 1046 1940 ὦ
1071 1868 1149 1957 ξέν’,
1172 1872 1264 1952 ἀξιος
1287 1881 1415 1960 φιλεῖν,

663 1983 695 2045 εί
715 1977 809 2063 τήνδ’
836 1976 983 2057 ἔπαυσας
1006 1990 1064 2063 τῆς
1086 1982 1329 2064 πολυγλώσσου
1352 1986 1441 2065 βοῆς.

430 2086 494 2151 799
541 2091 637 2153 ΠΑΙ.
664 2088 791 2152 οὐκοῦν
813 2085 1035 2172 ἀποστείχοιμ’
1063 2088 1120 2170 ἀν,
1143 2091 1176 2153 ελ
1195 2086 1276 2154 τύδ’
1296 2084 1334 2155 εὖ
1356 2099 1459 2174 κυρεῖ.

380 2193 481 2271 Quem
510 2215 583 2259 cum
611 2216 790 2260 sermonem
819 2196 974 2259 attentius
1002 2196 1240 2279 persequimur,
1267 2196 1408 2279 primum
1435 2196 1616 2283 intelligere

379 2300 539 2385 videmur,
567 2324 649 2386 qnae
673 2301 752 2373 dicit
776 2299 1031 2385 Clytaemnestra
1055 2299 1150 2388 (795)
1175 2303 1302 2368 οὔκουν
1320 2300 1472 2387 Ὀρέστης
1494 2303 1549 2368 και
1573 2298 1615 2368 σὺ

378 2408 545 2473 παύσετον
568 2405 646 2473 τάδε
669 2430 735 2472 non
759 2408 1046 2495 interrogationem
1071 2432 1140 2474 esse
1163 2432 1261 2494 quam
1283 2409 1383 2494 vulgo
1406 2409 1541 2476 credunt
1558 2412 1615 2476 sed

379 2515 630 2600 conclusionem3
659 2516 780 2600 quippe
808 2514 1065 2599 Clytaemnestra
1093 2539 1132 2580 ex
1161 2539 1198 2582 eo
1227 2516 1314 2600 quod
1337 2516 1466 2582 Electra
1489 2517 1616 2583 dixerat

377 2622 503 2707 ὕβριζε·
526 2630 592 2687 νῦν
615 2622 678 2705 χάρ
698 2621 886 2707 εὐτυχοῦσα
902 2621 1079 2706 τυγχάνεις
1096 2623 1232 2710 colligit,
1255 2623 1295 2688 ab
1314 2624 1386 2708 ipsa
1404 2625 1505 2710 igitur
1522 2630 1555 2690 et
1574 2625 1613 2690 ab

379 2726 492 2793 Oreste
514 2732 644 2794 mortuo
667 2728 745 2794 haec
769 2731 832 2793 iam
850 2752 917 2795 non
936 2729 1100 2794 turbatum
1119 2735 1176 2795 aut
1193 2731 1322 2796 finitum
1342 2730 1391 2796 iri.
1428 2730 1522 2808 Quod
1540 2753 1615 2797 cum

338 2834 509 2902 solllectra
535 2857 599 2901 non
624 2835 693 2902 sine
716 2836 891 2902 acerbitate
914 2837 960 2902 ita
983 2857 1052 2903 esse
1076 2839 1270 2904 concesserit
1293 2838 1399 2905 verbis
1422 2837 1615 2924 πεπαύμεθ’

378 2942 485 3028 ἡμεῖς,
518 2943 580 3028 οὐχ
608 2944 697 3021 ὅπως
724 2961 761 3010 σε
789 2946 975 3028 παύσομεν,
1008 2948 1078 3010 tum
1106 2943 1363 3030 Clytaemnestra
1389 2947 1613 3033 paedagogum

291 3053 293 3056 ’
378 3053 530 3137 appellat,
553 3056 590 3116 ut
613 3073 686 3116 eum
706 3053 827 3135 optime
851 3051 890 3116 de
913 3074 946 3116 se
969 3054 1120 3118 meritum
1140 3075 1209 3118 esse
1227 3053 1368 3118 fateatur
1386 3052 1473 3137 qnod
1491 3053 1522 3118 ei
1539 3074 1613 3118 con-

378 3160 456 3246 tigit
477 3163 515 3223 ut
536 3157 685 3224 Electrae
703 3159 888 3223 multisonis
908 3158 1103 3224 clamoribus
1122 3162 1219 3225 finem
1239 3160 1426 3244 imponeret
1461 3158 1538 3224 Non
1557 3160 1614 3224 dn·

379 3266 463 3330 bitat
487 3265 543 3331 illa
565 3266 628 3332 hoc
652 3288 724 3330 eum
747 3287 821 3331 vere
844 3265 1026 3350 perfecisse,
1050 3266 1105 3330 sed
1128 3269 1275 3353 agnoscit
1298 3271 1330 3332 et
1354 3267 1497 3332 dilaudat
1519 3267 1614 3332 bene

377 3374 487 3438 ficium
525 3373 687 3457 quantivis
724 3372 838 3457 pretii3
876 3394 979 3456 neque
1012 3394 1103 3438 secus
1135 3373 1341 3461 paedagogus
1372 3377 1512 3438 mentem
1545 3374 1613 3438 eins

379 3480 511 3565 accepit,
536 3481 592 3564 qui
615 3481 661 3544 ita
683 3481 863 3564 respondet,
887 3483 925 3544 ut
947 3479 1004 3544 illa
1027 3502 1108 3564 quae
1129 3481 1216 3546 dicat
1235 3482 1299 3545 sibi
1316 3485 1409 3567 grata
1427 3502 1495 3546 esse
1514 3481 1614 3567 signi·

378 3588 466 3652 ficet:
494 3587 621 3652 οὐκοῦν
649 3584 879 3670 ἀποστείχοιμ’
905 3585 962 3668 ἀν,
990 3588 1019 3651 εἰ
1047 3585 1119 3652 τύδ’
1146 3583 1184 3652 εὖ
1207 3598 1310 3671 κυρεῖ.
1351 3587 1514 3654 Particula
1536 3609 1613 3652 vero

380 3693 610 3760 condicionalis
633 3715 700 3759 non
722 3694 756 3756 in
779 3691 841 3757 hae
863 3694 966 3779 magis
990 3715 1087 3776 quam
1110 3695 1145 3758 in
1168 3694 1225 3759 illa
1248 3695 1393 3759 oratione
1413 3696 1480 3758 vim
1498 3693 1612 3761 incerti

377 3797 478 3866 habet
498 3805 554 3866 aut
574 3799 795 3884 dubitationis,
814 3800 869 3864 sed
887 3800 991 3866 forma
1010 3800 1224 3866 condicionali
1242 3801 1376 3885 ponitur
1391 3801 1476 3884 quod
1490 3800 1612 3866 factum

335 3935 364 3976 so
379 3914 428 3973 est
451 3931 490 3973 ex
513 3930 616 3992 eoque
639 3907 851 3973 concluditur.
894 3905 986 3971 Hanc
1010 3909 1166 3972 sermonis
1190 3908 1348 3972 rationem
1371 3907 1421 3971 illi
1443 3929 1510 3972 non
1527 3928 1612 3971 asse-

378 4016 444 4080 cuti
472 4021 548 4080 sunt
571 4016 628 4100 qui
651 4014 695 4078 ἀν
716 4010 791 4098 ἧκες
813 4017 1005 4098 reponentes
1029 4011 1102 4101 (pro
1126 4013 1170 4080 ἀν
1191 4011 1300 4101 ἥκοις)
1323 4013 1401 4078 huic
1424 4017 1461 4077 ut
1482 4035 1612 4099 respon·

379 4123 453 4187 deat
479 4124 509 4187 εί
536 4119 696 4205 ἔπαυσας,
724 4142 789 4186 non
818 4120 905 4204 quod
931 4119 1052 4186 factum
1080 4125 1129 4186 est
1157 4121 1212 4186 sed
1239 4121 1327 4206 quod
1353 4121 1425 4185 fieri
1451 4121 1613 4206 potuisset

378 4230 484 4294 efferri
506 4228 633 4313 volunt3
655 4250 722 4296 non
745 4229 848 4315 magis
871 4227 930 4312 illi,
953 4230 1011 4311 qui
1034 4250 1107 4293 cum
1131 4233 1260 4293 servant
1282 4228 1369 4312 quod
1388 4229 1544 4312 scriptum
1564 4230 1613 4290 est

378 4337 412 4400 in
444 4335 536 4400 libris
569 4335 612 4400 ἀν
643 4337 736 4420 ἥκοις
766 4336 845 4400 huic
876 4358 915 4401 ex
948 4336 1047 4399 altera
1073 4339 1165 4420 parte
1193 4338 1224 4400 εί
1249 4336 1348 4418 τήνδε
1375 4335 1519 4411 παύσαις
1546 4331 1613 4420 (vel

379 4441 529 4530 παύσεις)
563 4445 756 4528 respondere
788 4442 914 4507 iubent:
948 4464 1012 4527 quo
1044 4443 1131 4508 facto
1162 4463 1243 4525 quae
1271 4446 1363 4528 gesta
1390 4463 1460 4507 esse
1489 4439 1613 4525 Clytae-

378 4553 520 4615 mnestra
542 4549 701 4642 sentiebat
719 4551 752 4614 in
771 4551 837 4614 vim
856 4549 923 4615 voti
943 4554 1000 4614 aut
1018 4549 1120 4614 futuri
1138 4549 1304 4613 notionem
1323 4548 1507 4632 accipienda
1528 4552 1613 4612 sunt

378 4656 510 4722 Poterat
523 4662 610 4722 recte
624 4657 687 4721 diei
705 4658 791 4740 ἥκεις
804 4655 894 4735 ἀξιος
908 4659 940 4721 εί
952 4653 1107 4741 ἔπαυσας,
1122 4679 1141 4719 a
1156 4677 1219 4740 quo
1234 4657 1423 4721 tenuissima
1432 4655 1612 4720 differentia

379 4765 477 4828 distat
496 4763 529 4828 id
548 4763 635 4848 qnod
653 4764 749 4828 solita
767 4763 950 4828 urbanitate
968 4762 1122 4847 loquendi
1140 4763 1283 4846 positum
1303 4767 1352 4827 est
1370 4761 1412 4827 ἀν
1425 4763 1528 4845 ἥκοις,
1546 4784 1613 4827 non

379 4872 472 4936 aliter
499 4875 596 4957 atque
624 4869 658 4934 in
686 4871 834 4954 proximo
863 4892 956 4934 versu
986 4867 1210 4954 ἀποστείχοιμ’
1242 4871 1285 4934 ἀν
1312 4874 1345 4952 et
1372 4869 1550 4951 sexcenties
1577 4870 1613 4933 in
