3967 5725
400 604 464 668 174
625 607 698 658 xm,
717 607 833 657 neuun
851 605 1066 658 nnfflouun
1083 606 1317 658 ansrwnnun
1337 609 1415 658 raes.

396 769 456 833 tim
475 768 538 832 hoc
556 789 685 852 quoque
704 767 738 831 in
757 789 794 832 ee
812 789 846 832 re
865 769 1016 852 persequi
1033 767 1131 834 liceat
1149 768 1237 852 quod
1255 766 1464 852 instituimus,
1482 770 1519 833 ut
1537 767 1635 832 huius

397 874 484 939 modi
513 895 625 939 causas
653 874 862 958 probaremus
889 896 954 939 non
982 874 1204 940 ratiocinando
1227 877 1284 940 eut
1308 873 1485 960 argutando
1509 873 1565 937 sed
1588 878 1634 939 te-

376 981 558 1046 stimoniis
582 981 637 1046 sed
661 981 815 1066 exemplis
839 981 892 1067 agi
916 985 1073 1065 oportere.

486 1086 599 1173 Itaque
623 1087 818 1172 Apollonius
841 1109 915 1153 eum
938 1087 1052 1153 scribit
1075 1089 1110 1153 in
1133 1088 1275 1154 seeundo
1299 1087 1364 1154 869

559 1196 711 1279 Αἰακύδη,
733 1206 803 1271 πῶς
825 1195 929 1259 καλὸν
952 1194 1245 1280 ἀφειδήσαντας
1268 1194 1423 1261 ἀέθλων

557 1304 634 1387 γαίη
659 1301 695 1366 ἐν
719 1302 888 1387 ἀλλοδαπῇ
912 1302 976 1385 δήν
998 1298 1136 1386 ἔμμεναι

396 1431 463 1474 non
486 1409 564 1474 dicit
588 1410 666 1473 ‘non
687 1412 854 1494 parcentes
877 1407 1073 1494 laboribus'3
1095 1411 1312 1492 requireretur
1333 1408 1419 1472 enim
1438 1409 1637 1473 contrarium.

398 1516 577 1601 ‘parcentes
595 1515 781 1580 laboribus’.
814 1513 927 1600 Itaque
945 1516 993 1581 sic
1011 1515 1225 1602 intelligimus
1240 1515 1308 1599 ‘qui
1324 1515 1415 1580 decet
1428 1515 1633 1580 immemores

397 1624 546 1688 laborum
569 1623 604 1686 in
627 1623 731 1686 aliena
754 1625 841 1687 terra
859 1622 914 1686 diu
934 1623 1076 1689 sadere‘?’
1102 1622 1372 1707 quemadmodum
1390 1622 1501 1687 statim
1520 1645 1548 1686 v.
1568 1621 1632 1687 877

358 1755 384 1795 ro
399 1729 434 1794 in
457 1729 651 1796 contrariam
675 1732 801 1813 partem
824 1731 997 1814 ὀρόθυνον
1019 1730 1127 1814 inquit
1150 1729 1397 1814 ἐπιμνήσασθαι
1421 1728 1562 1795 ἀέθλων.

486 1835 563 1901 Non
586 1857 678 1901 secus
702 1835 845 1901 1v1252

558 1944 658 2020 ἀλλος
681 1941 714 2008 δ’
742 1940 820 2009 αὖτ’
842 1945 946 2010 ἀλλον
968 1943 1157 2028 τετιημένος
1180 1941 1373 2026 ἐξερέεινεν·

558 2051 609 2126 τίς
632 2050 727 2135 χθὼν
751 2051 880 2134 εὔχεται
903 2051 978 2134 ήδε;
1001 2053 1085 2116 πόθι
1109 2049 1280 2129 ξυνέωσαν
1303 2051 1419 2116 ἀελλαι

433 2186 436 2193 ’
558 2156 674 2240 ήμέας;
698 2155 768 2222 αἴθ’
795 2143 936 2242 ἔτλημεν
959 2155 1142 2241 ἀφειδέες
1165 2155 1400 2238 οὐλομένοιο

558 2265 578 2328 δ
585 2266 756 2348 εύματος,
779 2265 864 2329 αύτά
886 2263 1032 2330 κέλευθα
1056 2264 1233 2350 διαμπερὲς
1250 2263 1440 2349 ὁρμηθῆναι
1461 2263 1633 2348 Πετράων,

398 2392 479 2455 quos
507 2370 666 2455 ἀφειδέως
696 2372 849 2455 δείματος
877 2370 956 2436 dicit
978 2371 1163 2457 ‘paroentes
1191 2369 1319 2436 timori'
1345 2372 1455 2456 potius
1478 2370 1635 2458 intelligit

398 2498 495 2560 quam
524 2476 646 2541 ‘timori
669 2499 737 2542 non
758 2480 951 2563 parcentes'3
979 2477 1085 2568 voluit
1107 2479 1193 2544 enim
1215 2477 1299 2542 nihil
1322 2477 1495 2562 impeditos
1518 2479 1636 2542 timore

397 2584 575 2668 pervasisse
606 2606 663 2668 per
694 2584 816 2649 medias
847 2585 916 2649 vias
948 2589 1121 2668 petrarum.
1167 2583 1282 2669 Neque
1314 2584 1448 2669 ἀκηδέες
1480 2604 1635 2667 reponere

398 2689 553 2774 suadebit,
577 2691 663 2774 quod
687 2690 810 2755 111597
834 2692 955 2778 legitur

358 2825 385 2866 so
988 2798 1079 2885 δφρά
1104 2797 1120 2865 ἑ
1141 2809 1236 2885 τιμής

558 2904 613 2970 καὶ
638 2910 813 2991 σκήπτρων
837 2905 990 2973 ἐλάσειαν
1014 2905 1164 2990 ἀκηδέες,

398 3012 455 3076 ubi
470 3012 643 3078 scholiasta
657 3013 793 3096 ἀκηδέες
807 3015 1038 3099 interpretatur
1048 3014 1264 3098 ἀφρόντιστοι
1276 3016 1370 3089 ὄντες
1379 3014 1494 3097 αὐτοῦ,
1509 3013 1635 3079 etiamsi

399 3116 533 3203 ἀκηδέες
556 3121 710 3203 δείματος
732 3125 798 3186 tem
821 3124 907 3187 reete
931 3121 996 3186 dici
1019 3122 1162 3205 potuerit
1185 3142 1282 3204 quem
1302 3120 1454 3204 δείματος
1473 3120 1635 3205 ἀφειδέες,

397 3225 461 3292 nisi
484 3226 541 3311 qui
563 3227 701 3292 alterum
724 3250 843 3294 nomen
865 3249 938 3293 eum
959 3228 1058 3293 verbo
1078 3250 1135 3292 suc
1155 3227 1310 3294 radicitus
1330 3250 1370 3293 ex
1387 3227 1563 3312 Apollonio
1583 3250 1634 3293 ex·
1657 3284 1660 3290 .

399 3336 536 3418 stirpare
554 3336 697 3399 animum
718 3336 890 3400 induxerit.
927 3334 998 3400 Nos
1017 3334 1069 3399 his
1089 3333 1215 3399 duobus
1234 3334 1315 3401 locis
1334 3336 1444 3418 potius
1460 3335 1634 3420 probatum

397 3441 620 3525 intelligimus,
644 3442 822 3525 φείδεσθαι
846 3446 879 3506 et
903 3441 1056 3527 ἀφειδεῖν
1079 3464 1145 3506 non
1169 3442 1253 3507 inter
1274 3463 1308 3506 se
1327 3441 1517 3527 simpliciter
1536 3464 1634 3526 oppo-

398 3550 476 3615 sitas
499 3549 649 3612 notiones
672 3548 804 3633 habere,
828 3552 920 3633 quasi
942 3571 1073 3634 parcere
1098 3553 1130 3614 et
1152 3571 1220 3614 non
1242 3571 1380 3635 parcere,
1404 3550 1460 3614 sed
1482 3549 1635 3634 ἀφειδεῖν

398 3655 606 3739 aprimitiva
632 3655 666 3719 vi
693 3656 874 3739 profectum
903 3678 965 3722 usu
992 3657 1162 3721 dilatatum
1191 3678 1260 3722 esse
1288 3660 1324 3720 ut
1347 3677 1411 3722 κοκ
1433 3676 1555 3736 auare,
1582 3676 1635 3722 κε-

395 3764 517 3847 μλὶμενι,
531 3782 671 3828 semmua
686 3783 748 3829 esse
762 3762 898 3829 alieuius
909 3765 958 3829 rei
972 3764 1170 3850 significaret
1184 3785 1318 3849 eamque
1331 3763 1498 3829 notionem
1512 3764 1635 3848 quippe

358 3894 384 3934 ω
398 3870 494 3936 latius
508 3872 673 3953 patentem
688 3870 785 3935 etiam
801 3872 902 3937 cuivis
913 3872 1023 3957 generi
1033 3871 1201 3935 nominum
1211 3870 1356 3955 potuisse
1366 3871 1478 3956 aptari.
1502 3869 1635 3946 Quodsi

398 3984 484 4045 reete
506 3979 688 4061 statuimus,
711 3976 775 4041 iam
798 3977 861 4043 hoe
883 3978 1011 4043 vincere
1034 3978 1193 4062 videmur,
1217 3976 1396 4062 Sophoclea
1419 3977 1515 4042 verbs
1537 3977 1635 4043 libro-

398 4108 470 4152 rum
496 4086 560 4150 fide
587 4084 708 4150 tradita
736 4087 767 4149 ελ
789 4082 880 4149 τοῦδ’
908 4083 1085 4169 ἀφειδήσοι
1108 4086 1216 4149 πόνου
1240 4085 1358 4149 iniuria
1381 4084 1531 4148 damnata
1556 4105 1634 4168 esse,

399 4214 480 4277 quae
508 4191 638 4257 concedi
668 4195 796 4276 oportet
818 4194 886 4257 tam
908 4195 994 4257 recte
1018 4191 1082 4257 dici
1105 4191 1250 4276 potuisse
1274 4213 1370 4275 quem
1393 4192 1433 4256 ab
1456 4189 1633 4276 Apollonio

398 4299 644 4384 &perdeleantur
667 4299 801 4365 ἀέθλων
824 4299 1021 4382 eandemque
1045 4299 1111 4363 vim
1133 4298 1225 4364 verbi
1247 4298 1420 4383 utrobique
1444 4299 1584 4385 agnosci.

489 4404 553 4471 Sed
570 4406 693 4471 accedit
711 4407 827 4471 tertius
840 4404 1010 4491 Apollonii
1028 4406 1128 4489 locus,
1147 4406 1203 4489 qui
1218 4403 1342 4489 Amyco
1361 4426 1436 4491 rege
1450 4404 1634 4489 Bebrycum
1649 4419 1684 4477 ιε

398 4536 418 4579 u
440 4512 573 4578 Polluce
596 4513 702 4578 occiso
725 4514 772 4578 ita
794 4513 902 4599 pergit
923 4534 1053 4577 narrare
1076 4510 1163 4576 1198

561 4620 601 4685 ού
625 4618 653 4685 δ’
683 4622 746 4704 ἀρα
770 4619 937 4704 Βέβρυκες
960 4621 1080 4703 ἀνδρες
1104 4618 1290 4703 ἀφείδησαν
1312 4621 1481 4703 βασιλῆος,

560 4724 631 4791 ἀλλ’
659 4728 780 4809 ἄμυδις
800 4728 946 4809 κορύνας
969 4726 1104 4810 ἀζηχέας
1126 4722 1185 4811 ήδὲ
1209 4725 1391 4808 σιγύννους

561 4836 640 4909 ἰθὺς
664 4833 885 4919 ἀνασχόμενοι
909 4833 1142 4909 Πολυδεύκεος
1166 4833 1373 4897 ἀντιάασκον.
