3967 5725
351 634 402 684 DE
411 633 556 684 GENERE
566 631 722 695 QUODAM
730 631 883 683 DIOENDI
893 631 1045 684 GRAECIS
1054 633 1290 697 ROMANISQUE
1299 634 1497 688 FAMILIARI.
1517 633 1584 696 443

442 1006 518 1072 issu
538 1005 603 1072 ecc

442 1114 520 1180 ibid.
541 1114 627 1182 1058

442 1220 529 1286 uuo.
548 1221 613 1285 ωε

444 1328 520 1393 ibid.
539 1328 605 1392 342

410 1518 414 1526 ¹
443 1434 521 1500 6666.
539 1435 605 1500 666
641 1520 643 1523 ¹

357 1708 364 1718 „
414 1677 418 1681 ·
442 1649 519 1716 ibid.
538 1649 605 1714 370

357 1815 364 1919 ἐ
441 1862 518 1929 ibid.
538 1862 626 1927 666·

442 1968 522 2033 ieie..
538 1968 605 2033 cc4

441 2076 518 2141 6666.
538 2075 603 2140 τοο
623 2139 626 2142 ,

697 791 837 859 ἀπέδοτο
862 797 971 878 φήνας
992 796 1148 860 κυνίδιον
1171 796 1353 880 Σεριφίων,

696 899 843 984 καθῆσθ’
871 899 914 965 δν
937 899 974 966 ἐν
998 902 1165 986 δόμοιοιν;

913 1006 1008 1092 φέρε
1031 1009 1137 1073 πόσου
1162 1007 1283 1091 λέγεις;

699 1112 793 1199 φέρε
817 1114 859 1197 δὴ
881 1118 918 1179 τί
937 1115 979 1180 σὺ
1004 1113 1124 1198 λέγεις;
1174 1120 1175 1124 ’

699 1220 793 1305 φέρε
816 1224 866 1298 τίς
888 1221 961 1305 γὰρ
985 1215 1085 1298 οὗτος
1108 1221 1187 1288 οὑπὶ
1205 1231 1264 1306 τῆς
1281 1224 1471 1308 κρεμάθρας
1490 1225 1587 1308 dudm

916 1326 1011 1414 φέρε
1033 1339 1126 1394 cotue
1149 1330 1221 1415 γάρ
1245 1328 1335 1407 τινές
1357 1331 1457 1409 edoctu

702 1435 720 1502 ὁ
746 1437 832 1513 Ζεὺς
857 1433 887 1500 δ’
914 1435 995 1520 ἡμῖν
1017 1434 1112 1520 φέρε
1135 1438 1219 1519 πρὸς
1240 1446 1299 1520 τῆς
1321 1446 1382 1521 γῆς
1404 1437 1588 1522 οὑλύμπιος

1213 1544 1253 1609 οὐ
1277 1546 1357 1621 θεός
1379 1542 1484 1623 docem

699 1648 795 1737 φέρε
813 1656 879 1715 τοῦ
898 1650 971 1735 γὰρ
990 1648 1115 1716 πώποτ’
1138 1651 1221 1716 ἄνευ
1238 1656 1391 1736 νεφελῶν
1409 1649 1500 1717 ὕοντ’
1522 1652 1587 1734 ἤδη

1031 1761 1034 1768 “
1211 1757 1381 1837 tediosam
1477 1761 1479 1764 ’
1603 1781 1629 1822 ιο

672 1927 676 1933 .
699 1860 793 1947 φέρε
816 1864 909 1929 τουτλ
933 1872 978 1951 τῷ
998 1865 1059 1948 χρὴ
1082 1864 1266 1950 πιστεύειν;

699 1980 769 2046 πῶς
791 1970 833 2053 dd
856 1969 959 2055 dieb
1084 1976 1086 1982 ’

770 2074 866 2161 φέρε
888 2081 924 2143 τί
944 2076 1024 2161 δῆτ’
1043 2081 1096 2163 λυ,Ι
1117 2080 1294 2164 ελταύτηυ
1318 2080 1440 2162 λοβῶν,

698 2182 797 2252 ὁπότε
820 2184 984 2269 γράφοιτο
1008 2187 1070 2269 τὴν
1093 2186 1192 2269 δίκην
1214 2185 1232 2251 ὁ
1254 2187 1475 2270 γραμματεύς,

614 2301 617 2308 “
698 2289 856 2376 ἀπωτέρω
880 2293 965 2368 στὰς
983 2287 1048 2358 ὧδε
1070 2293 1153 2377 πρὸς
1176 2293 1236 2357 τὸν
1258 2293 1356 2375 ἥλιον

442 2504 518 2569 ibid.
535 2503 603 2568 903

441 2611 518 2677 ibid.
538 2611 604 2676 940

366 2786 369 2790 Δ
443 2718 525 2790 Renss,
543 2719 629 2784 1399
668 2755 671 2758 ⁴

696 2396 1121 2483 vd'yoduieuv’zducdiuuuc
1138 2407 1195 2483 τῆς
1219 2397 1297 2483 ἐμῆς
1321 2400 1426 2482 diuum

700 2503 795 2590 φέρε
817 2507 881 2590 γὰρ
904 2513 973 2571 ποῦ
998 2504 1094 2592 ’στινς
1116 2509 1133 2569 ,’

699 2610 793 2696 φέρε
817 2614 858 2696 δὴ
880 2615 1024 2698 πότερος
1045 2612 1129 2700 λε’ξει
1152 2615 1325 2697 πρότερος;

698 2718 792 2802 φέρε
814 2728 881 2786 ποῦ
903 2723 1060 2786 τοιοῦτον
1081 2720 1166 2804 δῆτά
1187 2719 1425 2803 occurerem

352 2825 494 2893 Haecine
512 2826 726 2896 satirerunt?
748 2847 808 2892 nec
826 2826 908 2893 illud
926 2827 1041 2893 inutile
1060 2827 1147 2912 quod
1166 2826 1359 2912 attendetur,
1383 2827 1459 2893 huic
1477 2827 1587 2913 generi
1602 2851 1628 2893 eo

330 2951 334 3002 j
351 2935 615 3021 interrogationis
629 2934 808 3019 praemisso
825 2934 907 3020 φέρε
924 2957 991 3000 non
1009 2957 1081 2999 raro
1099 2937 1161 3020 γὰρ
1181 2934 1372 3020 particulam
1392 2934 1507 2999 subiici
1522 2935 1587 3000 vel-

353 3046 391 3105 ut
416 3039 502 3106 Nub.
530 3040 610 3124 218,
638 3040 717 3124 370,
747 3040 845 3125 plane
872 3044 910 3105 ut
935 3046 1048 3107 nostro
1076 3041 1235 3107 versiculo
1269 3039 1353 3126 φέρ’
1391 3039 1483 3106 ἐτεὸν
1515 3040 1589 3125 ἡγεῖ

353 3150 425 3232 γδιρ
452 3149 570 3233 &eodm
596 3146 635 3212 In
659 3169 723 3231 quo
748 3148 834 3231 quod
857 3148 981 3213 adiecto
1006 3145 1087 3232 φέρε
1110 3169 1148 3211 ec
1170 3146 1330 3232 particule
1353 3168 1372 3211 e
1395 3147 1491 3211 tertio
1515 3147 1587 3212 loco

353 3254 389 3319 in
407 3259 559 3338 quartum
576 3256 694 3321 reiecta
712 3259 770 3338 est,
791 3276 833 3319 ne
852 3255 904 3320 oui
924 3254 1159 3320 dubitationem
1177 3258 1315 3337 moveat,
1332 3251 1416 3317 nihil
1434 3257 1482 3317 est
1502 3252 1588 3336 quod

352 3360 481 3427 docilius
502 3361 659 3428 vindicari
677 3362 796 3447 possit3
819 3362 917 3427 toties
940 3362 974 3425 in
992 3361 1138 3445 versibus
1157 3358 1404 3445 Aristophsneis
1422 3361 1485 3445 yolo
1504 3360 1589 3425 hanc

354 3468 462 3533 sedem
480 3473 645 3553 tamquam
663 3470 842 3556 legitimum
862 3472 1005 3553 occupat,
1024 3467 1122 3552 velut,
1141 3468 1209 3533 eius
1229 3488 1357 3552 quoquc
1371 3467 1418 3532 rei
1437 3472 1474 3531 ut
1487 3488 1590 3551 peuce

353 3576 525 3642 offeremus
548 3575 704 3661 exempla,

358 3718 361 3721 ⁴
444 3681 583 3748 Acheru.
601 3681 647 3746 40

444 3788 521 3854 ibid
542 3789 606 3854 175

444 3897 521 3961 ibid.
540 3896 604 3961 581

357 4015 361 4023 “
431 4003 521 4074 ibid.
543 4002 628 4067 1076

359 4160 380 4180 ,ι
444 4110 633 4179 Av.1168.

357 4340 361 4344 “
444 4324 522 4389 ibid.
544 4323 629 4388 1386

444 4431 522 4497 ibid.
543 4429 630 4497 1545

445 4537 580 4623 Lynitr.
597 4537 664 4603 489

691 3681 779 3749 ,ἀλλ”
796 3685 831 3748 ολ
851 3683 1031 3769 πρυτάνεις
1054 3683 1126 3767 γὰρ
1151 3679 1258 3747 οὑτοιὶ
1281 3683 1509 3766 μεσημβρινοί.

675 3788 768 3857 ,ἀλλ’
798 3789 834 3877 εἰι
857 3791 1108 3873 Λακεδαίμονος
1130 3790 1202 3873 γὰρ
1233 3787 1412 3873 Ἀμφίθεος
1437 3786 1499 3852 ὁδί.

698 3897 766 3963 ὑπὸ
789 3907 850 3963 τοῦ
874 3897 972 3975 δέους
994 3898 1068 3981 γὰρ
1090 3908 1159 3961 τῶν
1182 3896 1295 3961 ὅτιλων
1318 3898 1474 3979 εἰλιγγιῶ.
1603 3918 1630 3958 so

699 4004 767 4072 ὑπὸ,
788 4006 868 4080 τοὺς
891 4006 970 4088 χόας
992 4004 1064 4087 γὰρ
1087 4001 1143 4068 καὶ
1167 4003 1310 4088 χύτρους

700 4108 772 4178 ἀλλ’
799 4110 856 4176 ὅδε
879 4108 988 4193 φύλοιξ
1012 4112 1094 4197 γὰρ,
1108 4121 1176 4175 τῶν
1199 4108 1331 4175 ἐκεῖθεν
1353 4110 1493 4191 ἄγγελος
1581 4113 1584 4119 ’

700 4216 796 4283 ἐσθεῖ
1059 4222 1063 4231 ’
1148 4224 1150 4229 ’
1452 4220 1455 4227 ’

700 4323 737 4390 ἐκ
758 4334 827 4389 τῶν
849 4327 1000 4407 νεφελῶν
1023 4324 1094 4407 γὰρ
1119 4323 1162 4387 ἄν
1184 4346 1235 4399 τις
1258 4321 1424 4407 ἀναβολὰς
1447 4321 1558 4406 Isidem

701 4430 755 4497 ἀεί
774 4428 847 4496 ποτ’
874 4429 1068 4515 ἀνθρώποις
1090 4431 1162 4513 γὰρ
1186 4430 1308 4506 εὔνους
1330 4426 1392 4514 εἴμ’
1420 4427 1493 4511 ἐγώ.

702 4539 759 4604 διὰ
781 4536 965 4623 τάργύριον
986 4542 1195 4622 πολεμοῦμεν
1218 4537 1304 4621 γάρι

446 4644 509 4711 Sed
531 4645 626 4710 nobis
648 4644 873 4711 revertendum
900 4647 949 4709 est
972 4642 1013 4708 ud
1036 4641 1133 4707 verbe
1156 4642 1305 4708 Tulliene
1333 4642 1371 4707 de
1394 4664 1429 4707 re
1452 4641 1590 4726 publice,

355 4752 517 4837 equibus
545 4753 665 4838 egressi
692 4773 804 4817 sumus
831 4754 864 4815 et
890 4750 1094 4816 devertimus.
1141 4748 1229 4825 Quae
1257 4770 1355 4834 supra
1382 4748 1527 4816 dedimus
1552 4770 1590 4812 cx

356 4858 480 4923 Halmii
497 4860 692 4943 recensione,
717 4880 918 4943 quamquam·
930 4859 958 4923 is
975 4879 1043 4922 non
1061 4878 1125 4922 uno
1144 4855 1275 4921 nominc
1294 4856 1487 4921 testimoniis
1506 4855 1592 4921 codi-
