3967 5725
387 592 432 653 40
561 594 686 645 XXXVI.
705 594 820 645 INDEX
838 592 1052 646 LECTIONUM
1069 593 1310 645 HIBERNARUM
1325 592 1457 664 locasse.

385 755 481 818 unico
508 756 635 836 imperii
655 755 768 837 pepedi
791 754 942 834 Romani,
970 755 1008 819 L.
1032 755 1206 837 Quinctius,
1233 762 1324 821 tuns
1346 756 1485 821 Tiberim
1512 762 1623 821 cocto

386 882 455 925 cunc
478 862 582 943 ι’ρειινι
605 862 712 941 locoru,
736 860 790 926 obi
812 882 895 926 ncnc
917 862 1050 927 netolic
1071 868 1151 941 sard,
1174 868 1319 945 quotuor
1341 864 1483 945 inquom
1506 863 1623 928 colebat

384 988 508 1050 cyrum,
536 988 616 1049 quoe
635 975 736 1049 proto
763 968 909 1051 Quinctio
935 974 1092 1033 cocuntur.
1133 969 1190 1033 lbi
1212 970 1252 1034 ab
1274 970 1398 1052 tcyotis,
1426 990 1480 1035 sero
1500 972 1622 1053 fossam

382 1075 506 1157 fodiens
522 1075 620 1155 polae
642 1077 775 1141 dunione
796 1096 849 1141 scu
872 1096 941 1141 cnm
964 1082 1083 1155 crurct,
1108 1078 1194 1158 operi
1215 1082 1305 1155 corte,
1332 1078 1370 1141 id
1390 1078 1473 1158 quod
1494 1082 1622 1155 mutiat,

384 1184 499 1263 norati
521 1184 670 1261 intentae,
697 1184 798 1248 solute
821 1182 897 1246 dcto
919 1184 956 1246 in
977 1184 1074 1247 uicem
1096 1182 1292 1266 redditoque,
1314 1189 1454 1265 rocetos,
1481 1189 1517 1248 td
1537 1184 1624 1266 quod

384 1290 456 1353 benc
482 1295 608 1354 certem
635 1291 697 1371 ipsi
724 1291 828 1371 return
849 1290 996 1371 publicae
1019 1295 1140 1372 ίοςιιοαε
1162 1290 1317 1355 mundato
1338 1296 1464 1356 senona
1487 1291 1624 1373 audiret,

385 1396 564 1461 admiratus
589 1399 788 1479 continueque
815 1395 930 1461 ‘Satin'
951 1396 1048 1461 sctoc'
1076 1402 1179 1479 toyum
1201 1418 1334 1479 propere
1361 1418 1377 1461 e
1404 1399 1528 1480 ονοιινιο
1544 1418 1623 1479 pro-

381 1506 465 1585 ferre
486 1524 613 1568 νοονονι
633 1503 794 1567 Racilium
816 1503 914 1580 εἰδοί·
937 1524 1001 1585 quc
1023 1504 1127 1582 simut,
1150 1504 1284 1568 αὒεοενεο
1299 1504 1428 1585 pedone
1445 1525 1483 1569 cc
1499 1505 1621 1583 saduc,

382 1610 500 1676 velatos
521 1612 683 1692 processit,
712 1611 891 1675 dictatorem
919 1630 988 1675 cnm
1016 1610 1110 1692 teyctc'
1130 1611 1326 1692 oratotontes
1348 1611 1557 1695 οοαεαίνίονί,
1579 1614 1623 1698 ’,αι

345 1745 370 1784 ιο
384 1718 491 1783 urbem
517 1724 627 1783 cocunt
649 1768 656 1782 .
676 1768 704 1780 ..
728 1723 933 1782 tonsoratum
961 1719 1127 1798 οοοιοιῗιιιιί.
1173 1716 1263 1782 Haec
1285 1717 1411 1801 Livius,
1440 1718 1476 1782 in
1504 1718 1623 1801 quibus

382 1830 490 1890 tamen
514 1824 596 1889 nihil
619 1828 667 1888 est
691 1824 778 1908 quod
796 1823 964 1888 Ennianae
988 1824 1165 1888 sententiae
1188 1824 1396 1889 simulacrum
1414 1823 1539 1909 prodat.
1576 1822 1623 1888 nc

382 1931 508 1996 Merula
530 1952 604 1996 cum
624 1929 775 2007 Quinctio
798 1929 984 1994 huiusmodi
1007 1952 1198 2015 responsum
1221 1930 1319 2013 dedit,
1341 1930 1476 1995 ‘obticet
1498 1930 1617 2016 paulis
1663 1944 1666 1948 “

382 2062 440 2123 per
467 2060 504 2103 ae
532 2038 659 2102 demum
688 2037 805 2102 ecfusis
834 2036 988 2101 lacrumis
1012 2036 1131 2122 “Ergo
1159 2036 1267 2120 inquit
1293 2037 1357 2102 hoc
1384 2059 1468 2101 anno
1497 2036 1624 2123 agellus

382 2166 448 2210 non
476 2149 613 2228 seretur,
642 2145 741 2211 Nobis
768 2144 852 2209 unde
877 2145 979 2225 forent
1005 2145 1126 2225 fructus
1152 2146 1293 2225 odorque
1308 2165 1504 2226 proponetur
1526 2149 1559 2208 et
1582 2144 1623 2208 de

383 2254 450 2317 vita
472 2250 798 2337 periclitabimur?”'
826 2249 969 2315 Idvianis
992 2252 1071 2317 haec
1095 2250 1222 2314 affinxit
1246 2251 1285 2315 dc
1308 2249 1406 2339 suo*)
1431 2252 1624 2317 orationem·

383 2382 445 2445 que
472 2361 624 2425 formarit
648 2362 777 2442 recepte
799 2358 941 2444 Enniani
964 2380 1076 2423 versus
1099 2360 1260 2422 sententia
1284 2379 1344 2423 neo
1366 2380 1425 2442 per
1449 2380 1482 2422 se
1506 2359 1624 2442 proba-

383 2468 479 2531 bilem
512 2487 571 2531 neo
602 2468 681 2530 satis
714 2460 873 2529 adhunc
906 2487 1000 2529 usum
1032 2465 1318 2530 accommodatam.
1366 2464 1481 2549 Neque
1510 2468 1622 2529 tamen

383 2572 525 2637 Merulae
548 2573 587 2636 dc
611 2568 799 2636 Cincinnato
824 2572 1010 2655 opinionem
1032 2571 1277 2654 relinquendam
1301 2572 1447 2636 ducimus
1471 2572 1619 2636 sedeam

384 2679 542 2745 curiosius
566 2669 758 2764 explicitam
783 2678 947 2742 vindicare
971 2678 1179 2743 studebimus.
1219 2678 1459 2743 Proficiscimur
1477 2682 1621 2743 autema

343 2814 369 2853 ao
384 2785 596 2852 condicionali
616 2786 772 2851 orationis
789 2785 903 2869 forma,
922 2807 1019 2870 quam
1034 2788 1138 2868 forent
1156 2785 1310 2871 ostendit3
1329 2807 1412 2870 quae
1426 2788 1615 2851 sententiam
1639 2793 1658 2849 t

383 2896 416 2959 in
445 2895 532 2959 bunc
559 2894 626 2970 fere
653 2894 785 2958 modum
814 2895 1002 2977 conceptam
1030 2893 1131 2958 fuisse
1158 2892 1278 2958 indicio
1307 2898 1370 2958 est:
1404 2893 1477 2958 ‘hoc
1505 2915 1564 2980 ego
1593 2894 1621 2958 si
1658 2911 1660 2917 ·

384 3001 488 3065 facere
516 2998 631 3064 vellem
638 3051 646 3082 ‚
675 2999 760 3064 unde
786 2998 881 3062 nobis
903 3000 1029 3063 fructus
1052 2998 1197 3064 forentl'
1226 2998 1315 3076 Quae
1338 3003 1387 3064 est
1409 3000 1621 3086 interrogatio
1678 3040 1681 3046 ,

383 3108 532 3194 negantis
557 3127 590 3170 se
613 3106 647 3170 id
670 3107 774 3170 facere
796 3106 879 3169 velle
903 3106 990 3189 quod
1014 3106 1157 3191 iubetur,
1180 3107 1236 3171 sed
1258 3109 1408 3193 negantis
1432 3129 1506 3172 cum
1528 3130 1624 3174 exeu-

385 3214 517 3279 satione.
566 3211 619 3277 Sic
650 3212 826 3278 relabimur
858 3214 898 3276 ad
930 3213 1071 3298 agellum
1106 3235 1201 3297 quem
1230 3212 1400 3290 Quinctius
1434 3236 1492 3278 sua
1523 3237 1624 3280 manu

386 3321 491 3386 colere
520 3319 644 3384 solebat
671 3341 707 3384 ac
734 3326 803 3383 tum
832 3320 958 3384 colebat
986 3342 1059 3384 cnm
1087 3311 1249 3407 elegatis
1272 3320 1427 3386 Romanis
1455 3321 1496 3386 ad
1524 3321 1625 3387 dicto-

386 3514 437 3569 illa
461 3515 495 3568 de
519 3513 686 3568 Cincinnato
710 3513 847 3567 dictatore
872 3516 966 3566 creato
991 3512 1193 3581 subiiciuntur‚
1220 3514 1305 3583 plane
1329 3513 1451 3568 similem
1474 3530 1536 3569 esse
1559 3530 1624 3568 sen·

386 3604 504 3658 tentiam
529 3621 585 3672 quo
604 3601 756 3671 Dionysius
775 3622 792 3654 x
809 3608 841 3656 17
857 3621 884 3671 p.
901 3608 947 3668 28,
964 3603 1023 3656 1Κ.
1048 3619 1128 3657 suam
1152 3603 1187 3656 dc
1206 3601 1320 3657 consule
1340 3601 1507 3657 Cincinnato
1526 3619 1625 3656 narra·

385 3694 492 3748 tionem
516 3693 671 3747 concludit:
695 3700 784 3745 ταῦτα
807 3691 839 3746 δὲ
863 3693 913 3762 οὐχ
937 3690 1033 3759 ἑτέρον
1057 3693 1134 3754 τινὸς
1156 3692 1239 3762 χάριν
1262 3691 1352 3745 εἰπεῖν
1370 3691 1535 3762 προήχθην,
1558 3689 1621 3745 ἀλλ’

386 3781 434 3837 ίνα
453 3782 579 3852 φανερὸν
598 3781 712 3852 γένηται
729 3788 828 3848 πᾶσιν,
848 3777 903 3834 οἷοι
920 3779 982 3835 τότε
1001 3775 1074 3850 ἦσαν
1093 3780 1120 3835 oi
1138 3788 1189 3849 τῆς
1202 3777 1346 3848 Ῥωμαίων
1364 3777 1471 3844 πόλεως
1488 3798 1624 3850 προεστη-

386 3869 478 3938 κότες,
501 3872 538 3934 ὡς
561 3873 712 3942 αὐτουργοὶ
735 3872 784 3924 ναί
808 3871 952 3939 σώφρονες
975 3871 1023 3924 καὶ
1046 3868 1149 3925 πενίαν
1173 3866 1290 3925 δικαίαν
1314 3869 1348 3923 ot
1367 3868 1555 3941 βαρυνόμενοι
1573 3871 1625 3924 καί

387 3959 532 4030 βασιλικὰς
546 3961 579 4015 ot
595 3961 744 4022 deduceres
758 3956 895 4026 ἐξουσίας,
914 3958 984 4014 ἀλλὰ
999 3961 1048 4013 καί
1063 3957 1215 4029 διδομένας
1228 3955 1424 4027 ἀναινόμενοι·
1445 3958 1625 4027 φανήσονται

387 4047 439 4118 γὰρ
464 4048 530 4103 οὐδὲ
553 4047 625 4103 κατὰ
649 4049 749 4118 μικρὸν
768 4047 889 4110 ἐοικότες
909 4045 1028 4111 ἐκείνοις
1046 4047 1073 4103 οἱ
1092 4057 1153 4116 νῦν,
1173 4046 1242 4101 ont
1260 4045 1397 4102 τάναντία
1415 4046 1510 4102 πάντα
1529 4046 1624 4117 ἐπιτη-

387 4138 529 4204 δεύοντες,
551 4138 624 4207 πίὴν
646 4138 723 4193 πάνυ
739 4136 856 4207 ὀλίγων,
882 4135 920 4193 δι’
943 4137 992 4200 οὓς
1012 4135 1186 4206 torquenda
1204 4136 1236 4191 τὸ
1255 4143 1304 4205 τῆς
1322 4134 1428 4200 πόλεως
1446 4135 1555 4205 ἀξίωμα
1574 4137 1625 4191 καί

386 4227 418 4281 τὸ
438 4225 532 4300 σῴζειν
550 4225 601 4296 τὴν
619 4212 907 4295 πρὸςέιιείνονςτοὺς
922 4225 1204 4295 tetragonorum.
1233 4226 1339 4291 Quodsi
1355 4227 1425 4295 quid
1438 4225 1626 4280 hariolationi

387 4315 486 4386 largiri
504 4315 585 4384 licet,
607 4317 699 4386 possis
718 4334 781 4370 cum
801 4315 886 4370 Ennii
905 4332 1017 4385 qnoque
1036 4314 1203 4369 Cincinnato
1222 4331 1307 4384 quem
1326 4315 1465 4369 credimus
1484 4315 1624 4385 suspicari

388 4405 497 4474 aliquid
520 4405 647 4460 moratae
670 4405 805 4460 orationis
829 4396 1010 4459 coniunctum
1033 4403 1122 4458 fuisse
1145 4404 1227 4473 cique
1246 4403 1355 4459 exordii
1374 4403 1435 4458 loco
1454 4404 1627 4473 praemissos

387 4511 484 4549 versus

639 4584 747 4639 Audire
765 4591 803 4638 cst
821 4599 917 4654 opnor
932 4584 1054 4651 pretinm
1067 4582 1214 4653 procedere
1230 4589 1299 4638 rorte

639 4675 695 4744 Qui
711 4690 767 4727 rem
787 4674 943 4728 Βοιαονιαοι
961 4673 1128 4741 Latiumque
1147 4689 1286 4744 ncyescuc
1304 4672 1395 4727 vultis.

477 4762 540 4833 ⁸15)
559 4761 623 4816 Nisi
642 4762 718 4831 quod
737 4761 766 4816 in
786 4761 954 4831 quibusdam
968 4761 1099 4830 Dionysii
1117 4777 1225 4817 memor
1243 4761 1354 4814 videtur
1373 4761 1422 4816 sed
1441 4777 1627 4828 eorumquae

388 4851 542 4922 Dionysius
560 4851 647 4906 refert
665 4852 699 4906 dc
719 4849 832 4906 consule
852 4849 1027 4905 Cincinnato.
1089 4879 1091 4885 ·
