3967 5725
399 606 467 670 554
580 612 664 662 LXII.
685 612 801 663 INDEX
819 614 1035 667 LEGTIONUM
1051 616 1294 668 HIBERNARUM
1314 615 1445 684 1905s06.

398 790 463 835 uere
485 772 640 838 cedaar
662 780 718 839 out
739 777 834 841 etium
857 777 1062 858 defendereve.
1100 776 1193 854 Quod
1217 777 1242 841 si
1263 777 1401 860 fecisset,
1423 777 1552 842 facilius
1570 777 1634 842 for·

398 879 484 942 tasse
507 879 740 962 persensissent
763 882 859 967 docti,
883 884 970 968 quod
989 906 1029 949 ne
1048 906 1133 948 nuno
1152 884 1281 968 quidem
1301 905 1374 948 cum
1392 884 1485 968 paria
1501 884 1634 969 paribus

398 985 613 1051 adnectuntur
636 988 808 1053 obscurum
832 994 890 1075 est,
912 990 991 1056 baec
1015 990 1078 1054 duo
1102 990 1192 1055 nulla
1210 1013 1244 1055 re
1264 992 1368 1055 media
1386 992 1541 1077 coniungi
1559 995 1632 1076 apte

397 1113 463 1157 non
486 1092 639 1178 potuisse.
678 1094 758 1160 Cum
781 1119 857 1163 vero
880 1096 964 1161 hane
983 1098 1139 1163 orationis
1156 1097 1294 1162 formam
1312 1098 1500 1181 instituerit,
1522 1098 1634 1163 multoe

397 1219 460 1266 esse
486 1202 541 1282 qui
567 1222 631 1266 ewa
658 1203 824 1282 eraderent,
853 1204 965 1269 multoe
986 1206 1042 1286 qui
1064 1207 1159 1269 etiam
1182 1204 1392 1287 defendereve,
1420 1203 1572 1269 credibile
1595 1206 1634 1269 fit

397 1308 491 1391 plura
515 1308 632 1372 similia
655 1330 826 1395 congerere
844 1311 994 1396 voluisse,
1018 1334 1091 1377 cum
1109 1312 1299 1395 praesertim
1318 1311 1381 1375 hoe
1400 1314 1485 1397 agat,
1507 1315 1545 1375 ut
1562 1312 1634 1396 plu-

397 1413 497 1479 rimos
516 1436 585 1479 esse
604 1417 760 1501 ostendat,
780 1419 836 1501 qui
855 1418 917 1482 sibi
935 1417 1167 1503 impedimento
1187 1418 1262 1502 sint,
1281 1418 1452 1502 quominus
1469 1418 1533 1482 iam
1547 1439 1633 1482 nunc

398 1518 570 1587 Catilinam
602 1523 857 1588 interficiendum
891 1529 988 1590 curet.
1030 1523 1144 1608 Itaque
1176 1525 1355 1589 cumulasse
1383 1546 1456 1589 eum
1484 1526 1632 1589 consulto

398 1627 600 1713 arbitramur,
624 1631 893 1714 quemadmodum
911 1633 1093 1697 consuevit:
1113 1632 1200 1716 quod
1217 1652 1330 1717 genus,
1348 1635 1385 1695 ut
1402 1631 1465 1697 boe
1483 1633 1632 1716 exemplo

355 1757 384 1797 ro
397 1739 539 1818 utamur,
563 1737 676 1802 scribit
698 1738 849 1821 113,32
873 1738 1028 1804 Polliam
1049 1739 1104 1804 hoe
1124 1740 1217 1817 vobis,
1234 1740 1539 1821 putreseoaeerpti,
1562 1745 1633 1804 tua-

396 1848 472 1908 tom‘
489 1846 526 1909 ia
553 1844 641 1910 nobie
666 1845 840 1911 muralibus
859 1847 928 1928 fore
950 1847 1160 1929 diluendam,
1188 1850 1310 1911 tonum
1333 1847 1370 1909 in
1391 1845 1477 1911 vobis
1498 1847 1632 1910 wame-

395 1955 501 2029 tatem‚
529 1956 651 2017 tectam
678 1954 714 2016 in
741 1953 893 2034 equitdue
914 1954 1072 2019 Romania
1097 1954 1253 2032 meduan,
1281 1958 1404 2018 tuamen
1432 1954 1467 2018 ia
1488 1954 1632 2018 omuibus

396 2056 484 2123 borres
502 2061 737 2144 consensionem,
755 2066 791 2125 ut
805 2059 963 2126 Catilinae
974 2061 1167 2143 profectione
1179 2061 1288 2126 omnio
1295 2061 1457 2143 patefacta
1471 2059 1630 2125 dlluetruto

395 2185 542 2246 oppresso
563 2167 726 2232 vindicato
749 2188 811 2233 esee
832 2170 974 2234 videatis.

486 2272 515 2336 3.
539 2271 591 2337 Ad
614 2271 760 2339 Atticum
785 2275 915 2359 scripsit
935 2273 1045 2339 Cicero
1069 2276 1162 2339 exsul
1184 2296 1256 2339 cum
1281 2277 1365 2338 esset
1382 2272 1630 2339 Thessalonicae

396 2395 436 2441 111
456 2379 513 2462 12,
533 2380 566 2445 3:

555 2488 625 2571 Epo
648 2492 743 2555 dmm
763 2510 847 2555 neme
864 2491 968 2555 eodem
986 2476 1022 2555 ia
1040 2489 1103 2555 loeo
1122 2491 1213 2568 iaceo,
1231 2490 1300 2554 aiae
1316 2508 1455 2553 semare
1472 2488 1544 2566 ulle,
1562 2490 1630 2554 eine

556 2598 738 2678 mpttotiouc
759 2596 834 2661 ullo.
871 2597 958 2662 Ia'oct
979 2597 1048 2676 tibi,
1075 2602 1111 2662 al
1132 2596 1254 2675 eodm,
1281 2596 1506 2678 εἰρπὲἠεωνωη,
1529 2602 1564 2660 ut
1586 2597 1631 2660 ud

556 2724 604 2768 me
625 2706 746 2769 venires
766 2706 796 2769 ei
819 2705 968 2769 deuotam
990 2710 1026 2769 ut
1047 2703 1196 2786 intdlepo,
1219 2709 1247 2768 te
1264 2704 1334 2768 istie
1346 2704 1501 2783 prodesse,
1523 2702 1629 2774 biom

556 2810 644 2877 verbo
666 2812 791 2895 quidem
810 2811 911 2877 levum
929 2833 977 2878 me
991 2831 1089 2896 posse.
1122 2811 1197 2877 Nou
1216 2832 1290 2894 queo
1302 2810 1402 2893 phere
1420 2812 1557 2890 sadec,
1575 2831 1629 2876 aee

554 2919 703 3001 estquod
723 2921 875 2985 scribom:
897 2926 999 2985 oestro
1021 2921 1124 3002 mepte
1146 2925 1290 3002 aspecto

394 3023 444 3090 De
469 3025 574 3090 media
602 3025 716 3090 harum
745 3027 904 3092 sententia
927 3027 1015 3092 Dicet
1035 3026 1107 3110 tabi,
1133 3033 1168 3091 ut
1191 3024 1246 3111 eqs
1269 3025 1365 3090 nobis
1388 3026 1548 3111 agendum
1571 3029 1629 3108 est,

395 3153 476 3216 quae
501 3134 546 3197 sio
569 3137 606 3197 ut
629 3156 727 3218 supra
749 3135 915 3218 posuimus
939 3134 1059 3218 scripta
1077 3137 1126 3198 est
1143 3135 1179 3198 in
1196 3133 1296 3198 libris.
1333 3131 1372 3196 Iu
1391 3153 1456 3216 qua
1474 3133 1561 3216 quod
1579 3137 1627 3197 est

394 3244 574 3306 monstrum
602 3241 750 3306 vocabuli
776 3243 807 3307 ei
834 3243 983 3307 donatam
1012 3241 1173 3325 quomodo
1201 3239 1396 3305 domandum
1423 3244 1456 3306 et
1482 3240 1523 3304 ad
1546 3240 1628 3305 sani-

379 3351 493 3413 'tatem
516 3348 731 3414 revocandum
754 3349 909 3432 videatur,
931 3370 999 3413 non
1018 3347 1171 3412 litterulis
1189 3347 1345 3411 rimandis
1362 3347 1561 3412 hariolorum
1579 3348 1626 3411 in-

394 3459 460 3520 star
483 3456 625 3520 divinare
649 3456 889 3541 temptabimus,
913 3456 969 3520 sed
992 3476 1033 3518 ex
1056 3455 1106 3538 iis,
1129 3476 1210 3538 quae
1234 3459 1319 3520 reete
1338 3456 1458 3539 scripta
1477 3457 1554 3519 sunt
1570 3460 1627 3519 aut

392 3561 605 3646 probabiliter
623 3564 798 3646 emendata,
822 3562 976 3627 orationis
994 3562 1133 3626 formam
1151 3561 1278 3645 assequi
1297 3561 1508 3645 studebimus,
1531 3565 1568 3624 ut
1586 3560 1626 3626 ad

327 3749 331 3757 ¹
392 3691 462 3734 eam
486 3670 564 3753 quid
587 3671 863 3740 accommodatum
883 3670 926 3735 sit
943 3669 1165 3735 ratiocinando
1184 3667 1383 3754 colligamus.
1419 3667 1533 3752 ltaque
1552 3688 1624 3733 cum

393 3775 503 3842 Cicero
518 3777 603 3842 dicat
616 3779 834 3862 aipaiyteorum
848 3777 896 3866 (id
910 3778 1006 3860 enim,
1021 3776 1107 3861 quod
1119 3779 1233 3860 postea
1243 3775 1433 3858 videbimus,
1446 3775 1625 3840 rectissime

350 3895 378 3937 ⁸⁰
392 3883 575 3970 Madvigius
599 3886 741 3950 restituit
763 3907 822 3969 pro
846 3906 883 3950 eo
903 3886 990 3969 quod
1009 3888 1059 3949 est
1077 3883 1110 3948 in
1128 3882 1220 3948 libris
1238 3884 1450 3966 sipaifiewem
1468 3881 1519 3946 vel
1538 3882 1625 3965 quod

392 3990 470 4055 olim
487 3991 681 4078 vulgabatur
696 3993 733 4056 de
748 3993 929 4056 coniectura
944 3991 1084 4056 Victorii
1096 3990 1319 4075 eipnifiearim)
1338 3997 1375 4055 ut
1386 3991 1431 4055 ud
1443 4011 1492 4054 me
1504 3992 1625 4054 uenires

391 4101 425 4162 et
446 4098 543 4182 paulo
567 4103 642 4183 post
664 4099 804 4182 iutellepo
827 4106 855 4164 te
876 4100 947 4165 istie
964 4099 1117 4181 mederer,
1141 4098 1192 4163 bic
1213 4118 1252 4162 ae
1275 4099 1361 4163 vebo
1381 4098 1506 4180 quidem
1524 4096 1625 4162 levore

391 4226 439 4272 me
455 4225 554 4288 posse,
578 4206 786 4290 consequitur
809 4228 882 4272 eum
901 4207 940 4271 de
959 4210 1083 4270 mutate
1101 4209 1207 4270 mente
1225 4206 1325 4289 loqui,
1348 4227 1423 4271 eum
1442 4204 1529 4289 quod
1546 4225 1625 4288 pau·

389 4312 489 4397 lisper
507 4311 694 4379 desiderarit
713 4315 777 4379 iam
796 4336 830 4379 se
848 4314 1027 4398 relinquere
1042 4311 1124 4378 velle
1137 4312 1289 4397 fateatnr3
1308 4312 1404 4396 idque
1418 4310 1517 4375 verbo
1532 4331 1624 4394 opor·

390 4419 479 4485 tebet
500 4420 564 4485 dici
583 4441 620 4485 eo
640 4419 712 4486 loeo
731 4421 788 4485 ubi
805 4443 892 4486 nunc
909 4420 1047 4486 habetur
1066 4419 1152 4504 quod
1171 4441 1268 4485 sensu
1287 4423 1380 4483 caret.
1414 4417 1519 4495 Quare
1537 4417 1624 4482 Mad-

390 4527 497 4614 vigius
512 4525 608 4614 (Adv.
623 4527 691 4592 crit.
706 4545 746 4592 111
759 4552 789 4613 p.
808 4527 886 4615 170)
906 4527 993 4612 quod
1008 4525 1226 4612 reponendum
1241 4527 1365 4591 censuit
1377 4526 1416 4589 id
1427 4527 1623 4590 omittamus:

389 4635 529 4718 intellepo
547 4641 575 4700 tc
592 4637 663 4701 teir
681 4658 747 4720 eqs,
769 4637 904 4700 verbum
923 4635 1132 4719 recuperavit,
1155 4655 1220 4717 quo
1239 4634 1364 4697 nullum
1383 4632 1492 4717 aptius
1510 4631 1545 4695 in
1563 4630 1624 4696 hac

390 4741 534 4806 oratione
553 4743 690 4807 inveniri
708 4743 825 4827 potnit.
857 4739 970 4825 Aque
990 4762 1050 4806 nos
1069 4741 1103 4805 in
1121 4763 1159 4805 eo
1178 4743 1305 4805 tantum
1324 4737 1517 4804 discedimus
1536 4739 1622 4822 quod

389 4847 423 4910 in
452 4848 584 4912 eandem
612 4850 803 4914 sententiam
830 4849 926 4914 scribi
949 4849 1111 4914 malumus
1134 4848 1170 4912 id
1191 4849 1346 4925 umidam,
1372 4852 1412 4911 ut
1434 4845 1573 4928 intellepo
1596 4850 1624 4910 te
