3967 5725
320 1270 356 1324 11

784 663 834 711 DE
848 661 1026 713 PLATONIS
1041 661 1186 713 conam.
1567 661 1607 724 11

372 820 592 904 addimusque,
611 843 651 886 ne
670 822 814 908 legentes
834 823 861 887 ri
879 823 934 906 qui
950 826 1043 887 erunt
1056 822 1154 886 nimis
1168 822 1325 888 increduli
1339 822 1419 889 haec
1431 822 1610 907 fastidiant,

372 949 455 1011 quae
479 927 512 990 in
536 927 636 991 simili
658 949 724 993 non
749 930 890 1013 compari
910 950 1026 1016 genere
1044 950 1198 1013 perquam
1217 930 1438 994 memorabilia
1455 929 1611 1017 leguntur

372 1035 407 1098 in
430 1033 570 1120 Legibus
594 1033 739 1101 Platonis
762 1054 799 1100 xl
817 1059 848 1121 p.
863 1037 977 1119 235,2

508 1142 567 1206 ἑὰν
589 1140 626 1206 δὲ
651 1144 694 1219 ὡς
718 1144 822 1208 αὑτοῦ
846 1143 1030 1227 ἐφάπτηται
1055 1140 1138 1231 ζῴον
1157 1146 1211 1209 καὶ
1229 1143 1375 1209 ὁτουοῦν
1392 1146 1418 1228 ἥ·
1432 1167 1524 1222 τινος
1543 1142 1610 1209 ἑτέ-

509 1273 571 1334 ρου
599 1260 666 1314 τῶν
693 1250 797 1315 αὑτοῦ
827 1250 1016 1335 χρημάτων,
1045 1250 1192 1335 ἀναγέτω
1219 1247 1282 1335 μὲν
1304 1251 1322 1317 ὁ
1346 1248 1432 1336 ἔχων
1455 1253 1506 1328 εἰς
1527 1272 1610 1336 πρα-

506 1366 589 1441 τῆρα
618 1356 638 1439 ἢ
662 1357 721 1422 τὸν
745 1359 848 1422 δόντα
871 1357 1052 1441 ἀξιόχρεών
1075 1381 1109 1422 τε
1132 1356 1187 1422 καὶ
1211 1356 1346 1423 ἔνδικον
1368 1360 1389 1442 ἤ
1412 1382 1480 1423 τινα
1498 1357 1609 1445 τρόπῳ

506 1466 697 1548 παραδόντα
725 1466 975 1552 dilaceratae,
1004 1467 1052 1541 εἰς
1078 1465 1140 1547 μὲν
1166 1467 1306 1548 πολίτην
1332 1464 1352 1548 ἢ
1376 1464 1431 1530 καὶ
1454 1464 1610 1549 μέτοικον

507 1582 574 1635 τῶν
601 1570 639 1636 ἐν
663 1580 702 1655 τῇ
726 1574 821 1636 πόλει
843 1570 976 1656 ἡμερῶν
999 1572 1191 1655 τριάκοντα,
1218 1572 1266 1648 εἰς
1289 1568 1326 1636 δὲ
1350 1571 1482 1655 ξενικὴν
1505 1574 1609 1656 παρά-

507 1679 605 1744 δοσιν
628 1677 725 1743 πέντε
749 1690 875 1762 μηνῶν,
897 1674 941 1761 ἧς
960 1678 1059 1763 μέσος
1078 1678 1095 1743 ὁ
1113 1680 1181 1762 μὴν
1199 1678 1237 1743 ἐν
1256 1670 1282 1766 ᾧ
1301 1678 1452 1763 τρέπεται
1472 1680 1609 1761 θερινὸς

506 1786 601 1867 ἥλιος
624 1787 671 1861 εἰς
694 1786 735 1849 τὰ
758 1787 935 1870 χειμερινά.
1623 1809 1649 1849 ro

371 1889 450 1967 Quis
469 1893 554 1956 em'm
574 1892 608 1955 in
626 1892 686 1956 hac
706 1892 851 1957 oratione
870 1889 909 1977 ἧς
927 1898 960 1957 et
977 1915 1044 1958 non
1061 1887 1110 1958 ὧν
1129 1893 1377 1977 exspectaverit3
1396 1892 1482 1976 quod
1501 1896 1609 1956 tamen

371 1999 443 2083 quis
459 1996 515 2082 qui
531 1998 639 2062 sobrio
655 2000 697 2062 sit
711 1997 830 2063 iudicio
846 1999 931 2064 ultro
947 2000 1118 2065 obtrudere
1133 2001 1284 2085 scriptori
1298 2001 1442 2064 animum
1451 1998 1608 2065 inducat?

461 2104 500 2169 In
524 2104 653 2170 Graecis
677 2106 733 2189 qui
756 2106 814 2170 has
838 2107 1112 2173 conformationes
1137 2108 1292 2173 orationis
1312 2106 1531 2171 observaverit
1554 2128 1609 2171 ne-

369 2214 490 2277 minem
514 2212 677 2276 novimus:
701 2214 735 2276 in
757 2212 883 2277 Latinis
905 2214 1063 2279 nonnulla
1085 2214 1241 2280 Nicotaus
1264 2213 1448 2299 Madvigius
1476 2212 1609 2277 adnota-

370 2322 418 2384 vit
448 2320 488 2384 ad
517 2318 681 2384 Ciceronis
710 2319 748 2383 de
776 2320 896 2383 finibus
924 2319 1201 2408 p.212(ed.11.)‚
1229 2320 1285 2385 sed
1312 2321 1340 2383 is
1367 2325 1476 2385 tamen
1503 2322 1606 2405 magis

369 2428 519 2492 universe
551 2427 678 2491 relativi
711 2448 783 2491 cum
817 2426 1070 2493 demonstrativo
1104 2450 1170 2493 non
1201 2428 1372 2510 exaequati
1403 2427 1516 2492 modos
1550 2427 1607 2511 qui

370 2534 454 2598 varii
479 2538 554 2598 sunt
578 2534 725 2599 attendit.
772 2534 877 2599 Nobis
901 2536 979 2599 satis
1004 2540 1053 2599 est
1075 2557 1177 2619 pauca
1200 2534 1357 2617 attulisse,
1380 2535 1437 2599 sed
1455 2555 1536 2618 quae
1556 2551 1606 2598 ac*-

368 2644 479 2705 curate
512 2641 697 2725 conspirent
730 2663 803 2705 cum
833 2640 963 2706 Graecis
997 2664 1079 2726 quae
1111 2644 1338 2726 supraposita
1361 2645 1445 2705 sunt.
1491 2639 1605 2725 ltaque

372 2747 537 2814 Ciceronis
560 2748 638 2813 haec
662 2752 738 2812 sunt
762 2748 801 2812 de
825 2749 1012 2812 inventione
1035 2766 1062 2812 11
1081 2748 1110 2832 b,
1128 2748 1168 2812 19

505 2896 547 2902 —
571 2856 766 2940 amplificare
793 2856 910 2922 debebit
936 2862 964 2920 et
989 2857 1158 2935 ostendere,
1186 2850 1312 2938 quanta
1332 2857 1381 2920 oia
1407 2856 1449 2920 sit
1476 2857 1603 2935 amora,
1618 2880 1646 2921 ao

504 2970 623 3045 ααααία
651 2966 754 3028 animi
775 2963 970 3045 perturbatio
998 2985 1036 3028 ca
1063 2965 1233 3041 iracundia
1259 2966 1319 3046 fiat
1345 2969 1401 3027 aot
1427 2983 1464 3028 ατ
1494 2963 1604 3044 aliqoo

505 3091 601 3136 αααεα
623 3092 732 3135 coraci
754 3092 818 3152 quc
840 3071 1011 3152 impulsum
1034 3071 1171 3152 aliquem
1193 3072 1230 3134 id
1250 3072 1359 3151 fecisse
1381 3071 1462 3134 dicet

367 3180 404 3242 in
428 3180 572 3242 oratione
595 3201 654 3262 pro
678 3177 781 3242 Balbo
802 3177 853 3260 21,
872 3177 915 3241 48

503 3323 548 3332 —-
570 3306 647 3350 aura
670 3287 740 3366 pais
762 3277 883 3364 αννανα)
905 3287 960 3366 qui
984 3286 1210 3366 defoederatis
1232 3283 1409 3348 accubas
1431 3288 1506 3347 essa
1528 3284 1601 3347 cici·

503 3398 565 3456 tute
587 3393 729 3470 docatus,
752 3394 787 3456 ia
811 3393 965 3456 indiciam
988 3399 1033 3456 eat
1053 3391 1200 3457 vocatas?

368 3497 414 3562 Ilt
446 3497 525 3563 haec
558 3499 613 3583 qui
646 3499 908 3581 consideraverit,
939 3497 975 3562 in
1007 3499 1124 3582 quibus
1158 3499 1311 3563 omissum
1343 3519 1465 3577 eorum,
1498 3517 1603 3561 eoram

368 3627 549 3690 pronomen
568 3606 752 3690 *legitimam
775 3605 906 3669 reddere
930 3605 1109 3670 orationem
1127 3605 1245 3689 potuit,
1266 3625 1332 3669 non
1351 3603 1555 3689 repugnabit,
1579 3605 1608 3667 si

369 3713 441 3796 quis
465 3716 592 3778 censeat
615 3713 711 3776 etiam
735 3711 775 3775 de
798 3714 926 3776 oratore
948 3713 1033 3795 1114,
1050 3712 1091 3776 16

506 3857 543 3865 -
570 3822 599 3884 is
625 3820 683 3884 erit
710 3841 747 3883 αα
774 3819 828 3896 iia,
858 3821 999 3899 qciuct
1025 3819 1095 3885 iilos
1124 3841 1188 3885 ναν
1217 3821 1356 3885 audierit
1385 3824 1442 3882 cat
1463 3819 1607 3882 iudicare

502 3948 566 3990 coa
582 3929 691 4008 possit,
1378 3979 1380 3983 .
1565 3922 1589 3976 -’
1620 3949 1647 3989 ao

367 4033 448 4098 haec
476 4056 556 4118 quae
585 4034 706 4116 scripta
734 4038 810 4098 sunt
838 4033 872 4096 in
899 4032 991 4097 libris
1019 4036 1056 4096 ut
1083 4034 1211 4097 videtur
1233 4032 1405 4116 plerisque,
1433 4054 1499 4096 non
1524 4054 1606 4116 quae

366 4140 544 4227 vulgantur
567 4145 598 4204 et
620 4139 715 4204 facile
738 4163 777 4204 ex
800 4139 865 4204 illis
890 4139 1008 4224 corrigi
1035 4144 1199 4224 poterant,
1226 4141 1388 4204 ααανεννατ
1417 4144 1450 4203 et
1471 4141 1605 4222 possim,

366 4271 387 4312 a
411 4246 565 4313 Cicerone
588 4247 732 4333 profecta
756 4270 833 4312 esse.

460 4353 584 4420 Similia
607 4353 892 4440 Francogallorum
921 4355 1062 4420 sermoni
1089 4359 1156 4418 tam
1185 4355 1355 4418 vetustiori
1378 4375 1476 4436 quam
1499 4374 1606 4417 recen-

364 4463 445 4529 tiori
464 4483 615 4527 concessa
634 4461 733 4525 fuisse
747 4459 891 4546 Adolpbi
906 4461 1036 4527 Tobleri
1056 4460 1222 4544 symbolae
1240 4461 1280 4525 ad
1299 4461 1452 4544 syntaxin
1467 4459 1605 4524 Franco-

367 4569 519 4658 gallicam
543 4569 679 4634 collatae
702 4569 825 4634 docent.
872 4568 924 4632 Ex
949 4571 1039 4632 cuius
1059 4569 1160 4652 copiis
1180 4567 1248 4660 duo
1262 4569 1410 4651 exempla
1428 4587 1505 4650 prae
1524 4569 1607 4631 cete·

366 4677 414 4742 ris
438 4676 605 4761 simplicia,
629 4679 666 4741 ut
689 4698 790 4761 genus
815 4675 944 4760 quidem
968 4675 1177 4760 significetur,
1200 4674 1372 4739 afferimus.

505 4785 574 4849 e'est
597 4805 633 4866 ey
654 4805 715 4847 uae
738 4784 791 4848 des
811 4803 911 4866 prcus
933 4782 1077 4848 doalears
1099 4783 1154 4863 qai
1175 4784 1236 4847 soit
1257 4802 1313 4846 sior
1335 4787 1422 4844 terre.
1598 4860 1601 4868 .

504 4892 575 4960 c'est
596 4911 657 4956 cae
679 4892 732 4954 des
752 4891 890 4971 croada
912 4910 1035 4954 erratas
1055 4890 1111 4970 qai
1133 4890 1193 4952 soit
1210 4888 1321 4967 parmi
1344 4887 1387 4950 les
1408 4883 1553 4946 horama.
1598 4932 1602 4953 .,
