<?xml version="1.0" encoding="UTF-8"?>
<!DOCTYPE html PUBLIC "-//W3C//DTD XHTML 1.0 Transitional//EN"
    "http://www.w3.org/TR/xhtml1/DTD/xhtml1-transitional.dtd">
<html xmlns="http://www.w3.org/1999/xhtml" xml:lang="en" lang="en">
 <head>
  <title>
</title>
<meta http-equiv="Content-Type" content="text/html;charset=utf-8" />
  <meta name='ocr-system' content='tesseract 3.04.00' />
  <meta name='ocr-capabilities' content='ocr_page ocr_carea ocr_par ocr_line ocrx_word'/>
</head>
<body>
  <div class='ocr_page' id='page_1' title='image "./iohannisvahleni00vahlgoog/iohannisvahleni00vahlgoog_0084.png"; bbox 0 0 3967 5725; ppageno 0'>
   <div class='ocr_carea' id='block_1_1' title="bbox 405 615 1461 679">
    <p class='ocr_par' dir='ltr' id='par_1_1' title="bbox 405 615 1461 679">
     <span class='ocr_line' id='line_1_1' title="bbox 405 615 1461 679; baseline -0.002 -13"><span class='ocrx_word' id='word_1_1' title='bbox 405 615 447 679; x_wconf 82' lang='grc'><strong>76</strong></span> <span class='ocrx_word' id='word_1_2' title='bbox 609 618 746 667; x_wconf 79' lang='lat' dir='ltr'>XXXVII.</span> <span class='ocrx_word' id='word_1_3' title='bbox 766 617 881 666; x_wconf 77' lang='lat' dir='ltr'><strong>mDEx</strong></span> <span class='ocrx_word' id='word_1_4' title='bbox 899 616 1115 667; x_wconf 73' lang='lat' dir='ltr'><strong>memorum</strong></span> <span class='ocrx_word' id='word_1_5' title='bbox 1131 615 1364 666; x_wconf 63' lang='lat' dir='ltr'><strong>lasciviam</strong></span> <span class='ocrx_word' id='word_1_6' title='bbox 1381 616 1461 667; x_wconf 74' lang='lat'><strong>189³.</strong></span> 
     </span>
    </p>
   </div>
   <div class='ocr_carea' id='block_1_2' title="bbox 402 775 1641 1270">
    <p class='ocr_par' dir='ltr' id='par_1_2' title="bbox 402 775 1641 1270">
     <span class='ocr_line' id='line_1_2' title="bbox 402 775 1638 863; baseline -0.004 -19"><span class='ocrx_word' id='word_1_7' title='bbox 402 801 442 844; x_wconf 93' lang='lat' dir='ltr'><strong>ac</strong></span> <span class='ocrx_word' id='word_1_8' title='bbox 464 778 613 863; x_wconf 87' lang='lat' dir='ltr'><strong>dissipati</strong></span> <span class='ocrx_word' id='word_1_9' title='bbox 641 778 809 861; x_wconf 76' lang='lat' dir='ltr'><strong>dieantur,</strong></span> <span class='ocrx_word' id='word_1_10' title='bbox 830 778 887 861; x_wconf 90' lang='lat' dir='ltr'><strong>qui</strong></span> <span class='ocrx_word' id='word_1_11' title='bbox 909 776 1052 841; x_wconf 84' lang='lat' dir='ltr'><strong>Palladis</strong></span> <span class='ocrx_word' id='word_1_12' title='bbox 1078 799 1177 841; x_wconf 81' lang='lat' dir='ltr'><strong>manu</strong></span> <span class='ocrx_word' id='word_1_13' title='bbox 1204 775 1312 860; x_wconf 88' lang='lat' dir='ltr'><strong>lapide</strong></span> <span class='ocrx_word' id='word_1_14' title='bbox 1339 778 1437 840; x_wconf 74' lang='lat' dir='ltr'><strong>mimo</strong></span> <span class='ocrx_word' id='word_1_15' title='bbox 1464 797 1638 859; x_wconf 87' lang='lat' dir='ltr'><strong>percussus</strong></span> 
     </span>
     <span class='ocr_line' id='line_1_3' title="bbox 403 884 1639 970; baseline 0 -23"><span class='ocrx_word' id='word_1_16' title='bbox 403 884 461 949; x_wconf 92' lang='lat' dir='ltr'><strong>ubi</strong></span> <span class='ocrx_word' id='word_1_17' title='bbox 479 884 602 949; x_wconf 90' lang='lat' dir='ltr'><strong>corruit</strong></span> <span class='ocrx_word' id='word_1_18' title='bbox 620 885 709 970; x_wconf 82' lang='lat' dir='ltr'><strong>gravi</strong></span> <span class='ocrx_word' id='word_1_19' title='bbox 729 905 844 950; x_wconf 90' lang='lat' dir='ltr'><strong>somno</strong></span> <span class='ocrx_word' id='word_1_20' title='bbox 864 885 990 968; x_wconf 82' lang='lat' dir='ltr'><strong>sopitus</strong></span> <span class='ocrx_word' id='word_1_21' title='bbox 1005 884 1097 966; x_wconf 84' lang='lat' dir='ltr'><strong>iacet,</strong></span> <span class='ocrx_word' id='word_1_22' title='bbox 1115 906 1156 947; x_wconf 85' lang='lat' dir='ltr'><strong>ex</strong></span> <span class='ocrx_word' id='word_1_23' title='bbox 1170 905 1235 967; x_wconf 88' lang='lat' dir='ltr'><strong>quo</strong></span> <span class='ocrx_word' id='word_1_24' title='bbox 1249 884 1390 966; x_wconf 87' lang='lat' dir='ltr'><strong>tandem,</strong></span> <span class='ocrx_word' id='word_1_25' title='bbox 1408 884 1506 947; x_wconf 84' lang='lat' dir='ltr'><strong>sicuti</strong></span> <span class='ocrx_word' id='word_1_26' title='bbox 1519 884 1639 948; x_wconf 82' lang='grc' dir='ltr'><strong><em>Λύσσα</em></strong></span> 
     </span>
     <span class='ocr_line' id='line_1_4' title="bbox 402 989 1638 1076; baseline -0.002 -20"><span class='ocrx_word' id='word_1_27' title='bbox 402 990 568 1076; x_wconf 79' lang='lat' dir='ltr'><strong>praedicit,</strong></span> <span class='ocrx_word' id='word_1_28' title='bbox 592 992 651 1066; x_wconf 81' lang='grc' dir='ltr'><strong>τὰς</strong></span> <span class='ocrx_word' id='word_1_29' title='bbox 671 992 795 1067; x_wconf 83' lang='grc' dir='ltr'><strong><em>λύσσας</em></strong></span> <span class='ocrx_word' id='word_1_30' title='bbox 813 991 911 1074; x_wconf 76' lang='grc' dir='ltr'><strong><em>ἀφείς</em></strong></span> <span class='ocrx_word' id='word_1_31' title='bbox 929 991 1173 1075; x_wconf 75' lang='lat' dir='ltr'>expergiscitur.</span> <span class='ocrx_word' id='word_1_32' title='bbox 1210 989 1325 1073; x_wconf 84' lang='lat' dir='ltr'><strong>Itaque</strong></span> <span class='ocrx_word' id='word_1_33' title='bbox 1342 990 1439 1055; x_wconf 91' lang='lat' dir='ltr'><strong>nobis</strong></span> <span class='ocrx_word' id='word_1_34' title='bbox 1456 990 1537 1053; x_wconf 91' lang='lat' dir='ltr'><strong>haec</strong></span> <span class='ocrx_word' id='word_1_35' title='bbox 1554 1012 1638 1075; x_wconf 88' lang='lat' dir='ltr'><strong>quae</strong></span> 
     </span>
     <span class='ocr_line' id='line_1_5' title="bbox 403 1096 1641 1180; baseline -0.002 -17"><span class='ocrx_word' id='word_1_36' title='bbox 403 1099 521 1163; x_wconf 82' lang='grc' dir='ltr'><em>Λύσσα</em></span> <span class='ocrx_word' id='word_1_37' title='bbox 544 1098 623 1162; x_wconf 88' lang='lat' dir='ltr'><strong>dicit</strong></span> <span class='ocrx_word' id='word_1_38' title='bbox 646 1097 773 1162; x_wconf 91' lang='lat' dir='ltr'><strong>illibata</strong></span> <span class='ocrx_word' id='word_1_39' title='bbox 794 1120 865 1161; x_wconf 88' lang='lat' dir='ltr'><strong>esse</strong></span> <span class='ocrx_word' id='word_1_40' title='bbox 887 1096 1038 1161; x_wconf 86' lang='lat' dir='ltr'><strong>videntur</strong></span> <span class='ocrx_word' id='word_1_41' title='bbox 1058 1119 1163 1180; x_wconf 90' lang='lat' dir='ltr'><strong>neque</strong></span> <span class='ocrx_word' id='word_1_42' title='bbox 1181 1098 1301 1161; x_wconf 86' lang='lat' dir='ltr'><strong>mutari</strong></span> <span class='ocrx_word' id='word_1_43' title='bbox 1319 1119 1416 1180; x_wconf 90' lang='lat' dir='ltr'><strong>posse</strong></span> <span class='ocrx_word' id='word_1_44' title='bbox 1436 1096 1515 1180; x_wconf 92' lang='lat' dir='ltr'><strong>quin</strong></span> <span class='ocrx_word' id='word_1_45' title='bbox 1538 1098 1641 1160; x_wconf 82' lang='lat' dir='ltr'><strong>viset</strong></span> 
     </span>
     <span class='ocr_line' id='line_1_6' title="bbox 405 1203 905 1270; baseline -0.002 -3"><span class='ocrx_word' id='word_1_46' title='bbox 405 1209 554 1269; x_wconf 85' lang='lat' dir='ltr'><strong>venustas</strong></span> <span class='ocrx_word' id='word_1_47' title='bbox 578 1205 734 1270; x_wconf 88' lang='lat' dir='ltr'><strong>orationis</strong></span> <span class='ocrx_word' id='word_1_48' title='bbox 757 1203 905 1268; x_wconf 85' lang='lat' dir='ltr'><strong>violetur.</strong></span> 
     </span>
    </p>
   </div>
   <div class='ocr_carea' id='block_1_3' title="bbox 362 1307 1640 1826">
    <p class='ocr_par' dir='ltr' id='par_1_3' title="bbox 362 1307 1640 1826">
     <span class='ocr_line' id='line_1_7' title="bbox 565 1307 1432 1396; baseline -0.001 -21"><span class='ocrx_word' id='word_1_49' title='bbox 565 1310 620 1378; x_wconf 87' lang='grc' dir='ltr'><strong><em>καὶ</em></strong></span> <span class='ocrx_word' id='word_1_50' title='bbox 643 1310 834 1396; x_wconf 79' lang='grc' dir='ltr'><strong><em>καταρρήξω</em></strong></span> <span class='ocrx_word' id='word_1_51' title='bbox 858 1310 1010 1395; x_wconf 81' lang='grc' dir='ltr'><strong><em>μέλαθρα</em></strong></span> <span class='ocrx_word' id='word_1_52' title='bbox 1033 1309 1088 1376; x_wconf 79' lang='grc' dir='ltr'><strong><em>καὶ</em></strong></span> <span class='ocrx_word' id='word_1_53' title='bbox 1111 1313 1236 1395; x_wconf 98' lang='grc' dir='ltr'><strong><em>δόμους</em></strong></span> <span class='ocrx_word' id='word_1_54' title='bbox 1260 1307 1432 1395; x_wconf 74' lang='grc' dir='ltr'><strong><em>ἐπεμβαλῶ</em></strong></span> 
     </span>
     <span class='ocr_line' id='line_1_8' title="bbox 453 1415 1540 1501; baseline -0.002 -18"><span class='ocrx_word' id='word_1_55' title='bbox 453 1417 519 1483; x_wconf 81' lang='lat'><strong>865</strong></span> <span class='ocrx_word' id='word_1_56' title='bbox 568 1416 651 1483; x_wconf 81' lang='grc' dir='ltr'><strong><em>τέκν’</em></strong></span> <span class='ocrx_word' id='word_1_57' title='bbox 679 1417 900 1483; x_wconf 77' lang='grc' dir='ltr'><em>ἀποκτείνασα</em></span> <span class='ocrx_word' id='word_1_58' title='bbox 923 1430 1069 1501; x_wconf 84' lang='grc' dir='ltr'><strong><em>πρῶτον·</em></strong></span> <span class='ocrx_word' id='word_1_59' title='bbox 1094 1417 1112 1484; x_wconf 87' lang='grc' dir='ltr'>ὁ</span> <span class='ocrx_word' id='word_1_60' title='bbox 1136 1415 1173 1482; x_wconf 78' lang='grc' dir='ltr'><strong>δὲ</strong></span> <span class='ocrx_word' id='word_1_61' title='bbox 1196 1429 1309 1482; x_wconf 86' lang='grc' dir='ltr'><strong><em>κανῶν</em></strong></span> <span class='ocrx_word' id='word_1_62' title='bbox 1331 1418 1395 1483; x_wconf 84' lang='grc' dir='ltr'><strong>οὐκ</strong></span> <span class='ocrx_word' id='word_1_63' title='bbox 1417 1424 1540 1481; x_wconf 75' lang='grc' dir='ltr'><strong><em>εἴσεται</em></strong></span> 
     </span>
     <span class='ocr_line' id='line_1_9' title="bbox 563 1522 1619 1611; baseline -0.002 -22"><span class='ocrx_word' id='word_1_64' title='bbox 563 1526 685 1602; x_wconf 80' lang='grc' dir='ltr'><strong><em>παῖδας</em></strong></span> <span class='ocrx_word' id='word_1_65' title='bbox 708 1525 768 1602; x_wconf 80' lang='grc' dir='ltr'><strong>οὓς</strong></span> <span class='ocrx_word' id='word_1_66' title='bbox 790 1522 888 1589; x_wconf 80' lang='grc' dir='ltr'>ἔτικτ’</span> <span class='ocrx_word' id='word_1_67' title='bbox 916 1523 1061 1608; x_wconf 79' lang='grc' dir='ltr'><strong><em>ἐναίρων</em></strong></span> <span class='ocrx_word' id='word_1_68' title='bbox 1083 1523 1164 1611; x_wconf 82' lang='grc' dir='ltr'><strong><em>πρὶν</em></strong></span> <span class='ocrx_word' id='word_1_69' title='bbox 1186 1526 1230 1589; x_wconf 83' lang='grc' dir='ltr'><strong>δν</strong></span> <span class='ocrx_word' id='word_1_70' title='bbox 1252 1523 1331 1605; x_wconf 80' lang='grc' dir='ltr'><strong><em>ε’μδις</em></strong></span> <span class='ocrx_word' id='word_1_71' title='bbox 1354 1526 1479 1599; x_wconf 86' lang='grc' dir='ltr'><strong><em>λύσσας</em></strong></span> <span class='ocrx_word' id='word_1_72' title='bbox 1501 1523 1619 1610; x_wconf 58' lang='lat' dir='ltr'><strong>deff).</strong></span> 
     </span>
     <span class='ocr_line' id='line_1_10' title="bbox 494 1630 1640 1696; baseline 0 -1"><span class='ocrx_word' id='word_1_73' title='bbox 494 1630 546 1696; x_wconf 83' lang='lat' dir='ltr'><strong>Ab</strong></span> <span class='ocrx_word' id='word_1_74' title='bbox 575 1631 627 1696; x_wconf 92' lang='lat' dir='ltr'><strong>his</strong></span> <span class='ocrx_word' id='word_1_75' title='bbox 657 1632 802 1696; x_wconf 82' lang='lat' dir='ltr'><strong>versibus</strong></span> <span class='ocrx_word' id='word_1_76' title='bbox 832 1653 950 1696; x_wconf 81' lang='lat' dir='ltr'><strong>novam</strong></span> <span class='ocrx_word' id='word_1_77' title='bbox 979 1632 1140 1696; x_wconf 79' lang='lat' dir='ltr'><strong>nectimus</strong></span> <span class='ocrx_word' id='word_1_78' title='bbox 1173 1632 1409 1696; x_wconf 76' lang='lat' dir='ltr'><strong>dubitationem</strong></span> <span class='ocrx_word' id='word_1_79' title='bbox 1441 1631 1481 1695; x_wconf 90' lang='lat' dir='ltr'><strong>de</strong></span> <span class='ocrx_word' id='word_1_80' title='bbox 1512 1631 1640 1695; x_wconf 84' lang='lat' dir='ltr'><strong>cantico</strong></span> 
     </span>
     <span class='ocr_line' id='line_1_11' title="bbox 362 1736 1640 1826; baseline -0.004 -19"><span class='ocrx_word' id='word_1_81' title='bbox 362 1769 389 1811; x_wconf 80' lang='lat' dir='ltr'><strong>m</strong></span> <span class='ocrx_word' id='word_1_82' title='bbox 404 1739 494 1804; x_wconf 89' lang='lat' dir='ltr'><strong>chori</strong></span> <span class='ocrx_word' id='word_1_83' title='bbox 518 1740 604 1822; x_wconf 90' lang='lat' dir='ltr'><strong>quod</strong></span> <span class='ocrx_word' id='word_1_84' title='bbox 627 1739 809 1823; x_wconf 75' lang='lat' dir='ltr'><strong>insequitur</strong></span> <span class='ocrx_word' id='word_1_85' title='bbox 831 1736 1049 1826; x_wconf 74' lang='lat' dir='ltr'><strong>(eie-909),</strong></span> <span class='ocrx_word' id='word_1_86' title='bbox 1071 1740 1105 1802; x_wconf 91' lang='lat' dir='ltr'><strong>in</strong></span> <span class='ocrx_word' id='word_1_87' title='bbox 1129 1760 1194 1822; x_wconf 91' lang='lat' dir='ltr'><strong>quo</strong></span> <span class='ocrx_word' id='word_1_88' title='bbox 1218 1739 1420 1823; x_wconf 84' lang='lat' dir='ltr'><strong>explanando</strong></span> <span class='ocrx_word' id='word_1_89' title='bbox 1439 1738 1640 1802; x_wconf 88' lang='lat' dir='ltr'><strong>admirabilis</strong></span> 
     </span>
    </p>
   </div>
   <div class='ocr_carea' id='block_1_4' title="bbox 363 1844 1693 4605">
    <p class='ocr_par' dir='ltr' id='par_1_4' title="bbox 363 1844 1663 3533">
     <span class='ocr_line' id='line_1_12' title="bbox 403 1844 1639 1930; baseline 0.001 -22"><span class='ocrx_word' id='word_1_90' title='bbox 403 1845 648 1912; x_wconf 80' lang='lat' dir='ltr'><strong>Wilamowitzii</strong></span> <span class='ocrx_word' id='word_1_91' title='bbox 671 1844 817 1909; x_wconf 87' lang='lat' dir='ltr'><strong>sollertia</strong></span> <span class='ocrx_word' id='word_1_92' title='bbox 839 1845 1052 1930; x_wconf 85' lang='lat' dir='ltr'><strong>exsplenduit.</strong></span> <span class='ocrx_word' id='word_1_93' title='bbox 1099 1845 1161 1922; x_wconf 84' lang='lat' dir='ltr'><strong>Qui</strong></span> <span class='ocrx_word' id='word_1_94' title='bbox 1189 1846 1319 1929; x_wconf 92' lang='lat' dir='ltr'><strong>quidem</strong></span> <span class='ocrx_word' id='word_1_95' title='bbox 1347 1850 1525 1910; x_wconf 87' lang='lat' dir='ltr'><strong>metrorum</strong></span> <span class='ocrx_word' id='word_1_96' title='bbox 1554 1866 1639 1909; x_wconf 90' lang='lat' dir='ltr'><strong>oom-</strong></span> 
     </span>
     <span class='ocr_line' id='line_1_13' title="bbox 402 1952 1640 2037; baseline -0.002 -19"><span class='ocrx_word' id='word_1_97' title='bbox 402 1954 523 2037; x_wconf 89' lang='lat' dir='ltr'><strong>positio</strong></span> <span class='ocrx_word' id='word_1_98' title='bbox 547 1975 629 2036; x_wconf 87' lang='lat' dir='ltr'><strong>quae</strong></span> <span class='ocrx_word' id='word_1_99' title='bbox 652 1956 736 2017; x_wconf 86' lang='lat' dir='ltr'><strong>esset</strong></span> <span class='ocrx_word' id='word_1_100' title='bbox 758 1958 791 2017; x_wconf 87' lang='lat' dir='ltr'><strong>et</strong></span> <span class='ocrx_word' id='word_1_101' title='bbox 814 1953 1046 2017; x_wconf 85' lang='lat' dir='ltr'><strong>sententiarum</strong></span> <span class='ocrx_word' id='word_1_102' title='bbox 1065 1955 1210 2017; x_wconf 87' lang='lat' dir='ltr'><strong>tenorem</strong></span> <span class='ocrx_word' id='word_1_103' title='bbox 1229 1953 1276 2016; x_wconf 84' lang='lat' dir='ltr'><strong>ita</strong></span> <span class='ocrx_word' id='word_1_104' title='bbox 1294 1952 1449 2037; x_wconf 78' lang='lat' dir='ltr'><strong>explicuit</strong></span> <span class='ocrx_word' id='word_1_105' title='bbox 1466 1956 1504 2015; x_wconf 88' lang='lat' dir='ltr'><strong>ut</strong></span> <span class='ocrx_word' id='word_1_106' title='bbox 1522 1953 1640 2017; x_wconf 81' lang='lat' dir='ltr'><strong>cantici</strong></span> 
     </span>
     <span class='ocr_line' id='line_1_14' title="bbox 403 2058 1641 2145; baseline 0.001 -22"><span class='ocrx_word' id='word_1_107' title='bbox 403 2061 577 2145; x_wconf 86' lang='lat' dir='ltr'><strong>particulas</strong></span> <span class='ocrx_word' id='word_1_108' title='bbox 600 2082 620 2124; x_wconf 88' lang='lat' dir='ltr'><strong>a</strong></span> <span class='ocrx_word' id='word_1_109' title='bbox 642 2058 848 2124; x_wconf 82' lang='lat' dir='ltr'><strong>lamentantis</strong></span> <span class='ocrx_word' id='word_1_110' title='bbox 872 2058 1123 2142; x_wconf 77' lang='lat' dir='ltr'><strong>Amphitryonis</strong></span> <span class='ocrx_word' id='word_1_111' title='bbox 1149 2058 1283 2123; x_wconf 85' lang='lat' dir='ltr'><strong>vocibus</strong></span> <span class='ocrx_word' id='word_1_112' title='bbox 1311 2081 1393 2143; x_wconf 88' lang='lat' dir='ltr'><strong>quae</strong></span> <span class='ocrx_word' id='word_1_113' title='bbox 1422 2082 1462 2123; x_wconf 89' lang='lat' dir='ltr'><strong>ex</strong></span> <span class='ocrx_word' id='word_1_114' title='bbox 1485 2061 1641 2124; x_wconf 86' lang='lat' dir='ltr'><strong>interiore</strong></span> 
     </span>
     <span class='ocr_line' id='line_1_15' title="bbox 404 2164 1639 2251; baseline 0 -20"><span class='ocrx_word' id='word_1_115' title='bbox 404 2167 500 2231; x_wconf 92' lang='lat' dir='ltr'><strong>domo</strong></span> <span class='ocrx_word' id='word_1_116' title='bbox 523 2191 542 2230; x_wconf 90' lang='lat' dir='ltr'><strong>a</strong></span> <span class='ocrx_word' id='word_1_117' title='bbox 565 2166 695 2231; x_wconf 87' lang='lat' dir='ltr'><strong>senibus</strong></span> <span class='ocrx_word' id='word_1_118' title='bbox 719 2166 809 2231; x_wconf 86' lang='lat' dir='ltr'><strong>chori</strong></span> <span class='ocrx_word' id='word_1_119' title='bbox 832 2168 1074 2251; x_wconf 87' lang='lat' dir='ltr'><strong>perciperentur</strong></span> <span class='ocrx_word' id='word_1_120' title='bbox 1092 2166 1232 2250; x_wconf 89' lang='lat' dir='ltr'><strong>pendere</strong></span> <span class='ocrx_word' id='word_1_121' title='bbox 1249 2166 1356 2230; x_wconf 84' lang='lat' dir='ltr'><strong>vellet.</strong></span> <span class='ocrx_word' id='word_1_122' title='bbox 1394 2164 1493 2231; x_wconf 82' lang='lat' dir='ltr'><strong>Cuius</strong></span> <span class='ocrx_word' id='word_1_123' title='bbox 1511 2168 1558 2231; x_wconf 90' lang='lat' dir='ltr'><strong>rei</strong></span> <span class='ocrx_word' id='word_1_124' title='bbox 1576 2165 1639 2231; x_wconf 84' lang='lat' dir='ltr'><strong>etsi</strong></span> 
     </span>
     <span class='ocr_line' id='line_1_16' title="bbox 403 2271 1663 2358; baseline 0 -21"><span class='ocrx_word' id='word_1_125' title='bbox 403 2273 559 2358; x_wconf 89' lang='lat' dir='ltr'><strong>quaedam</strong></span> <span class='ocrx_word' id='word_1_126' title='bbox 589 2296 664 2338; x_wconf 87' lang='lat' dir='ltr'><strong>sane</strong></span> <span class='ocrx_word' id='word_1_127' title='bbox 695 2273 813 2338; x_wconf 89' lang='lat' dir='ltr'><strong>indicia</strong></span> <span class='ocrx_word' id='word_1_128' title='bbox 841 2273 936 2338; x_wconf 89' lang='lat' dir='ltr'><strong>facile</strong></span> <span class='ocrx_word' id='word_1_129' title='bbox 966 2276 1199 2358; x_wconf 81' lang='lat' dir='ltr'><strong>agnoscuntur,</strong></span> <span class='ocrx_word' id='word_1_130' title='bbox 1231 2273 1321 2338; x_wconf 85' lang='lat' dir='ltr'><strong>velut</strong></span> <span class='ocrx_word' id='word_1_131' title='bbox 1351 2273 1413 2336; x_wconf 87' lang='grc'><strong>891</strong></span> <span class='ocrx_word' id='word_1_132' title='bbox 1447 2275 1487 2338; x_wconf 79' lang='grc' dir='ltr'><strong>ἰὼ</strong></span> <span class='ocrx_word' id='word_1_133' title='bbox 1517 2271 1663 2355; x_wconf 67' lang='grc' dir='ltr'><strong>στέγαι.4</strong></span> 
     </span>
     <span class='ocr_line' id='line_1_17' title="bbox 406 2377 1640 2467; baseline -0.001 -23"><span class='ocrx_word' id='word_1_134' title='bbox 406 2377 418 2467; x_wconf 70' lang='lat' dir='ltr'><strong>ll</strong></span> <span class='ocrx_word' id='word_1_135' title='bbox 436 2381 641 2466; x_wconf 83' lang='grc' dir='ltr'><strong><em>Κατάρχεται</em></strong></span> <span class='ocrx_word' id='word_1_136' title='bbox 670 2383 817 2465; x_wconf 81' lang='grc' dir='ltr'><strong><em>χόρευμα</em></strong></span> <span class='ocrx_word' id='word_1_137' title='bbox 840 2379 894 2466; x_wconf 86' lang='lat' dir='ltr'><strong>(cf.</strong></span> <span class='ocrx_word' id='word_1_138' title='bbox 911 2380 975 2444; x_wconf 67' lang='lat'><strong>749</strong></span> <span class='ocrx_word' id='word_1_139' title='bbox 1000 2379 1077 2467; x_wconf 82' lang='lat' dir='ltr'><strong>sq‚)3</strong></span> <span class='ocrx_word' id='word_1_140' title='bbox 1101 2379 1166 2443; x_wconf 88' lang='grc'><strong>899</strong></span> <span class='ocrx_word' id='word_1_141' title='bbox 1190 2383 1260 2445; x_wconf 81' lang='grc' dir='ltr'><strong>αιάῑ</strong></span> <span class='ocrx_word' id='word_1_142' title='bbox 1283 2391 1404 2445; x_wconf 82' lang='grc' dir='ltr'><strong><em>κακῶν.</em></strong></span> <span class='ocrx_word' id='word_1_143' title='bbox 1420 2378 1433 2467; x_wconf 65' lang='lat' dir='ltr'><strong>,l</strong></span> <span class='ocrx_word' id='word_1_144' title='bbox 1450 2383 1532 2445; x_wconf 81' lang='grc' dir='ltr'><strong><em>Αἰαῑ</em></strong></span> <span class='ocrx_word' id='word_1_145' title='bbox 1554 2381 1640 2464; x_wconf 82' lang='grc' dir='ltr'><strong><em>δῆτα</em></strong></span> 
     </span>
     <span class='ocr_line' id='line_1_18' title="bbox 403 2484 1639 2572; baseline -0.001 -21"><span class='ocrx_word' id='word_1_146' title='bbox 403 2484 457 2571; x_wconf 85' lang='lat' dir='ltr'><strong>(cf.</strong></span> <span class='ocrx_word' id='word_1_147' title='bbox 477 2485 569 2551; x_wconf 86' lang='lat' dir='ltr'><strong>Anal.</strong></span> <span class='ocrx_word' id='word_1_148' title='bbox 588 2486 735 2571; x_wconf 83' lang='lat' dir='ltr'><strong>Euripid.</strong></span> <span class='ocrx_word' id='word_1_149' title='bbox 754 2511 785 2572; x_wconf 93' lang='lat' dir='ltr'><strong>p.</strong></span> <span class='ocrx_word' id='word_1_150' title='bbox 801 2487 869 2570; x_wconf 83' lang='lat'><strong>61),</strong></span> <span class='ocrx_word' id='word_1_151' title='bbox 886 2492 996 2551; x_wconf 89' lang='lat' dir='ltr'><strong>tamen</strong></span> <span class='ocrx_word' id='word_1_152' title='bbox 1015 2486 1144 2551; x_wconf 86' lang='lat' dir='ltr'><strong>ethaeo</strong></span> <span class='ocrx_word' id='word_1_153' title='bbox 1162 2489 1339 2571; x_wconf 88' lang='lat' dir='ltr'><strong>etreliqua</strong></span> <span class='ocrx_word' id='word_1_154' title='bbox 1357 2491 1445 2551; x_wconf 88' lang='lat' dir='ltr'><strong>certa</strong></span> <span class='ocrx_word' id='word_1_155' title='bbox 1463 2486 1639 2551; x_wconf 89' lang='lat' dir='ltr'><strong>admodum</strong></span> 
     </span>
     <span class='ocr_line' id='line_1_19' title="bbox 403 2593 1639 2678; baseline -0.001 -20"><span class='ocrx_word' id='word_1_156' title='bbox 403 2598 459 2659; x_wconf 85' lang='lat' dir='ltr'><strong>aut</strong></span> <span class='ocrx_word' id='word_1_157' title='bbox 482 2616 632 2678; x_wconf 74' lang='lat' dir='ltr'><strong>expressa</strong></span> <span class='ocrx_word' id='word_1_158' title='bbox 654 2616 720 2658; x_wconf 90' lang='lat' dir='ltr'><strong>uon</strong></span> <span class='ocrx_word' id='word_1_159' title='bbox 738 2615 807 2659; x_wconf 87' lang='lat' dir='ltr'><strong>esse</strong></span> <span class='ocrx_word' id='word_1_160' title='bbox 825 2594 895 2678; x_wconf 89' lang='lat' dir='ltr'><strong>ipse</strong></span> <span class='ocrx_word' id='word_1_161' title='bbox 913 2593 1186 2659; x_wconf 86' lang='lat' dir='ltr'><strong>Wilamowitzius</strong></span> <span class='ocrx_word' id='word_1_162' title='bbox 1204 2594 1325 2658; x_wconf 85' lang='lat' dir='ltr'><strong>fatetur</strong></span> <span class='ocrx_word' id='word_1_163' title='bbox 1343 2597 1376 2657; x_wconf 88' lang='lat' dir='ltr'><strong>et</strong></span> <span class='ocrx_word' id='word_1_164' title='bbox 1394 2615 1476 2677; x_wconf 87' lang='lat' dir='ltr'><strong>quae</strong></span> <span class='ocrx_word' id='word_1_165' title='bbox 1495 2593 1639 2658; x_wconf 86' lang='lat' dir='ltr'><strong>eiusdem</strong></span> 
     </span>
     <span class='ocr_line' id='line_1_20' title="bbox 403 2698 1638 2786; baseline 0.001 -22"><span class='ocrx_word' id='word_1_166' title='bbox 403 2702 529 2785; x_wconf 86' lang='lat' dir='ltr'><strong>generis</strong></span> <span class='ocrx_word' id='word_1_167' title='bbox 558 2722 655 2784; x_wconf 88' lang='lat' dir='ltr'><strong>supra</strong></span> <span class='ocrx_word' id='word_1_168' title='bbox 682 2702 716 2765; x_wconf 91' lang='lat' dir='ltr'><strong>in</strong></span> <span class='ocrx_word' id='word_1_169' title='bbox 739 2700 819 2785; x_wconf 87' lang='lat' dir='ltr'><strong>Lyci</strong></span> <span class='ocrx_word' id='word_1_170' title='bbox 843 2701 938 2766; x_wconf 87' lang='lat' dir='ltr'><strong>caede</strong></span> <span class='ocrx_word' id='word_1_171' title='bbox 966 2700 1127 2765; x_wconf 88' lang='lat' dir='ltr'><strong>habentur</strong></span> <span class='ocrx_word' id='word_1_172' title='bbox 1150 2698 1359 2786; x_wconf 69' lang='lat' dir='ltr'><strong>(ile-754)</strong></span> <span class='ocrx_word' id='word_1_173' title='bbox 1382 2701 1547 2783; x_wconf 87' lang='lat' dir='ltr'><strong>apertiora</strong></span> <span class='ocrx_word' id='word_1_174' title='bbox 1569 2701 1638 2785; x_wconf 89' lang='lat' dir='ltr'><strong>qui·</strong></span> 
     </span>
     <span class='ocr_line' id='line_1_21' title="bbox 363 2806 1640 2894; baseline 0.002 -23"><span class='ocrx_word' id='word_1_175' title='bbox 363 2841 390 2882; x_wconf 74' lang='lat'><strong>‚0</strong></span> <span class='ocrx_word' id='word_1_176' title='bbox 404 2807 476 2873; x_wconf 90' lang='lat' dir='ltr'><strong>dem</strong></span> <span class='ocrx_word' id='word_1_177' title='bbox 499 2811 577 2872; x_wconf 90' lang='lat' dir='ltr'><strong>sunt</strong></span> <span class='ocrx_word' id='word_1_178' title='bbox 598 2812 636 2872; x_wconf 93' lang='lat' dir='ltr'><strong>ut</strong></span> <span class='ocrx_word' id='word_1_179' title='bbox 659 2807 779 2894; x_wconf 85' lang='lat' dir='ltr'><strong>ambigi</strong></span> <span class='ocrx_word' id='word_1_180' title='bbox 801 2830 867 2873; x_wconf 91' lang='lat' dir='ltr'><strong>non</strong></span> <span class='ocrx_word' id='word_1_181' title='bbox 891 2809 1005 2892; x_wconf 89' lang='lat' dir='ltr'><strong>possit.</strong></span> <span class='ocrx_word' id='word_1_182' title='bbox 1048 2806 1111 2872; x_wconf 87' lang='lat' dir='ltr'><strong>Sed</strong></span> <span class='ocrx_word' id='word_1_183' title='bbox 1128 2807 1208 2873; x_wconf 91' lang='lat' dir='ltr'><strong>haec</strong></span> <span class='ocrx_word' id='word_1_184' title='bbox 1230 2812 1306 2872; x_wconf 86' lang='lat' dir='ltr'><strong>utut</strong></span> <span class='ocrx_word' id='word_1_185' title='bbox 1328 2829 1362 2871; x_wconf 90' lang='lat' dir='ltr'><strong>se</strong></span> <span class='ocrx_word' id='word_1_186' title='bbox 1380 2807 1511 2890; x_wconf 90' lang='lat' dir='ltr'><strong>babent,</strong></span> <span class='ocrx_word' id='word_1_187' title='bbox 1533 2830 1640 2893; x_wconf 89' lang='lat' dir='ltr'><strong>neque</strong></span> 
     </span>
     <span class='ocr_line' id='line_1_22' title="bbox 403 2916 1639 3000; baseline 0.001 -22"><span class='ocrx_word' id='word_1_188' title='bbox 403 2916 489 2980; x_wconf 89' lang='lat' dir='ltr'><strong>enim</strong></span> <span class='ocrx_word' id='word_1_189' title='bbox 518 2917 690 3000; x_wconf 88' lang='lat' dir='ltr'><strong>quicquam</strong></span> <span class='ocrx_word' id='word_1_190' title='bbox 718 2916 870 2981; x_wconf 88' lang='lat' dir='ltr'><strong>fidentius</strong></span> <span class='ocrx_word' id='word_1_191' title='bbox 898 2937 1130 2999; x_wconf 84' lang='lat' dir='ltr'><strong>asseveramus,</strong></span> <span class='ocrx_word' id='word_1_192' title='bbox 1162 2916 1202 2980; x_wconf 91' lang='lat' dir='ltr'><strong>de</strong></span> <span class='ocrx_word' id='word_1_193' title='bbox 1229 2920 1373 2980; x_wconf 83' lang='lat' dir='ltr'><strong>extrema</strong></span> <span class='ocrx_word' id='word_1_194' title='bbox 1400 2920 1492 3000; x_wconf 88' lang='lat' dir='ltr'><strong>parte</strong></span> <span class='ocrx_word' id='word_1_195' title='bbox 1521 2916 1639 2980; x_wconf 87' lang='lat' dir='ltr'><strong>cantici</strong></span> 
     </span>
     <span class='ocr_line' id='line_1_23' title="bbox 402 3022 1641 3108; baseline 0.002 -22"><span class='ocrx_word' id='word_1_196' title='bbox 402 3022 550 3086; x_wconf 81' lang='lat' dir='ltr'><strong>videmur</strong></span> <span class='ocrx_word' id='word_1_197' title='bbox 571 3023 667 3087; x_wconf 89' lang='lat' dir='ltr'><strong>nobis</strong></span> <span class='ocrx_word' id='word_1_198' title='bbox 691 3023 802 3088; x_wconf 84' lang='lat' dir='ltr'><strong>afferre</strong></span> <span class='ocrx_word' id='word_1_199' title='bbox 821 3044 927 3108; x_wconf 87' lang='lat' dir='ltr'><strong>posse,</strong></span> <span class='ocrx_word' id='word_1_200' title='bbox 945 3025 1064 3108; x_wconf 89' lang='lat' dir='ltr'><strong>quibus</strong></span> <span class='ocrx_word' id='word_1_201' title='bbox 1088 3024 1268 3108; x_wconf 84' lang='lat' dir='ltr'><strong>simplicior</strong></span> <span class='ocrx_word' id='word_1_202' title='bbox 1290 3023 1523 3107; x_wconf 84' lang='lat' dir='ltr'><strong>interpretandi</strong></span> <span class='ocrx_word' id='word_1_203' title='bbox 1545 3025 1641 3106; x_wconf 88' lang='lat' dir='ltr'><strong>ratio,</strong></span> 
     </span>
     <span class='ocr_line' id='line_1_24' title="bbox 404 3129 1640 3217; baseline 0.001 -24"><span class='ocrx_word' id='word_1_204' title='bbox 404 3150 500 3212; x_wconf 86' lang='lat' dir='ltr'><strong>quam</strong></span> <span class='ocrx_word' id='word_1_205' title='bbox 523 3129 669 3214; x_wconf 89' lang='lat' dir='ltr'><strong>plerique</strong></span> <span class='ocrx_word' id='word_1_206' title='bbox 688 3135 876 3214; x_wconf 86' lang='lat' dir='ltr'><strong>sequuntur,</strong></span> <span class='ocrx_word' id='word_1_207' title='bbox 899 3133 1003 3217; x_wconf 82' lang='lat' dir='ltr'><strong>magis</strong></span> <span class='ocrx_word' id='word_1_208' title='bbox 1023 3130 1262 3215; x_wconf 86' lang='lat' dir='ltr'><strong>comprobetur,</strong></span> <span class='ocrx_word' id='word_1_209' title='bbox 1285 3152 1381 3215; x_wconf 88' lang='lat' dir='ltr'><strong>quam</strong></span> <span class='ocrx_word' id='word_1_210' title='bbox 1401 3152 1482 3214; x_wconf 91' lang='lat' dir='ltr'><strong>quae</strong></span> <span class='ocrx_word' id='word_1_211' title='bbox 1501 3155 1521 3194; x_wconf 88' lang='lat' dir='ltr'><strong>a</strong></span> <span class='ocrx_word' id='word_1_212' title='bbox 1538 3129 1640 3194; x_wconf 90' lang='lat' dir='ltr'><strong>Wila-</strong></span> 
     </span>
     <span class='ocr_line' id='line_1_25' title="bbox 403 3235 1640 3322; baseline 0 -22"><span class='ocrx_word' id='word_1_213' title='bbox 403 3237 565 3300; x_wconf 86' lang='lat' dir='ltr'><strong>mowitzio</strong></span> <span class='ocrx_word' id='word_1_214' title='bbox 596 3237 763 3322; x_wconf 88' lang='lat' dir='ltr'><strong>ingeniose</strong></span> <span class='ocrx_word' id='word_1_215' title='bbox 790 3236 878 3301; x_wconf 87' lang='lat' dir='ltr'><strong>haud</strong></span> <span class='ocrx_word' id='word_1_216' title='bbox 908 3237 1004 3302; x_wconf 90' lang='lat' dir='ltr'><strong>dubie</strong></span> <span class='ocrx_word' id='word_1_217' title='bbox 1035 3237 1165 3301; x_wconf 84' lang='lat' dir='ltr'><strong>inventa</strong></span> <span class='ocrx_word' id='word_1_218' title='bbox 1192 3241 1226 3300; x_wconf 85' lang='lat' dir='ltr'><strong>et</strong></span> <span class='ocrx_word' id='word_1_219' title='bbox 1253 3238 1402 3322; x_wconf 88' lang='lat' dir='ltr'><strong>exposita</strong></span> <span class='ocrx_word' id='word_1_220' title='bbox 1424 3242 1509 3301; x_wconf 90' lang='lat' dir='ltr'><strong>sunt.</strong></span> <span class='ocrx_word' id='word_1_221' title='bbox 1556 3235 1640 3301; x_wconf 77' lang='lat' dir='ltr'><strong>(lum</strong></span> 
     </span>
     <span class='ocr_line' id='line_1_26' title="bbox 402 3343 1049 3409; baseline 0 -2"><span class='ocrx_word' id='word_1_222' title='bbox 402 3343 489 3407; x_wconf 90' lang='lat' dir='ltr'><strong>enim</strong></span> <span class='ocrx_word' id='word_1_223' title='bbox 513 3348 625 3407; x_wconf 90' lang='lat' dir='ltr'><strong>cantus</strong></span> <span class='ocrx_word' id='word_1_224' title='bbox 649 3346 683 3408; x_wconf 92' lang='lat' dir='ltr'><strong>in</strong></span> <span class='ocrx_word' id='word_1_225' title='bbox 705 3343 766 3409; x_wconf 87' lang='lat' dir='ltr'><strong>hos</strong></span> <span class='ocrx_word' id='word_1_226' title='bbox 789 3366 900 3409; x_wconf 84' lang='lat' dir='ltr'><strong>versus</strong></span> <span class='ocrx_word' id='word_1_227' title='bbox 924 3344 1049 3408; x_wconf 89' lang='lat' dir='ltr'><strong>desinat</strong></span> 
     </span>
     <span class='ocr_line' id='line_1_27' title="bbox 453 3449 753 3533; baseline 0.007 -20"><span class='ocrx_word' id='word_1_228' title='bbox 453 3449 517 3514; x_wconf 87' lang='lat'><strong>905</strong></span> <span class='ocrx_word' id='word_1_229' title='bbox 566 3452 642 3514; x_wconf 80' lang='grc' dir='ltr'><strong><em>ἰδοὺ</em></strong></span> <span class='ocrx_word' id='word_1_230' title='bbox 667 3452 753 3533; x_wconf 87' lang='grc' dir='ltr'><strong><em>ι’δού,</em></strong></span> 
     </span>
    </p>

    <p class='ocr_par' dir='ltr' id='par_1_5' title="bbox 563 3556 1260 3642">
     <span class='ocr_line' id='line_1_28' title="bbox 563 3556 1260 3642; baseline 0 -21"><span class='ocrx_word' id='word_1_231' title='bbox 563 3558 693 3622; x_wconf 83' lang='grc' dir='ltr'><strong><em>θύελλα</em></strong></span> <span class='ocrx_word' id='word_1_232' title='bbox 717 3562 797 3622; x_wconf 81' lang='grc' dir='ltr'><strong><em>σείει</em></strong></span> <span class='ocrx_word' id='word_1_233' title='bbox 821 3559 926 3642; x_wconf 85' lang='grc' dir='ltr'><strong><em>δῶμα,</em></strong></span> <span class='ocrx_word' id='word_1_234' title='bbox 950 3561 1131 3639; x_wconf 79' lang='grc' dir='ltr'><strong><em>συμπίπτει</em></strong></span> <span class='ocrx_word' id='word_1_235' title='bbox 1154 3556 1260 3642; x_wconf 82' lang='grc' dir='ltr'><strong><em>στέγη.</em></strong></span> 
     </span>
    </p>

    <p class='ocr_par' dir='ltr' id='par_1_6' title="bbox 564 3659 1253 3751">
     <span class='ocr_line' id='line_1_29' title="bbox 564 3659 1253 3751; baseline 0 -23"><span class='ocrx_word' id='word_1_236' title='bbox 564 3659 584 3745; x_wconf 77' lang='grc' dir='ltr'><strong><em>ἦ</em></strong></span> <span class='ocrx_word' id='word_1_237' title='bbox 608 3659 638 3746; x_wconf 82' lang='grc' dir='ltr'><strong>ἦ,</strong></span> <span class='ocrx_word' id='word_1_238' title='bbox 662 3665 696 3729; x_wconf 86' lang='grc' dir='ltr'><strong>τί</strong></span> <span class='ocrx_word' id='word_1_239' title='bbox 718 3664 808 3749; x_wconf 80' lang='grc' dir='ltr'><strong><em>δρᾶς,</em></strong></span> <span class='ocrx_word' id='word_1_240' title='bbox 832 3660 857 3730; x_wconf 83' lang='grc' dir='ltr'><strong>ὦ</strong></span> <span class='ocrx_word' id='word_1_241' title='bbox 881 3666 966 3740; x_wconf 88' lang='grc' dir='ltr'><strong><em>Διὸς</em></strong></span> <span class='ocrx_word' id='word_1_242' title='bbox 989 3676 1057 3743; x_wconf 85' lang='grc' dir='ltr'><strong><em>παῖ,</em></strong></span> <span class='ocrx_word' id='word_1_243' title='bbox 1081 3665 1253 3751; x_wconf 78' lang='grc' dir='ltr'><strong><em>μελάθρῳ;</em></strong></span> 
     </span>
    </p>

    <p class='ocr_par' dir='ltr' id='par_1_7' title="bbox 563 3771 1002 3854">
     <span class='ocr_line' id='line_1_30' title="bbox 563 3771 1002 3854; baseline 0.005 -20"><span class='ocrx_word' id='word_1_244' title='bbox 563 3771 714 3853; x_wconf 80' lang='grc' dir='ltr'><strong><em>τάραγμα</em></strong></span> <span class='ocrx_word' id='word_1_245' title='bbox 736 3771 933 3854; x_wconf 80' lang='grc' dir='ltr'><strong><em>ταρτάρειον</em></strong></span> <span class='ocrx_word' id='word_1_246' title='bbox 956 3773 1002 3849; x_wconf 83' lang='grc' dir='ltr'><strong>ὡς</strong></span> 
     </span>
    </p>

    <p class='ocr_par' dir='ltr' id='par_1_8' title="bbox 363 3872 1463 3963">
     <span class='ocr_line' id='line_1_31' title="bbox 363 3872 1463 3963; baseline 0 -21"><span class='ocrx_word' id='word_1_247' title='bbox 363 3913 390 3952; x_wconf 69' lang='lat'><strong>,0</strong></span> <span class='ocrx_word' id='word_1_248' title='bbox 565 3875 615 3942; x_wconf 82' lang='grc' dir='ltr'><strong>ἐπ’</strong></span> <span class='ocrx_word' id='word_1_249' title='bbox 640 3875 825 3963; x_wconf 61' lang='grc' dir='ltr'><strong><em>Ἐγκελάδῳ</em></strong></span> <span class='ocrx_word' id='word_1_250' title='bbox 850 3872 929 3941; x_wconf 71' lang='grc' dir='ltr'><strong><em>ποτε</em></strong></span> <span class='ocrx_word' id='word_1_251' title='bbox 953 3881 1090 3955; x_wconf 84' lang='grc' dir='ltr'><strong><em>Παλλὰς</em></strong></span> <span class='ocrx_word' id='word_1_252' title='bbox 1113 3878 1147 3954; x_wconf 81' lang='grc' dir='ltr'><strong>ἐς</strong></span> <span class='ocrx_word' id='word_1_253' title='bbox 1170 3879 1294 3963; x_wconf 86' lang='grc' dir='ltr'><strong><em>δόμους</em></strong></span> <span class='ocrx_word' id='word_1_254' title='bbox 1316 3877 1463 3963; x_wconf 79' lang='grc' dir='ltr'><strong><em>πέμπεις,</em></strong></span> 
     </span>
    </p>

    <p class='ocr_par' dir='ltr' id='par_1_9' title="bbox 401 3981 1693 4605">
     <span class='ocr_line' id='line_1_32' title="bbox 403 3981 1639 4069; baseline 0.004 -23"><span class='ocrx_word' id='word_1_255' title='bbox 403 3983 484 4048; x_wconf 90' lang='lat' dir='ltr'><strong>duos</strong></span> <span class='ocrx_word' id='word_1_256' title='bbox 498 3983 621 4068; x_wconf 90' lang='lat' dir='ltr'><strong>primos</strong></span> <span class='ocrx_word' id='word_1_257' title='bbox 635 3981 905 4048; x_wconf 86' lang='lat' dir='ltr'><strong>Wilamowitzius</strong></span> <span class='ocrx_word' id='word_1_258' title='bbox 920 3983 1152 4069; x_wconf 83' lang='lat' dir='ltr'><strong>Amphitryoni</strong></span> <span class='ocrx_word' id='word_1_259' title='bbox 1167 3985 1328 4069; x_wconf 82' lang='lat' dir='ltr'><strong>adscribit,</strong></span> <span class='ocrx_word' id='word_1_260' title='bbox 1348 3987 1492 4069; x_wconf 91' lang='lat' dir='ltr'><strong>quicum</strong></span> <span class='ocrx_word' id='word_1_261' title='bbox 1507 3985 1639 4051; x_wconf 91' lang='lat' dir='ltr'><strong>domum</strong></span> 
     </span>
     <span class='ocr_line' id='line_1_33' title="bbox 403 4091 1638 4175; baseline 0.002 -21"><span class='ocrx_word' id='word_1_262' title='bbox 403 4091 526 4154; x_wconf 89' lang='lat' dir='ltr'><strong>moveri</strong></span> <span class='ocrx_word' id='word_1_263' title='bbox 549 4111 586 4155; x_wconf 88' lang='lat' dir='ltr'><strong>ae</strong></span> <span class='ocrx_word' id='word_1_264' title='bbox 608 4094 695 4155; x_wconf 85' lang='lat' dir='ltr'><strong>tecta</strong></span> <span class='ocrx_word' id='word_1_265' title='bbox 718 4092 844 4154; x_wconf 90' lang='lat' dir='ltr'><strong>ruinam</strong></span> <span class='ocrx_word' id='word_1_266' title='bbox 863 4091 979 4156; x_wconf 87' lang='lat' dir='ltr'><strong>minari</strong></span> <span class='ocrx_word' id='word_1_267' title='bbox 997 4092 1143 4175; x_wconf 88' lang='lat' dir='ltr'><strong>aspiciat,</strong></span> <span class='ocrx_word' id='word_1_268' title='bbox 1164 4093 1413 4175; x_wconf 83' lang='lat' dir='ltr'><strong>perterrefactus</strong></span> <span class='ocrx_word' id='word_1_269' title='bbox 1431 4094 1468 4158; x_wconf 92' lang='lat' dir='ltr'><strong>in</strong></span> <span class='ocrx_word' id='word_1_270' title='bbox 1484 4093 1638 4158; x_wconf 86' lang='lat' dir='ltr'><strong>interiore</strong></span> 
     </span>
     <span class='ocr_line' id='line_1_34' title="bbox 401 4196 1693 4283; baseline 0.005 -24"><span class='ocrx_word' id='word_1_271' title='bbox 401 4200 494 4281; x_wconf 89' lang='lat' dir='ltr'><strong>parte</strong></span> <span class='ocrx_word' id='word_1_272' title='bbox 517 4196 631 4261; x_wconf 90' lang='lat' dir='ltr'><strong>domus</strong></span> <span class='ocrx_word' id='word_1_273' title='bbox 654 4197 711 4261; x_wconf 92' lang='lat' dir='ltr'><strong>illa</strong></span> <span class='ocrx_word' id='word_1_274' title='bbox 730 4199 872 4262; x_wconf 88' lang='lat' dir='ltr'><strong>canendo</strong></span> <span class='ocrx_word' id='word_1_275' title='bbox 892 4202 1061 4282; x_wconf 83' lang='lat' dir='ltr'><strong>expromat</strong></span> <span class='ocrx_word' id='word_1_276' title='bbox 1081 4200 1157 4263; x_wconf 81' lang='grc' dir='ltr'><strong><em>ἰδοὺ</em></strong></span> <span class='ocrx_word' id='word_1_277' title='bbox 1177 4201 1263 4282; x_wconf 86' lang='grc' dir='ltr'><strong><em>ι’δού,</em></strong></span> <span class='ocrx_word' id='word_1_278' title='bbox 1287 4201 1415 4264; x_wconf 83' lang='grc' dir='ltr'><strong><em>θύελλα</em></strong></span> <span class='ocrx_word' id='word_1_279' title='bbox 1434 4201 1515 4265; x_wconf 79' lang='grc' dir='ltr'><strong><em>σείει</em></strong></span> <span class='ocrx_word' id='word_1_280' title='bbox 1534 4201 1640 4283; x_wconf 82' lang='grc' dir='ltr'><strong><em>δῶμα,</em></strong></span> <span class='ocrx_word' id='word_1_281' title='bbox 1653 4219 1693 4276; x_wconf 69' lang='lat'><strong>28</strong></span> 
     </span>
     <span class='ocr_line' id='line_1_35' title="bbox 404 4303 1639 4390; baseline 0.004 -24"><span class='ocrx_word' id='word_1_282' title='bbox 404 4306 582 4384; x_wconf 91' lang='grc' dir='ltr'><strong><em>συμπίπτει</em></strong></span> <span class='ocrx_word' id='word_1_283' title='bbox 607 4303 716 4388; x_wconf 81' lang='grc' dir='ltr'><strong><em>στέγη,</em></strong></span> <span class='ocrx_word' id='word_1_284' title='bbox 741 4326 836 4387; x_wconf 86' lang='lat' dir='ltr'><strong>quem</strong></span> <span class='ocrx_word' id='word_1_285' title='bbox 860 4305 978 4369; x_wconf 87' lang='lat' dir='ltr'><strong>chorus</strong></span> <span class='ocrx_word' id='word_1_286' title='bbox 1002 4305 1164 4388; x_wconf 88' lang='lat' dir='ltr'><strong>excipiens</strong></span> <span class='ocrx_word' id='word_1_287' title='bbox 1187 4307 1344 4390; x_wconf 88' lang='lat' dir='ltr'><strong>proximis</strong></span> <span class='ocrx_word' id='word_1_288' title='bbox 1369 4306 1473 4371; x_wconf 91' lang='lat' dir='ltr'><strong>tribus</strong></span> <span class='ocrx_word' id='word_1_289' title='bbox 1492 4307 1639 4372; x_wconf 87' lang='lat' dir='ltr'><strong>versibus</strong></span> 
     </span>
     <span class='ocr_line' id='line_1_36' title="bbox 403 4409 1637 4497; baseline 0.005 -25"><span class='ocrx_word' id='word_1_290' title='bbox 403 4409 540 4474; x_wconf 89' lang='lat' dir='ltr'><strong>eundem</strong></span> <span class='ocrx_word' id='word_1_291' title='bbox 564 4431 692 4476; x_wconf 85' lang='lat' dir='ltr'><strong>sensum</strong></span> <span class='ocrx_word' id='word_1_292' title='bbox 715 4415 917 4496; x_wconf 84' lang='lat' dir='ltr'><strong>exsequatur,</strong></span> <span class='ocrx_word' id='word_1_293' title='bbox 940 4412 987 4476; x_wconf 90' lang='lat' dir='ltr'><strong>ita</strong></span> <span class='ocrx_word' id='word_1_294' title='bbox 1010 4415 1048 4474; x_wconf 91' lang='lat' dir='ltr'><strong>ut</strong></span> <span class='ocrx_word' id='word_1_295' title='bbox 1064 4410 1229 4476; x_wconf 86' lang='lat' dir='ltr'><strong>Palladem</strong></span> <span class='ocrx_word' id='word_1_296' title='bbox 1254 4413 1395 4497; x_wconf 87' lang='lat' dir='ltr'><strong>appellet</strong></span> <span class='ocrx_word' id='word_1_297' title='bbox 1418 4417 1450 4477; x_wconf 86' lang='lat' dir='ltr'><strong>et</strong></span> <span class='ocrx_word' id='word_1_298' title='bbox 1468 4436 1488 4476; x_wconf 90' lang='lat' dir='ltr'><strong>a</strong></span> <span class='ocrx_word' id='word_1_299' title='bbox 1505 4412 1637 4478; x_wconf 87' lang='lat' dir='ltr'><strong>Pallade</strong></span> 
     </span>
     <span class='ocr_line' id='line_1_37' title="bbox 403 4515 1638 4605; baseline 0.004 -25"><span class='ocrx_word' id='word_1_300' title='bbox 403 4517 503 4580; x_wconf 89' lang='lat' dir='ltr'><strong>istum</strong></span> <span class='ocrx_word' id='word_1_301' title='bbox 529 4515 766 4582; x_wconf 82' lang='lat' dir='ltr'><strong>formidabilem</strong></span> <span class='ocrx_word' id='word_1_302' title='bbox 794 4522 919 4582; x_wconf 90' lang='lat' dir='ltr'><strong>motum</strong></span> <span class='ocrx_word' id='word_1_303' title='bbox 947 4522 1107 4582; x_wconf 89' lang='lat' dir='ltr'><strong>tectorum</strong></span> <span class='ocrx_word' id='word_1_304' title='bbox 1134 4518 1205 4582; x_wconf 92' lang='lat' dir='ltr'><strong>fieri</strong></span> <span class='ocrx_word' id='word_1_305' title='bbox 1234 4519 1403 4605; x_wconf 85' lang='lat' dir='ltr'><strong>significet.</strong></span> <span class='ocrx_word' id='word_1_306' title='bbox 1449 4519 1525 4585; x_wconf 89' lang='lat' dir='ltr'><strong>Non</strong></span> <span class='ocrx_word' id='word_1_307' title='bbox 1550 4521 1638 4605; x_wconf 80' lang='lat' dir='ltr'><strong>fugit</strong></span> 
     </span>
    </p>
   </div>
   <div class='ocr_carea' id='block_1_5' title="bbox 403 4778 1637 4943">
    <p class='ocr_par' dir='ltr' id='par_1_10' title="bbox 403 4778 1637 4943">
     <span class='ocr_line' id='line_1_38' title="bbox 409 4778 1637 4854; baseline 0.006 -22"><span class='ocrx_word' id='word_1_308' title='bbox 409 4819 412 4826; x_wconf 89' lang='lat'>.</span> <span class='ocrx_word' id='word_1_309' title='bbox 492 4780 540 4850; x_wconf 79' lang='grc'><strong>*8)</strong></span> <span class='ocrx_word' id='word_1_310' title='bbox 561 4778 669 4852; x_wconf 78' lang='lat' dir='ltr'><strong>[Editio</strong></span> <span class='ocrx_word' id='word_1_311' title='bbox 689 4780 779 4835; x_wconf 88' lang='lat' dir='ltr'><strong>altera</strong></span> <span class='ocrx_word' id='word_1_312' title='bbox 801 4799 858 4836; x_wconf 91' lang='lat' dir='ltr'><strong>non</strong></span> <span class='ocrx_word' id='word_1_313' title='bbox 882 4783 999 4838; x_wconf 89' lang='lat' dir='ltr'><strong>seclusit</strong></span> <span class='ocrx_word' id='word_1_314' title='bbox 1020 4799 1143 4849; x_wconf 79' lang='lat' dir='ltr'><strong>versum,</strong></span> <span class='ocrx_word' id='word_1_315' title='bbox 1168 4784 1266 4838; x_wconf 86' lang='lat' dir='ltr'><strong>aoristi</strong></span> <span class='ocrx_word' id='word_1_316' title='bbox 1289 4783 1381 4838; x_wconf 88' lang='lat' dir='ltr'><strong>forma</strong></span> <span class='ocrx_word' id='word_1_317' title='bbox 1401 4784 1506 4839; x_wconf 79' lang='grc' dir='ltr'><strong><em>ἔτικτεν</em></strong></span> <span class='ocrx_word' id='word_1_318' title='bbox 1526 4785 1637 4854; x_wconf 62' lang='lat' dir='ltr'><strong>ianuar</strong></span> 
     </span>
     <span class='ocr_line' id='line_1_39' title="bbox 403 4869 902 4943; baseline 0.008 -21"><span class='ocrx_word' id='word_1_319' title='bbox 403 4885 467 4922; x_wconf 91' lang='lat' dir='ltr'><strong>cum</strong></span> <span class='ocrx_word' id='word_1_320' title='bbox 486 4869 581 4925; x_wconf 83' lang='grc' dir='ltr'><strong><em>κανών</em></strong></span> <span class='ocrx_word' id='word_1_321' title='bbox 601 4870 705 4924; x_wconf 84' lang='lat' dir='ltr'><strong>aoristo</strong></span> <span class='ocrx_word' id='word_1_322' title='bbox 724 4873 902 4943; x_wconf 75' lang='lat' dir='ltr'><strong>exaequata]</strong></span> 
     </span>
    </p>
   </div>
   <div class='ocr_carea' id='block_1_6' title="bbox 0 0 1988 5725">
    <p class='ocr_par' dir='ltr' id='par_1_11' title="bbox 0 0 1988 5725">
     <span class='ocr_line' id='line_1_40' title="bbox 0 0 1988 5725; baseline 0 0"><span class='ocrx_word' id='word_1_323' title='bbox 0 0 1988 5725; x_wconf 95' lang='lat' dir='ltr'><strong> </strong></span> 
     </span>
    </p>
   </div>
  </div>
 </body>
</html>
