3967 5725
420 621 486 687 316
641 624 740 677 XLIX.
759 626 875 675 INDEX
893 624 1107 675 LECTIONUM
1125 623 1357 676 AESTIVARUM
1377 626 1454 676 1899.

419 787 453 851 in
477 787 594 871 quibus
616 786 699 852 nihil
722 809 742 850 a
763 786 826 851 fide
848 787 1007 851 librorum
1031 785 1175 869 discedit,
1198 786 1263 850 nisi
1287 785 1374 869 quod
1397 784 1505 850 littera
1529 788 1653 849 mutata

418 896 474 977 qui
490 895 668 978 repositum
687 899 737 958 est
754 916 813 978 pro
832 914 910 980 qum,
927 893 1065 978 proclivi
1085 914 1191 957 errore
1211 894 1312 958 altera
1329 893 1434 958 forma
1452 891 1653 976 pronominis

419 1006 548 1066 exarata
570 1023 629 1085 pro
653 1000 762 1065 altera.

507 1107 620 1193 Itaque
645 1107 755 1172 Cicero
780 1109 856 1192 qnia
879 1130 912 1172 se
935 1112 1046 1172 narrat
1067 1107 1252 1192 praecipere
1275 1106 1343 1171 fflio
1368 1128 1449 1191 quae
1471 1105 1590 1170 Atreus
1613 1105 1653 1169 de

418 1215 584 1302 tragoedia
607 1216 674 1280 suis
697 1215 773 1279 filiis
796 1215 983 1298 praecipiat,
1008 1235 1135 1280 causam
1159 1214 1248 1278 addit
1266 1236 1330 1298 qua
1349 1236 1444 1280 causa
1464 1237 1497 1279 se
1516 1213 1549 1277 id
1567 1215 1653 1276 recte

418 1325 523 1389 facere
546 1323 699 1405 affirmet,
722 1343 796 1387 oum
819 1323 865 1386 ita
889 1321 987 1405 dicat,
1011 1321 1067 1384 illa
1090 1322 1146 1405 qui
1169 1322 1334 1406 scripserit
1356 1322 1559 1408 ingeniosum
1578 1341 1652 1403 poe-

417 1437 485 1496 tam
509 1430 675 1515 scripsisse
697 1449 764 1493 non
785 1433 823 1493 ut
840 1428 935 1492 Atrei
957 1428 1043 1493 filios
1068 1429 1124 1513 qui
1147 1429 1212 1493 iam
1234 1451 1393 1514 nusquam
1418 1434 1524 1494 essent
1543 1429 1598 1494 sed
1615 1434 1655 1493 ut

418 1539 474 1622 qui
498 1539 643 1601 viverent
663 1535 881 1600 adolescentes
900 1534 940 1599 ad
958 1535 1101 1600 laborem
1121 1539 1153 1600 et
1171 1536 1299 1601 laudem
1319 1537 1485 1621 excitaret3
1508 1537 1651 1601 sedeam

419 1666 546 1709 causam
579 1665 645 1708 non
678 1643 764 1726 quod
791 1647 920 1726 poterat
945 1665 1005 1727 per
1034 1643 1235 1707 enuntiatum
1264 1645 1389 1709 causale
1413 1645 1514 1727 affert,
1541 1666 1653 1708 verum

378 1775 405 1814 ιι
418 1751 672 1836 interrogatione
690 1771 777 1833 usus,
801 1771 882 1833 quae
900 1747 997 1814 etiam
1016 1749 1184 1814 fortiorem
1202 1751 1268 1815 vim
1288 1750 1487 1815 asseverandi
1506 1749 1651 1816 haberet:

420 1859 537 1922 ‘nonne
560 1856 617 1921 illa
639 1857 696 1941 qui
718 1857 848 1940 scripsit
872 1855 1058 1942 ingeniosus
1081 1860 1178 1940 poeta
1202 1857 1331 1940 scripsit
1353 1879 1419 1921 non
1443 1862 1480 1922 ut
1502 1857 1575 1922 illos
1596 1859 1652 1942 qui

417 1985 576 2048 nusquam
604 1967 712 2028 essent
739 1964 796 2028 sed
823 1967 860 2027 ut
881 1962 942 2028 hos
966 1964 1023 2046 qui
1047 1967 1153 2028 essent
1176 1964 1216 2028 ad
1238 1965 1367 2029 laudam
1391 1965 1577 2030 excitarett’
1613 1964 1652 2030 In

418 2094 482 2154 qua
503 2093 538 2135 re
563 2069 649 2155 quod
671 2091 737 2134 non
760 2069 795 2133 in
818 2091 883 2134 uno
906 2069 964 2134 illo
987 2092 1083 2135 versu
1104 2092 1138 2134 se
1158 2073 1310 2154 continet,
1334 2093 1397 2156 quo
1417 2073 1556 2155 primum
1575 2094 1651 2137 usus

417 2182 520 2243 totam
548 2177 646 2261 ῥῆσιν
668 2175 761 2241 Atrei
789 2177 1000 2261 significavit,
1027 2176 1084 2240 sed
1111 2179 1145 2242 in
1172 2178 1272 2242 altera
1295 2179 1453 2244 sententia
1476 2201 1585 2243 rursus
1608 2178 1651 2242 al·

416 2290 520 2350 tarum
543 2305 673 2348 versum
695 2305 735 2348 ox
757 2284 869 2347 eadem
893 2284 1039 2348 oratione
1063 2285 1291 2370 depromptum
1313 2286 1418 2369 ponit,
1447 2306 1519 2351 cum
1543 2290 1652 2370 posset

416 2392 606 2476 pronomine
634 2390 767 2475 defungi
794 2393 831 2453 ut
857 2391 904 2454 ita
926 2391 1058 2474 diceret,
1088 2392 1165 2474 ‘filio
1192 2393 1271 2458 soleo
1292 2395 1473 2474 praecipere
1497 2414 1576 2475 quoe
1597 2393 1692 2464 illes

416 2500 484 2564 aurs
514 2498 593 2580 filies
626 2497 847 2579 “vigilandam
878 2502 923 2562 est
952 2517 1087 2579 semper:
1113 2500 1237 2574 *multoe
1263 2501 1405 2564 incidiae
1431 2505 1505 2564 sumt
1530 2499 1648 2565 bouis.''

417 2607 515 2670 mostis
541 2609 647 2669 cetera
683 2623 787 2668 nonme
813 2602 886 2668 illo
912 2605 968 2684 omi
993 2607 1120 2686 sempsit
1145 2607 1325 2689 ingeniosus
1346 2613 1439 2688 poeto
1465 2609 1589 2690 empsit
1616 2613 1651 2672 ut

417 2717 538 2776 nostros
559 2710 670 2775 titeros
691 2711 737 2774 od
759 2710 884 2774 amem
907 2712 1073 2792 excitaret,
1096 2713 1130 2777 id
1153 2717 1190 2777 ut
1213 2718 1298 2778 recte
1321 2713 1480 2778 iudicetur
1497 2735 1576 2778 neve
1596 2713 1652 2778 du·

378 2843 404 2882 so
419 2816 545 2882 bitandi
563 2815 729 2881 materiam
748 2818 863 2902 pariat,
881 2818 1104 2903 perspicienda
1121 2824 1196 2885 sunt
1211 2844 1293 2906 quae
1307 2843 1346 2886 ex
1361 2821 1472 2886 eadem
1485 2821 1652 2908 tragoedia

417 2928 568 3009 excerpta
596 2923 694 2989 habet
721 2925 824 2989 oratio
849 2923 1010 2991 Sestiana:
1038 2928 1072 2991 in
1100 2950 1164 3012 qua
1188 2927 1299 2994 Cicero
1328 2933 1536 3013 posteaquam
1564 2930 1650 2993 viros

418 3032 574 3116 quosdam
597 3030 743 3115 egregios
767 3036 800 3095 et
818 3031 857 3096 de
875 3034 981 3117 patria
999 3036 1171 3122 insigniter
1189 3035 1320 3101 meritos
1340 3035 1537 3117 memoravit,
1557 3057 1581 3101 c.
1596 3034 1651 3117 48,

419 3138 483 3203 102
501 3138 589 3203 hunc
606 3138 710 3202 locum
731 3138 859 3203 induxit
876 3140 1079 3226 gravissime:
1100 3143 1174 3207 hoec
1192 3144 1367 3209 imitamini
1384 3145 1439 3225 qui
1457 3144 1653 3225 dignitatem,

415 3249 471 3328 oui
497 3246 636 3325 tamdem,
663 3247 719 3329 qai
741 3246 877 3328 glorium
899 3250 1067 3329 quaeritis:
1094 3250 1169 3315 hoec
1191 3250 1300 3332 amplo
1322 3256 1407 3325 sumt,
1434 3250 1508 3315 mea
1530 3250 1653 3327 diuino,

415 3355 490 3419 mee
507 3352 718 3429 mmmmm
736 3353 810 3418 tom
825 3354 918 3435 famo
936 3355 1135 3436 celebrantur,
1155 3360 1363 3423 monumentis
1379 3358 1546 3423 ommatium
1560 3377 1652 3421 mom-

416 3463 542 3539 domtm,
550 3462 728 3543 posteritati
735 3467 965 3543 propagantur.
997 3463 1059 3528 Est
1071 3463 1166 3544 lotor,
1185 3485 1248 3529 mom
1261 3485 1353 3547 noym
1366 3464 1511 3546 pericula
1524 3484 1651 3547 maome,

414 3570 533 3650 feteam·
558 3568 724 3632 “multoe
745 3569 916 3634 insidiae
933 3576 1019 3635 suat
1038 3570 1181 3650 bomis'',
1203 3572 1362 3637 uerissime
1379 3573 1496 3637 dietum
1514 3577 1573 3648 est·
1595 3570 1653 3637 sed

415 3683 444 3741 te
467 3675 537 3740 “id
558 3677 652 3757 quod
675 3677 785 3741 inulti
807 3677 1007 3742 invideant
1028 3678 1176 3760 multique
1193 3684 1336 3765 expetunt
1355 3681 1482 3745 inscitia
1501 3678 1578 3764 est”‚
1599 3680 1652 3743 im·

415 3785 493 3865 quit,
524 3783 707 3865 “postulore
736 3785 804 3849 misi
834 3784 971 3849 lotorem
1003 3805 1127 3849 summo
1159 3806 1228 3850 cum
1256 3806 1332 3851 osma
1360 3786 1504 3869 efferos.”
1537 3786 1649 3851 mollem

375 3892 500 3956 aridem
522 3891 587 3955 otio
609 3891 671 3955 tooo
694 3891 830 3969 disiisset,
853 3892 936 3972 quod
957 3894 1129 3973 simpermt
1146 3894 1281 3975 improbi
1299 3896 1385 3973 eires,
1410 3894 1556 3959 “oderimt
1573 3896 1649 3959 dum

415 3997 584 4063 metuom.'’
617 3998 787 4078 praestaro
819 4000 903 4063 enim
932 3998 990 4063 aa
1015 4005 1178 4081 praecepto
1206 4000 1333 4065 dederat
1359 4002 1518 4065 iaomtcti.
1560 3999 1650 4077 Quae

415 4106 471 4188 qui
499 4104 686 4190 diligentius
714 4104 963 4171 consideraverit
991 4109 1024 4169 et
1051 4127 1124 4171 eum
1151 4108 1191 4171 iis
1220 4129 1301 4191 quac
1324 4109 1476 4193 leguntur
1498 4108 1532 4171 in
1555 4107 1649 4171 Plau·

415 4213 506 4276 ciana
528 4211 738 4296 ooutendorit,
761 4214 902 4297 primum
925 4214 1087 4299 intelliget
1105 4235 1243 4297 versum,
1267 4214 1357 4278 ouius
1376 4235 1474 4296 supra
1491 4213 1649 4297 particula

414 4323 472 4403 est,
494 4318 673 4404 pleniorem
696 4320 782 4384 huno
803 4319 904 4384 luisse
927 4319 1125 4402 ιιὶφιῖαιιάιιιιι
1148 4326 1191 4385 est
1212 4340 1347 4403 semper:
1375 4320 1490 4385 multoe
1511 4321 1652 4385 insidiae

413 4432 487 4491 sumt
508 4426 604 4505 tomis,
627 4448 731 4510 neque
754 4431 840 4491 reete
864 4425 1022 4491 (lebetum
1046 4448 1085 4491 ex
1108 4426 1174 4491 illis
1197 4426 1301 4492 tribus
1324 4433 1369 4492 est
1391 4426 1487 4506 lotor,
1504 4426 1649 4508 pericula

414 4552 540 4613 inopes,
564 4532 679 4596 multoe
701 4532 931 4598 insidiosam
954 4554 1056 4596 unum
1078 4532 1183 4598 facere
1206 4555 1333 4599 versum
1357 4536 1510 4617 voluisse3
1535 4533 1650 4599 deinde

414 4642 490 4722 post
509 4660 582 4702 eum
600 4660 728 4703 versum
743 4638 927 4704 Ciceronem
946 4640 1049 4704 multa
1068 4640 1116 4703 uti
1135 4640 1217 4705 solet
1230 4642 1492 4725 praetermisisse,
1512 4662 1648 4725 quorum

414 4750 524 4809 tamen
546 4767 704 4811 memores
728 4768 796 4812 esse
820 4747 924 4811 voluit
947 4746 1127 4831 audientes3
1151 4746 1288 4832 denique
1309 4747 1389 4813 haec
1407 4749 1444 4813 id
1460 4750 1542 4830 qaod
1558 4747 1652 4813 multi

414 4852 578 4916 imoidmmt
603 4852 637 4916 in
666 4874 729 4935 qua
757 4854 915 4917 sententia
943 4851 1051 4917 locum
1075 4851 1227 4919 habuisse
1252 4853 1398 4920 Sestiana
1421 4854 1528 4939 docet,
1554 4855 1589 4919 in
1612 4875 1651 4919 ea
