3967 5725
556 635 606 683 DE
625 633 799 684 VERSIBUS
818 633 1029 685 NONNULLIS
1047 633 1196 686 PAOUVII
1213 634 1368 687 TRAGICI.
1510 634 1576 700 497

482 794 532 858 Tm
556 793 595 858 P.
616 791 713 858 Clodi
729 799 889 859 ementem
907 795 1041 860 cadaver
1062 791 1178 861 eiecisti
1195 796 1293 877 domo,
1316 802 1350 861 tm
1368 798 1404 862 im
1416 797 1578 880 metlimm

482 900 629 986 abiecisti,
648 907 681 966 ta
701 952 753 966 ...
772 902 1060 979 infelicissimis
1077 903 1196 986 liymis
1212 904 1498 969 semmstmlatem
1516 926 1579 970 mo-

481 1008 629 1073 rtereis
651 1008 807 1074 eamibms
830 1009 1099 1074 dilaniandam
1121 1008 1363 1096 reliquisti*),

347 1114 381 1179 id
403 1114 555 1179 nimirum
583 1114 680 1180 etiam
707 1115 831 1179 inonria
858 1116 1017 1180 committi
1044 1117 1165 1201 potuit,
1192 1121 1229 1181 ut
1257 1117 1296 1181 de
1319 1139 1399 1203 rogo
1422 1117 1579 1202 reliquiae

346 1243 413 1286 non
427 1220 655 1306 colligerentm
674 1221 730 1287 sed
748 1226 906 1287 semustae
919 1223 997 1288 feris
1012 1222 1207 1289 divexandae
1221 1225 1487 1311 relinquerentur,
1506 1246 1579 1292 oum

328 1329 546 1414 ¹praesertim,
570 1328 657 1412 quod
677 1329 864 1395 testimonia
886 1330 1074 1414 docuerunt,
1096 1330 1176 1396 haee
1194 1351 1291 1417 opera
1314 1331 1476 1397 assidendi
1497 1353 1578 1417 rogo

350 1440 383 1500 et
402 1435 609 1520 exspectandi
628 1436 704 1500 dum
722 1436 844 1501 eineres
863 1436 1101 1502 collaborantur
1119 1441 1151 1504 et
1169 1438 1299 1502 flamma
1318 1439 1495 1523 quiesceret
1513 1461 1579 1504 mo-

346 1545 431 1608 lesta
458 1545 624 1607 essetnec
651 1543 754 1608 cuivis
782 1547 838 1608 aut
866 1543 981 1628 quovis
1009 1548 1154 1630 tempore
1182 1566 1332 1610 oonoessa
1365 1566 1433 1610 esse
1458 1549 1578 1632 'posset

347 1649 442 1716 Nihil
458 1651 561 1736 igitur
573 1651 647 1714 miri
665 1650 701 1714 in
719 1671 756 1714 eo
777 1650 864 1734 quod
876 1650 1058 1734 Polydorus
1072 1656 1207 1716 matrem
1221 1652 1372 1718 admonet
1389 1674 1455 1718 non
1474 1653 1580 1719 solum

346 1761 385 1821 ut
408 1778 524 1842 eorpus
547 1779 628 1844 rogo
652 1757 782 1822 mandet
805 1757 977 1823 sedetiam
995 1762 1034 1823 ut
1056 1779 1129 1824 ossa
1151 1763 1282 1843 perusta
1299 1759 1387 1846 legat
1409 1780 1489 1825 nere
1507 1758 1578 1826 reli·
1593 1789 1618 1830 ro

350 1865 443 1948 quiae
461 1865 688 1928 semustulatas
706 1865 873 1930 destituat:
891 1887 966 1930 nam
980 1864 1170 1949 Polydorus,
1189 1868 1245 1950 qui
1259 1870 1394 1931 matrem
1409 1867 1580 1934 sternebat

349 1971 456 2036 verbis
478 1991 574 2053 meqae
595 1977 625 2036 te
646 1973 708 2036 mei
731 1973 860 2052 miseret,
883 1971 1025 2037 habebat
1048 1971 1136 2057 quod
1154 1978 1317 2038 vereretur
1339 1996 1379 2039 ne
1398 1977 1502 2038 mater
1525 1974 1581 2040 du·

348 2077 465 2162 plioem
484 2078 579 2143 istam
599 2099 708 2143 euram
726 2101 793 2144 non
806 2078 901 2163 plene
915 2084 1171 2163 persequeretur,
1190 2079 1390 2164 quiquidem
1407 2101 1444 2144 ea
1457 2081 1576 2145 solliei-

349 2184 460 2250 tudine
483 2186 578 2250 anxia
601 2185 785 2269 tenebatur,
808 2208 905 2270 quam
929 2184 1041 2250 Oioero
1065 2185 1202 2270 deridet,
1223 2189 1261 2249 ut
1284 2207 1351 2250 non
1374 2186 1480 2251 solum
1504 2187 1582 2271 quid

348 2313 383 2356 se
405 2291 498 2356 fieret
520 2293 548 2356 si
572 2313 688 2376 eorpus
708 2292 906 2378 insepultum
925 2294 1053 2376 iaoeret,
1077 2293 1132 2358 sed
1150 2293 1248 2357 etiam
1266 2314 1400 2377 corpore
1423 2314 1504 2379 rogo
1522 2295 1581 2358 im·

258 2470 262 2473 v
348 2399 457 2483 posito
481 2399 559 2482 quid
582 2398 621 2465 de
643 2400 789 2484 reliquiis
812 2400 957 2465 futurum
976 2403 1062 2464 esset
1081 2399 1143 2464 sibi
1161 2399 1424 2483 prospiciendum
1443 2389 1582 2465 duo'eret

347 2503 563 2582 Quamobrem
586 2505 786 2572 Ribbeokius
808 2506 892 2572 nihil
915 2507 1036 2572 dixisse
1059 2507 1290 2572 existimandus
1318 2510 1367 2572 est
1390 2506 1479 2591 quod
1499 2507 1583 2572 hano

349 2613 553 2696 sententiam,
576 2635 658 2697 quae
681 2617 793 2697 aperta
815 2617 864 2680 est
886 2618 919 2679 et
942 2614 1052 2679 eadem
1078 2614 1208 2698 quidem
1235 2613 1302 2679 sive
1320 2620 1472 2680 semustas
1495 2614 1581 2678 addi-

348 2723 403 2784 tur
420 2721 488 2784 sive
506 2721 678 2805 omittitur,
697 2721 738 2785 ob
758 2744 829 2786 eam
848 2743 978 2786 eausam
997 2720 1193 2806 vituperavit
1211 2721 1287 2804 quia
1304 2722 1480 2805 impietatis
1499 2725 1582 2786 esset

297 2826 335 2885 18
348 2827 453 2891 filium
472 2831 609 2893 matrem
627 2827 690 2894 hoe
708 2850 838 2913 quoque
857 2850 987 2895 monere
1006 2833 1043 2893 ut
1062 2849 1196 2913 corpore
1215 2832 1355 2894 cremato
1370 2851 1411 2894 ne
1430 2828 1581 2913 reliquias
1596 2855 1623 2899 ro

348 2934 515 2999 desereret.
547 2933 642 3000 Nihil
665 2937 751 3000 enim
770 2941 839 3001 erat
862 2938 948 3021 qnod
967 2940 1024 3001 aut
1042 2937 1118 3001 huio
1137 2936 1246 3002 eantui
1265 2940 1321 3000 aut
1339 2935 1495 3020 Polydori
1513 2958 1583 3020 per-

347 3062 446 3106 sonae
469 3042 573 3127 magis
597 3045 680 3107 esset
703 3044 989 3109 accommodatum.

437 3164 484 3211 η
507 3146 646 3213 Ilionam
659 3148 793 3214 Pacuvii
806 3150 951 3215 nondum
964 3149 1176 3233 relinquimus
1195 3148 1258 3213 nisi
1272 3150 1364 3233 prius
1379 3172 1418 3213 ex
1436 3147 1583 3231 reliqniis

347 3277 369 3319 a
385 3252 568 3321 Ribbeokio
588 3256 682 3320 editis
701 3278 801 3320 unum
821 3278 948 3321 versum
968 3277 987 3318 a
1006 3254 1147 3320 Pacuvio
1166 3254 1307 3319 alienum
1328 3254 1582 3339 argumentando

348 3360 547 3427 seclusimus.
579 3362 710 3428 Etenim
734 3363 818 3447 apud
840 3361 986 3428 Nonium
1009 3385 1040 3447 p.
1054 3360 1169 3446 3825
1197 3360 1277 3427 haee
1300 3361 1399 3446 vulgo
1422 3361 1583 3426 feruntur:

485 3468 613 3536 ‘reineri
635 3472 751 3536 dieitur
773 3471 909 3535 sermtmi
931 3490 1084 3553 quaerere.
1108 3468 1264 3552 Veryelins
1286 3468 1337 3533 m.
1352 3485 1390 3531 xi
1413 3466 1507 3553 [748]
1533 3468 1585 3532 “et

476 3582 587 3658 parles
608 3580 746 3643 limate
772 3576 930 3659 amenis&
975 3576 1059 3641 idem
1086 3572 1451 3659 lm.v11[507]“qn0d
1477 3577 1585 3657 meiqm

482 3690 637 3765 repertam
656 3686 799 3768 rimanti,
822 3684 915 3749 mmm
936 3685 990 3748 ira
1010 3680 1123 3764 fatit’.
1155 3680 1317 3747 Pamems
1334 3680 1491 3747 Atalanta
1505 3680 1582 3765 [xx]

484 3790 577 3855 “mm
595 3791 727 3857 menites
742 3792 957 3874 peaestiqaes
972 3790 1124 3855 mmmmm
1146 3787 1269 3855 sirms'’.
1301 3786 1462 3853 Paenoims
1478 3787 1585 3853 llime

484 3896 567 3961 “nat
587 3903 770 3981 stammam
791 3918 930 3963 amorem
951 3899 1102 3963 rirnmem
1125 3895 1233 3962 loeo’'.'
1597 3922 1624 3963 so

349 4000 428 4068 Non
450 4003 489 4067 de
511 4024 608 4069 versu
630 4005 797 4089 loquimur
819 4027 914 4089 quem
938 4027 1007 4071 esse
1031 4005 1070 4070 de
1092 4003 1225 4069 Pacuvii
1248 4001 1353 4069 Iliona
1370 4001 1436 4088 [V1]
1460 4001 1584 4086 volunt,

351 4111 408 4174 sed
429 4112 519 4194 prins
542 4110 583 4176 de
600 4116 706 4196 poeta.
737 4110 824 4178 Nam
842 4135 909 4178 non
926 4116 1035 4196 potest
1054 4132 1120 4177 non
1137 4111 1299 4198 legentem
1318 4110 1478 4175 offendere
1497 4108 1585 4193 qnod

351 4216 430 4280 haee
457 4238 491 4281 se
519 4218 685 4302 excipiunt
714 4218 874 4285 Paeaeims
903 4218 1059 4285 Atalamte
1086 4266 1120 4285 ..
1141 4268 1148 4282 .
1176 4216 1337 4283 Paamins
1372 4216 1486 4283 Ilione.
1540 4213 1584 4280 Et

441 4428 487 4498 *3)
506 4429 670 4501 [Suetonius
693 4428 729 4484 do
752 4430 810 4485 vita
827 4428 985 4485 Domitiani
1004 4434 1075 4485 att
1095 4428 1163 4483 extr.
1182 4428 1292 4499 sepeliri
1309 4429 1514 4485 memetieatme
1532 4428 1583 4481 im·

347 4520 461 4587 peremi
484 4519 531 4587 (ne
548 4518 673 4575 evenire
696 4518 772 4587 quod
795 4517 1013 4575 mathematicas
1039 4517 1099 4573 eius
1125 4516 1306 4589 praedixerat
1330 4533 1360 4571 se
1379 4516 1457 4571 brevi
1478 4516 1582 4571 lacera·

350 4609 412 4660 tum
434 4605 470 4660 iri
493 4623 511 4659 a
534 4606 675 4678 naribus):
703 4608 777 4678 qaod
798 4623 859 4662 esen
880 4608 968 4675 fieret,
991 4608 1080 4663 coemit
1101 4614 1134 4663 at
1150 4608 1294 4677 repemina
1313 4612 1467 4675 tempestate
1484 4606 1584 4661 deiecto

349 4697 448 4763 femere
469 4698 663 4752 semiustam
686 4696 803 4752 cadaver
825 4696 1006 4765 discerperent
1028 4712 1115 4751 omres.
1149 4694 1227 4751 Idem
1246 4695 1282 4750 de
1301 4692 1429 4765 Caligula
1448 4712 1471 4749 o.
1486 4701 1520 4749 59
1539 4711 1584 4748 ea·

352 4785 437 4840 dener
458 4786 518 4840 mas
541 4786 724 4841 tumultuario
742 4802 808 4857 reno
825 4783 1097 4841 semiambustum
1114 4784 1167 4841 lem
1184 4785 1301 4855 caespite
1319 4784 1446 4841 ommium
1464 4790 1509 4839 eet.
1543 4782 1583 4838 cf.

349 4873 445 4928 Tiber.
460 4891 483 4929 o.
499 4874 554 4947 ta]

404 4973 533 5015 Vahlant
544 4974 657 5024 nannents
669 4974 701 5016 11.
1336 4966 1369 5016 82
