3967 5725
392 632 460 698 252
608 635 691 686 XLV.
710 635 825 685 INDEX
843 633 1058 685 ceorlorum
1076 633 1310 686 AESTIVARUM
1329 636 1408 687 189⁷.

390 797 470 861 item
493 794 657 882 Vergilius
679 793 760 859 Aen.
777 812 843 860 v111
862 793 926 859 116

554 901 1355 985 TemputerAeneuepuppc‘eicfutmabuttu‚

551 1008 823 1090 Paciferueque
845 1030 943 1073 mauu
964 1029 1092 1074 ramum
1108 1009 1288 1090 praeeedit
1310 1009 1421 1088 oliuae,

552 1114 758 1198 ‘Troiupenue
780 1151 825 1163 —

390 1223 438 1289 sic
464 1226 615 1308 putamus
642 1226 730 1288 recte
757 1243 830 1288 cum
858 1222 953 1288 undis
981 1222 1152 1307 procedere
1179 1223 1277 1288 etiam
1305 1222 1389 1288 hanc
1412 1221 1532 1287 Catulli
1555 1243 1623 1286 ora·

388 1331 512 1396 tionem

554 1438 641 1520 Quae
662 1438 752 1503 turdo
767 1439 912 1519 primum
934 1436 1075 1502 dementi
1095 1437 1227 1520 flumem
1242 1437 1357 1519 pulsae

551 1544 740 1624 Praesume,
764 1543 964 1625 leuiterque
985 1549 1099 1609 sonum
1114 1545 1269 1627 plunpore
1290 1543 1450 1623 rectinet,

551 1651 628 1718 Post
648 1657 735 1716 emto
758 1656 904 1717 quaterue
926 1652 1030 1734 maye
1051 1653 1154 1734 mepte
1176 1652 1384 1717 moueant
1404 1687 1462 1715 -.

350 1785 376 1825 ro
390 1757 537 1824 Alterum
570 1759 657 1842 quod
688 1756 931 1842 expendendum
960 1756 1100 1822 diximus
1128 1759 1232 1842 ipsam
1260 1758 1377 1824 attinet
1403 1756 1492 1822 vocis
1520 1757 1624 1823 imiter

391 1865 666 1953 significationem.
698 1863 782 1931 Nam
802 1865 829 1929 si
848 1886 960 1930 verum
978 1868 1037 1946 eet,
1055 1865 1141 1950 quod
1155 1865 1336 1950 Hauptium
1355 1865 1501 1931 docuisse
1515 1869 1624 1929 narrat

391 1971 463 2038 Chr.
482 1972 637 2060 Belgerus
660 1973 695 2037 in
717 1971 835 2058 Elogio
859 1971 996 2056 Hauptii
1019 1994 1038 2035 a
1061 1994 1096 2037 se
1118 1971 1205 2039 edito
1227 1995 1258 2056 p.
1277 1971 1343 2038 259
1366 1972 1442 2038 levis
1464 1974 1498 2037 et
1519 1971 1624 2036 leviter

389 2102 454 2145 non
482 2079 600 2145 habere
628 2101 697 2144 eam
722 2081 788 2145 vim
813 2101 910 2164 quam
933 2079 1091 2144 hocloco
1115 2100 1243 2144 necesse
1266 2083 1316 2143 est
1338 2082 1531 2164 statuamus,
1557 2099 1624 2144 non

389 2191 497 2272 potest
510 2187 581 2251 fieri
595 2187 674 2271 quin
688 2190 817 2252 corruat
830 2207 941 2251 versus
955 2186 1062 2250 forma
1074 2208 1170 2271 quam
1180 2185 1466 2271 defensitabamus3
1480 2190 1514 2251 et
1524 2186 1624 2251 credi·

390 2293 455 2359 bile
469 2292 705 2379 estHauptium
720 2294 817 2359 etiam
831 2294 895 2358 hoc
908 2297 1098 2378 argumento
1114 2296 1239 2357 motum
1253 2292 1431 2358 obtinuisse
1445 2314 1515 2358 eam
1527 2313 1623 2376 quam

389 2399 614 2465 Lachmannus
635 2401 795 2485 praeierat
818 2401 1011 2484 scripturam
1035 2400 1112 2465 leui
1134 2406 1282 2465 resonum
1297 2401 1452 2483 pluupore
1469 2399 1622 2480 mutant,

389 2506 528 2572 fortasse
551 2528 606 2572 eos
630 2527 758 2592 quoque
782 2507 839 2591 qui
863 2510 919 2571 aut
942 2507 1026 2572 hanc
1048 2528 1159 2571 vocem
1182 2510 1239 2572 aut
1257 2507 1297 2572 ab
1316 2529 1354 2572 ea
1372 2507 1484 2572 ductas
1502 2507 1623 2572 formas

390 2613 615 2699 praeferendas
643 2613 811 2679 duxerunt.
848 2611 961 2698 Itaque
990 2614 1018 2678 si
1046 2613 1191 2679 obtinere
1213 2616 1325 2678 nostra
1347 2613 1509 2700 volumus,
1536 2636 1624 2680 reeu-

391 2720 524 2785 sandum
547 2742 614 2787 non
637 2723 695 2805 est,
718 2721 891 2805 quominus
914 2720 998 2786 hanc
1015 2721 1107 2786 litem
1127 2721 1261 2787 devitatis
1280 2725 1313 2786 et
1330 2721 1469 2787 lenitaue
1486 2723 1571 2785 inter
1588 2742 1623 2786 se

351 2853 377 2894 ao
392 2827 664 2912 contendentium,
686 2829 714 2893 si
735 2827 805 2894 fieri
825 2833 942 2913 potest,
961 2849 1199 2914 componamus.
1237 2827 1400 2913 Hauptius
1419 2828 1529 2916 igitur,
1547 2827 1623 2893 dum

390 2934 551 3020 Propertii
580 2956 709 3001 carmen
733 2937 865 3001 tertium
889 2936 965 3002 libri
987 2936 1086 3021 primi
1109 2936 1354 3020 interpretetur,
1380 2940 1463 3001 teste
1486 2935 1623 3021 Belgero

390 3042 471 3107 haec
498 3041 538 3108 de
564 3064 659 3109 versu
682 3043 726 3107 43
754 3041 916 3126 exposuit:
944 3043 1063 3107 falsum
1091 3064 1159 3107 esse
1182 3043 1269 3127 quod
1292 3040 1521 3128 Hertzbergius
1544 3042 1624 3107 Bur·

390 3171 545 3215 mannum
568 3150 609 3215 ad
632 3148 739 3215 Ovidii
762 3148 1015 3216 Heroid.11180
1038 3148 1184 3216 docuisse
1208 3149 1306 3235 dicat,
1333 3150 1438 3216 leuiter
1460 3171 1530 3214 esse
1551 3170 1624 3234 erep-

383 3278 497 3340 preseu
518 3276 603 3336 uoce;
625 3260 678 3323 rel
700 3256 786 3342 apud
809 3254 996 3322 Ciceronem
1018 3276 1079 3341 pro
1099 3254 1189 3321 Sulla
1210 3256 1260 3343 10,
1279 3256 1323 3321 30
1345 3257 1450 3322 leviter
1471 3278 1537 3321 non
1556 3279 1624 3323 esse

391 3365 478 3449 quod
505 3365 560 3429 ille
588 3364 726 3430 voluerit
753 3366 812 3430 mit
838 3364 929 3430 leieer
955 3362 1099 3443 Situm,
1127 3363 1182 3428 sed
1210 3386 1280 3429 esse
1308 3365 1377 3429 sine
1405 3364 1546 3448 pondere
1568 3368 1625 3428 aut

390 3471 550 3559 gravitate
573 3471 700 3536 dicendi
723 3469 895 3558 (tridudum,
921 3471 999 3537 ohne
1025 3470 1163 3537 Gewicbt
1185 3471 1237 3537 des
1260 3467 1457 3559 Auedruelue)
1481 3472 1624 3556 itemque

391 3578 506 3643 ceteris
532 3577 612 3643 locis
640 3577 760 3664 allatis3
793 3579 879 3663 quod
907 3579 983 3662 quia
1012 3601 1030 3642 a
1057 3577 1217 3661 Propertii
1244 3599 1339 3642 versu
1367 3577 1540 3643 abhorreat
1565 3599 1625 3643 nec

391 3685 496 3751 leuiter
523 3684 607 3750 idem
636 3686 679 3750 sit
707 3684 793 3769 quod
821 3686 941 3765 leuiter,
969 3706 1099 3751 necesse
1122 3705 1192 3749 esse
1214 3684 1249 3749 in
1272 3706 1311 3750 eo
1333 3707 1428 3750 versu
1452 3683 1624 3769 cynthiam

391 3791 496 3858 dicere
514 3814 548 3856 se
567 3791 671 3857 leude
689 3792 849 3871 ductum
872 3792 903 3857 h.
922 3812 948 3857 e.
961 3798 1072 3874 poetae
1089 3790 1210 3857 leuitate
1228 3794 1332 3857 animi
1350 3793 1518 3869 decertum
1542 3813 1625 3857 eam-

351 3924 377 3965 so
392 3921 454 3984 que
472 3899 741 3985 significationem
759 3921 885 3963 morum
900 3897 1063 3982 Hauptius
1083 3898 1232 3984 deinceps
1248 3899 1396 3984 pluribus
1411 3899 1624 3983 persequitur.

391 4005 422 4070 A
445 4007 563 4091 quibus
585 4028 646 4072 nos
669 4010 740 4072 tota
762 4009 870 4072 mente
892 4005 1093 4072 discedimus.
1130 4005 1179 4070 Ac
1202 4006 1342 4091 primum
1366 4008 1441 4071 dum
1461 4004 1624 4071 Ciceronis
1639 4021 1677 4077 1⁷

391 4114 489 4178 verba
520 4114 733 4197 explicamus,
766 4135 847 4197 quae
879 4113 926 4177 ita
956 4114 1111 4199 legrmtur
1141 4115 1162 4177 l.
1186 4135 1211 4178 c.
1242 4115 1297 4196 qui
1323 4134 1392 4178 cum
1424 4133 1625 4195 suppressa

392 4239 474 4285 ecee
500 4222 538 4285 de
563 4220 673 4286 scelere
694 4219 733 4285 P.
752 4220 893 4299 Loculi,
922 4221 960 4284 de
985 4221 1124 4286 audacie
1151 4222 1382 4285 coniuratorum
1408 4223 1549 4286 omnium
1576 4222 1626 4286 di·

392 4329 501 4407 cusu,
530 4333 653 4392 tuentum
680 4327 770 4392 modo
796 4332 833 4392 ut
858 4347 910 4392 vos
936 4329 992 4410 qui
1019 4348 1056 4393 eu
1076 4327 1221 4409 proeaees
1247 4328 1397 4393 exaudire
1414 4330 1560 4410 peccatu,
1588 4329 1626 4393 de

391 4434 557 4517 supplicio,
580 4436 618 4500 de
640 4454 759 4499 carcere
781 4455 917 4517 mopere
939 4440 973 4499 et
994 4435 1229 4515 queribunda
1251 4453 1333 4499 uoce
1355 4434 1486 4515 dicebat,
1508 4436 1544 4499 iu
1566 4455 1625 4517 qsso

387 4542 531 4623 primum
557 4540 638 4605 illud
663 4546 730 4605 erut
756 4540 941 4620 obetedom,
970 4542 1054 4622 qued
1079 4560 1149 4605 eum
1176 4562 1213 4605 cu
1239 4562 1319 4623 quae
1345 4541 1475 4606 leuiter
1502 4543 1626 4607 diem

392 4647 478 4713 cote
493 4647 629 4728 probare
650 4648 773 4728 uoiebut,
796 4668 845 4713 cos
867 4653 970 4712 auten
992 4648 1048 4729 qui
1066 4648 1182 4711 circem
1201 4648 1354 4713 iudicium
1371 4648 1496 4713 stabunt
1514 4648 1627 4713 duduc

392 4755 527 4833 nolebat,
553 4775 616 4819 nou
644 4754 833 4837 iutellepebut
859 4775 897 4819 eu
923 4775 1004 4837 quae
1030 4754 1130 4819 clare
1157 4755 1269 4820 duaa
1295 4756 1342 4819 ita
1369 4754 1440 4821 illes
1462 4756 1626 4821 audituros

393 4862 505 4946 quebue
526 4880 558 4926 sc
579 4862 759 4925 venditabat
779 4866 814 4925 ut
835 4881 889 4926 eos
910 4880 1027 4943 quoque
1049 4862 1203 4925 audiretis
1224 4864 1279 4943 qui
1301 4863 1338 4925 id
1358 4883 1422 4925 non
1434 4862 1626 4943 probabatis,
