3967 5725
570 641 750 692 snanoms
768 639 965 691 PLATONIOI
984 639 1282 690 OBSERVATIONES
1299 640 1336 689 11.
1522 635 1584 700 391

353 827 436 889 quae
459 807 535 869 suut
557 803 592 866 in
611 801 733 888 Hippia
755 802 876 866 maiore
898 825 930 886 p.
952 803 1002 885 13,
1023 800 1064 865 15
1088 799 1224 866 ἐπειδάν
1248 797 1312 883 ἐγὼ
1336 798 1487 883 ὁμολογῶ
1508 798 1588 882 ἀγα-

352 913 419 977 θὸν
442 902 528 975 εἶναι
552 910 760 993 δημιουργὸν
782 909 851 974 τὸν
876 908 1060 990 Φειδίαν,
1087 901 1171 990 εἶτα,
1195 910 1305 992 φήσει,
1329 913 1403 989 οίει,
1426 917 1525 972 τοῦτο
1549 909 1598 972 τὸ’

351 1019 455 1083 καλὸν
474 1017 492 1082 δ
511 1019 554 1082 σὺ
574 1000 689 1099 λέγεις,
710 1017 826 1100 ἠγνόει
848 1012 1058 1103 Φειδίας*),
1081 1036 1187 1080 nonne
1207 1017 1354 1099 apertum
1373 1017 1430 1095 est,
1450 1016 1587 1079 alterum

353 1125 495 1189 Φειδίαν
523 1144 583 1188 nec
610 1125 715 1206 ipsum
745 1122 919 1187 desiderari
946 1143 1006 1186 uec
1034 1122 1103 1186 eius
1129 1122 1203 1187 loeo
1230 1121 1430 1206 pronomen?
1462 1121 1526 1187 Vel
1552 1122 1587 1187 iu
1661 1205 1662 1208 Ἴ

349 1231 452 1296 altero
475 1229 599 1315 Hippia
621 1252 694 1296 cum
717 1231 798 1296 haec
819 1232 971 1316 legantur
994 1226 1038 1314 (p.
1058 1227 1110 1315 45,
1130 1227 1166 1316 b)
1190 1228 1229 1293 de
1251 1227 1380 1294 Achille
1403 1228 1586 1314 Homerico,

350 1337 388 1414 ὃς
409 1332 453 1421 ήν
476 1336 562 1403 οὕτω
586 1340 668 1420 γόης
685 1335 740 1403 καὶ
760 1336 947 1420 ἐπίβουλος,
971 1337 1055 1403 ὥστε
1073 1334 1129 1403 καὶ
1147 1345 1208 1402 τοῦ
1222 1333 1405 1413 Ὀδυσσέως
1423 1345 1587 1402 τοσοῦτον

351 1448 506 1529 φαίνεται
534 1455 675 1530 φρονεῖν
700 1442 804 1510 πλέον
830 1445 914 1529 πρός
941 1445 978 1509 τὸ
1007 1443 1130 1530 ῥηιδίως
1156 1444 1341 1508 λανθάνειν
1363 1442 1485 1509 αὐτὸν
1508 1443 1585 1509 ἀλα-

350 1554 566 1636 ζονευόμενος
598 1551 681 1617 ὥστε
709 1551 864 1616 ε’ναυτίον
892 1551 1015 1616 αὐτοῦ
1044 1551 1145 1627 αὐτὸς
1173 1547 1278 1639 ἑαυτῷ
1303 1549 1423 1634 ἐτόλμα
1451 1549 1585 1616 ἐναντία

349 1657 460 1741 λέγειν
478 1656 533 1722 καὶ
556 1656 743 1723 ἐλάνθανεν
759 1659 829 1723 τὸν
842 1655 1031 1722 Ὀδυσσέα
1050 1657 1128 1741 quid
1147 1660 1195 1722 est
1215 1657 1301 1742 quod
1320 1655 1469 1723 Socrates
1488 1674 1585 1741 quem

348 1766 398 1830 bis
425 1768 500 1829 ante
527 1764 775 1849 pronominibus
805 1763 989 1850 designarat
1017 1763 1133 1847 αὐτόν,
1165 1765 1279 1847 αὐτοῦ,
1307 1763 1445 1848 denique
1474 1765 1583 1829 eadem
1598 1793 1626 1832 ιο

348 1872 507 1940 sententia
530 1872 671 1957 appellet
693 1872 822 1937 nomine
845 1872 905 1936 τὸν
922 1869 1105 1936 Ὀδυσσέαθ
1141 1870 1234 1935 Adde
1256 1870 1338 1936 illud
1360 1894 1390 1955 p.
1405 1870 1459 1954 47,
1475 1871 1517 1935 16
1540 1874 1583 1937 σὺ

347 1979 411 2062 γάρ
439 2001 479 2064 με
507 1978 628 2063 ἐπήρας
652 1975 779 2064 Ἱππίᾳ
806 1979 1037 2062 διαλέγεσθαι,
1068 1975 1122 2043 καὶ
1150 1986 1214 2043 νῦν
1238 1975 1297 2043 έάν
1325 1980 1370 2063 μή
1395 2003 1452 2061 μοι
1482 1977 1582 2065 ἐθέλη

294 2103 333 2161 14
343 2084 493 2162 Ἱππίας
520 2084 780 2170 ἀποκρίνεσθαι,
811 2084 891 2151 δέου
926 2084 1031 2150 αὐτοῦ
1059 2081 1144 2169 ὑπὲρ
1173 2083 1264 2169 ἐμοῦ.
1300 2082 1377 2149 Nou
1403 2106 1463 2150 uos
1489 2085 1523 2149 id
1546 2107 1580 2149 se
1650 2103 1652 2120 ¹

348 2193 478 2276 quimur
505 2214 603 2271 nuno,
626 2196 663 2257 ut
686 2192 793 2257 dedita
817 2214 914 2276 opera
936 2191 1020 2258 bano
1043 2210 1171 2280 oausam
1194 2192 1361 2256 nominum
1381 2193 1582 2258 excutiamus

348 2300 403 2364 sed
434 2299 571 2365 fortasse
602 2323 669 2365 uon
697 2302 746 2365 est
773 2299 887 2364 inutile
915 2299 1034 2383 raptim
1062 2299 1209 2382 exempla
1235 2295 1391 2367 nonnulla
1419 2299 1580 2386 colligere,

345 2429 429 2491 quae
457 2406 514 2491 qui
541 2407 605 2472 hcc
631 2410 730 2493 agant
756 2405 932 2489 impensius
961 2406 1142 2471 examinare
1169 2405 1304 2491 possint.
1345 2404 1458 2489 Itaque
1488 2405 1580 2471 Plato

345 2513 460 2578 scribit
483 2514 516 2579 in
534 2513 682 2579 Phaedro
705 2536 736 2597 p.
755 2512 808 2595 65,
829 2512 870 2577 19
887 2510 982 2578 Ἀλλά
1006 2513 1072 2596 μὴν
1094 2514 1154 2577 τόν
1177 2536 1214 2596 γε
1243 2515 1383 2576 Τισίαν
1405 2512 1508 2578 αὐτὸν
1526 2535 1582 2579 πε-

343 2622 491 2704 πάτηκας
509 2620 667 2707 ἀκριβῶς
688 2619 804 2686 εἰπέτω
823 2622 940 2685 τοίνυν
957 2617 1013 2684 καὶ
1032 2620 1108 2685 τόδε
1127 2619 1207 2704 ἡμῖν
1226 2618 1244 2684 ὁ
1266 2623 1410 2696 Τισιάς.
1437 2618 1580 2705 Sympos

344 2751 375 2811 p.
400 2727 471 2806 8,1
507 2728 548 2794 οὐ
575 2729 640 2811 γάρ
668 2726 744 2811 ἐμὸς
771 2727 789 2792 δ
817 2734 927 2811 μῦθος
954 2726 1038 2793 ἀλλά
1064 2727 1242 2812 Φαίδρου
1266 2726 1381 2810 τοῦδε,
1410 2726 1451 2792 ὃν
1473 2725 1581 2812 μέλλω

344 2833 464 2919 λέγειν.
497 2836 675 2921 Φαῖδρος
696 2835 760 2919 γάρ
785 2832 937 2901 ἑκάστοτε
958 2837 1042 2918 πρός
1059 2857 1099 2919 με
1117 2833 1313 2918 ἀγανακτῶν
1332 2832 1430 2917 λέγει.
1458 2833 1582 2920 Eutby·
1595 2872 1622 2913 ,ο

343 2941 426 3012 dem.
444 2965 476 3026 p.
495 2942 552 3024 32,
573 2941 614 3006 15
642 2940 721 3006 καθ’
748 2943 786 3007 ’ἐν
809 2939 947 3007 ἕκαστον
970 2940 1177 3028 ἐρωτώμενοι
1200 2942 1265 3007 ὑπὸ
1290 2944 1532 3025 Κτησίππου.
1563 2942 1581 3009 δ

344 3050 407 3135 γὰρ
428 3052 658 3135 Κτήσιππος
680 3050 771 3115 πάνυ
795 3048 1080 3134 ἀπαρακαλύπτως
1100 3098 1129 3112 ..
1148 3048 1267 3134 ἠρώτα.
1300 3048 1409 3132 Lysid.
1424 3071 1454 3132 p.
1470 3050 1523 3134 64,
1538 3050 1580 3115 23

342 3157 404 3221 τὸν
431 3158 495 3240 γάρ
523 3165 583 3221 τοῦ
603 3154 806 3239 Ἡρακλέους
833 3153 988 3239 ξενισμὸν
1017 3152 1131 3242 πρῴην
1160 3154 1241 3239 ἡμῖν
1269 3153 1306 3219 ἐν
1334 3157 1494 3240 ποιήματί
1514 3181 1581 3221 τινι

343 3258 461 3347 διήειν,
480 3264 524 3339 ὡς
542 3262 599 3329 διά
617 3264 679 3346 τὴν
696 3271 768 3327 τοῦ
782 3259 1024 3344 Ἡρακλέους
1043 3259 1239 3344 ξυγγένειαν
1253 3261 1270 3327 ὁ
1286 3252 1453 3346 πρόγονος
1469 3264 1580 3328 αὐτῶν

342 3367 540 3447 ὑποδέξαιτο
559 3370 619 3434 τὸν
633 3368 809 3456 Ἡρακλέα,
828 3392 868 3434 ex
883 3368 1001 3453 quibus
1016 3367 1231 3432 Hartmanum
1245 3367 1392 3432 videmus
1407 3366 1580 3455 (Emblem.

342 3499 374 3561 p.
391 3473 469 3563 129)
487 3485 548 3541 τοῦ
559 3473 764 3562 Ἡρακλέους
782 3474 954 3561 expeller03
973 3473 1028 3539 sed
1046 3474 1109 3541 boc
1128 3474 1183 3538 vix
1202 3478 1251 3539 est
1269 3475 1449 3562 probabile;
1469 3482 1580 3543 contra

342 3582 440 3666 paulo
463 3587 539 3668 post
561 3605 620 3667 pro
643 3584 775 3647 nomine
797 3583 847 3647 uti
868 3580 988 3648 licebat
1005 3582 1205 3667 pronomine,
1230 3580 1426 3660 ὑποδέξαιτο
1445 3584 1579 3668 αὐτόν,

343 3710 453 3754 verum
482 3688 629 3755 Socrates
662 3690 832 3774 opinamur
864 3690 979 3754 maluit
1007 3710 1128 3763 nomen¹
1151 3689 1275 3753 iterare.
1316 3688 1431 3773 Lysias
1458 3691 1512 3775 13,
1536 3690 1579 3756 55

344 3794 465 3861 Άκούω
494 3792 531 3861 δέ
560 3797 665 3862 αὐτὸν
692 3795 747 3861 καὶ
773 3798 820 3874 εἰς
845 3794 1126 3881 Μενέστρατον
1150 3795 1332 3881 ἀναφέρειν
1355 3817 1387 3860 τι
1411 3796 1486 3881 περὶ
1511 3809 1579 3863 τῶν

431 4007 477 4077 ⁸3)
495 4006 528 4061 In
547 4007 731 4063 adnotatione
744 4006 876 4077 ponimus
891 4007 1027 4077 quasilla
1042 4006 1168 4076 proxime
1182 4008 1369 4075 insequuntur
1384 4004 1434 4075 δτι,
1448 4008 1513 4076 ἐρεῖ,
1528 4014 1578 4077 τῆς

342 4093 461 4164 Ἀθηνᾶς
483 4097 550 4159 τοδς
573 4095 741 4165 ὀφθαλμοὺς
763 4098 798 4152 od
821 4104 940 4167 χρυσοῦς
963 4094 1094 4165 ἐποίησεν
1119 4096 1185 4151 occe
1204 4095 1236 4150 τὸ
1255 4095 1321 4150 ἀλλο
1340 4092 1491 4163 πρόσωπον
1510 4095 1577 4152 οὐδὲ

339 4185 409 4246 τοὺς
430 4182 522 4247 πόδας
545 4184 612 4240 οόδέ
635 4184 686 4248 τὰς
708 4194 814 4256 χεῖρας,
839 4184 917 4253 εἴπερ
936 4193 1059 4255 χρυσοῦν
1077 4203 1109 4254 γε
1127 4184 1162 4254 δὴ
1183 4180 1216 4240 δν
1235 4183 1380 4239 κάλλιστον
1400 4184 1491 4255 ἔμελλε
1510 4182 1577 4255 φαί-

341 4276 454 4338 νεσθαι,
469 4270 529 4328 ἀλλ’
547 4274 739 4342 ἐλεφάντινον,
754 4277 840 4343 δῆλον
855 4272 898 4329 ὅτι
911 4284 994 4328 τοῦτο
1009 4273 1064 4328 ὑπὸ
1080 4271 1208 4343 ἀμαθίας
1222 4272 1442 4345 [ἐξήμαρτεν]
1458 4276 1577 4343 ἀγνοῶν,

341 4360 385 4416 ότι
408 4361 510 4433 χρυσὸς
534 4360 581 4431 ἀρ’
602 4364 677 4418 ἐστὶν
700 4362 716 4417 δ
737 4362 831 4417 πάντα
850 4362 922 4416 καλά
940 4372 1044 4430 ποιῶν,
1068 4361 1139 4417 ὅπου
1159 4360 1196 4417 διν
1214 4361 1407 4433 προσγένηται.
1442 4362 1488 4417 Sic
1507 4362 1577 4417 haec

340 4450 434 4506 edidit
452 4451 560 4507 incluso
580 4453 664 4507 verbo
685 4451 835 4521 ἐξήμαρτεν
855 4451 1020 4519 Schanaius3
1039 4452 1088 4520 qui
1107 4454 1236 4521 apertum
1255 4454 1298 4505 est
1316 4450 1386 4520 quid
1404 4451 1517 4521 assequi
1533 4468 1577 4507 vo-

341 4541 440 4607 luerit3
454 4541 525 4596 haec
539 4541 615 4595 enim
629 4542 725 4596 omnia
739 4542 769 4595 iu
782 4558 867 4595 uuam
883 4542 1054 4595 sententiam
1069 4540 1143 4595 coire
1157 4541 1247 4595 voluit
1262 4542 1295 4595 οά
1307 4549 1427 4611 χρυσοῦς
1436 4538 1577 4611 ἐποίησεν,

341 4628 474 4699 δηλονότι
492 4632 604 4700 ἀγνοῶν
623 4629 665 4686 ότι
685 4628 786 4700 χρυσός
803 4633 858 4685 κτλ.
888 4629 969 4695 Quod
988 4632 1020 4683 ut
1039 4629 1105 4683 ferri
1124 4630 1227 4699 possit,
1251 4630 1293 4684 ita
1311 4646 1412 4699 parum
1431 4630 1577 4685 commode

339 4719 423 4789 iungi
446 4719 577 4774 videntur
599 4720 654 4775 ὑπὸ
678 4718 806 4790 ἀμαθίας
829 4722 953 4790 ἀγνοῶν,
981 4720 1104 4788 perbene
1128 4735 1201 4788 quae
1225 4719 1330 4788 scripta
1354 4722 1420 4773 suut
1443 4719 1473 4773 in
1496 4719 1576 4774 libris

339 4818 423 4863 τοῦτο
447 4809 502 4863 ὑπό
527 4808 655 4879 ἀμαθίας
677 4809 829 4878 ἐξήμαρτεν
852 4811 980 4878 ἀγνοῶν,
1005 4804 1053 4863 ὅτι.
1087 4808 1186 4876 Itaque
1210 4808 1250 4863 sic
1274 4808 1456 4863 statuendum
1480 4810 1536 4875 est,
1560 4825 1577 4862 a

340 4900 429 4967 δῆλον
448 4894 490 4953 ότι
508 4914 610 4953 novam
628 4899 752 4967 incipere
772 4899 941 4953 sententiam
960 4896 1118 4959 ἀσονδέτως
1137 4897 1327 4966 superioribus
1347 4890 1494 4951 adnexam.
