3967 5725
407 603 470 667 188
593 607 678 658 XLII.
697 607 813 657 INDEX
831 607 1046 658 LEOTIONUM
1064 605 1306 658 HIBERNARUM
1326 604 1448 676 lacesso.

565 761 609 843 ὧς
632 769 705 833 τότε
727 767 895 850 γηγενέων
917 777 1027 852 κείρεν
1052 767 1189 851 στάχυν·
1213 768 1326 851 αἵματι
1349 765 1380 831 δ’
1407 765 1502 832 δλκοί

564 874 644 957 η’ύτε
665 887 822 959 κρηναῖαι
846 873 969 959 ἀμάραι
992 873 1347 958 πληθοντοβοῇσιν.

404 979 467 1046 Sed
490 1003 585 1065 saepe
607 979 804 1066 Apollonius
828 981 949 1067 duplici
972 981 1071 1046 verbo
1094 983 1206 1063 utitur,
1229 981 1331 1046 veluti
1348 998 1388 1044 111
1409 981 1496 1046 1370
1601 973 1604 979 ’

277 1081 280 1083 Α
778 1091 905 1173 Κόλχοι
929 1085 966 1153 δέ
988 1086 1061 1172 μέγ’
1091 1095 1221 1172 ίαχον,
1244 1087 1289 1164 ὡς
1312 1087 1366 1152 ὅτε
1384 1091 1506 1164 πόντος

566 1203 676 1280 ἴαχεν
699 1195 846 1281 ὀξείῃσιν
869 1194 1076 1278 ἐπιβρομέων
1101 1193 1335 1278 σπιλάδεσσιν,

402 1303 456 1368 hic
485 1304 614 1387 quidem
642 1305 816 1386 utrobique
839 1302 1014 1386 praeterito
1038 1303 1130 1368 verbi
1152 1303 1274 1386 posito,
1302 1302 1390 1386 quod
1411 1306 1527 1366 notum
1550 1305 1599 1367 est
1621 1324 1641 1367 a

403 1411 642 1495 comparatione
664 1431 731 1474 non
752 1410 892 1475 alienum
912 1431 994 1494 esse3
1018 1413 1074 1473 aut
1093 1409 1120 1473 si
1139 1430 1214 1495 uno,
1237 1409 1272 1473 in
1291 1410 1451 1474 sententia
1469 1409 1641 1494 principali

402 1517 525 1604 posito,
547 1518 637 1581 velut
659 1535 696 1582 1v
717 1517 756 1580 11

563 1634 603 1711 τῇ
627 1622 657 1688 δ’
685 1624 938 1706 ἀλεγεινότατον
959 1626 1080 1710 κραδιή
1104 1627 1214 1709 φόβου
1237 1621 1379 1708 ἔμβαλεν
1395 1622 1493 1709 Ἥρη.

362 1760 389 1800 1o
563 1730 728 1815 τρέσσεν
751 1728 782 1795 δ’
810 1732 888 1814 ἠύτε
912 1755 962 1808 τις
985 1733 1096 1816 κούφη
1120 1733 1230 1815 κεμάς,
1253 1731 1296 1814 ἥν
1314 1754 1349 1796 τε
1367 1734 1507 1816 βαθείης

564 1838 727 1922 τάρφεσιν
750 1836 787 1903 έν
811 1836 965 1922 ξυλόχοιο
989 1849 1103 1904 κυνῶν
1127 1838 1294 1923 ἐφόβησεν
1317 1838 1457 1923 ὁμοκλη,

402 1945 456 2010 vel
470 1964 509 2010 111
524 1944 589 2012 956
600 1967 670 2029 sqq.
702 1943 825 2009 Verum
844 1948 964 2028 μίμνεν
982 1967 1024 2009 an
1042 1948 1154 2027 μίμνει
1173 1945 1231 2010 illo
1249 1947 1322 2010 1οοο
1342 1945 1462 2010 rectius
1481 1945 1641 2010 scribatur

403 2052 591 2140 ambiguum
615 2056 672 2117 est.
709 2051 839 2116 Etenim
866 2052 894 2116 si
916 2053 1094 2117 retinemus
1120 2052 1207 2136 quod
1229 2051 1321 2117 libris
1345 2056 1510 2136 acceptum
1530 2053 1642 2140 fertur,

403 2164 529 2245 μίμνει,
561 2160 723 2245 integrum
752 2163 803 2222 est
829 2160 1031 2223 enuntiatum
1060 2160 1328 2243 comparativum,
1359 2161 1414 2224 ἀπε
1443 2161 1562 2236 σπιλὰς
1589 2161 1642 2225 είν

403 2267 458 2332 ἀλλ
476 2266 578 2351 πέτρη
597 2269 710 2350 μίμνει
729 2264 935 2350 ἀπειρεσίησι
955 2266 1141 2351 δονεύμενα
1159 2265 1276 2350 κύματ’
1296 2265 1439 2351 ἀέλλαις,
1458 2289 1498 2332 ex
1512 2287 1549 2331 eo
1564 2287 1641 2330 vero

402 2374 536 2442 verbum
555 2372 744 2438 sumendum
763 2394 827 2456 quo
843 2373 984 2437 narratio
1000 2373 1197 2458 suppleatur.
1235 2373 1280 2438 Et
1294 2395 1488 2457 quamquam
1502 2375 1642 2458 plerum·

404 2502 475 2565 que,
498 2482 526 2545 si
548 2503 650 2545 unum
673 2480 807 2545 verbum
831 2483 893 2563 cst,
919 2479 952 2542 id
975 2480 1155 2568 narrationi
1179 2480 1321 2564 additur,
1344 2481 1379 2544 in
1402 2479 1642 2565 comparatione

403 2587 541 2672 auditur,
560 2589 669 2651 tamen
686 2607 727 2650 nc
746 2588 942 2651 contrarium
963 2586 1094 2670 quidem
1112 2589 1209 2671 plane
1222 2588 1365 2654 insolens
1380 2592 1430 2652 est
1445 2592 1477 2652 et
1491 2588 1640 2652 alienum.
1657 2591 1697 2648 1⁰

403 2693 503 2759 Velut
529 2714 602 2758 cum
630 2692 803 2777 Euripides
834 2692 946 2757 scribit
973 2693 1008 2756 in
1037 2692 1172 2758 Troasin
1199 2717 1229 2758 v.
1253 2694 1318 2758 826
1346 2695 1456 2778 ἠιόνες
1483 2692 1511 2758 δ’
1551 2694 1642 2760 ἀλιαι

363 2829 390 2871 ro
405 2808 513 2886 ίαχον·
546 2790 621 2866 οἷον
648 2800 767 2877 οἰωνὸς
794 2792 878 2885 ὑπὲρ
906 2799 1029 2866 τεκέων
1056 2805 1142 2888 βοᾷ,
1170 2803 1206 2866 αἳ
1232 2797 1294 2886 μὲν
1321 2801 1513 2887 εὐνάτορας,
1546 2805 1584 2868 αἳ
1604 2797 1642 2867 δὲ

402 2909 534 2992 παῖδας,
558 2912 595 2973 αἳ
615 2904 653 2973 δὲ
675 2907 817 2992 ματέρας
837 2909 981 2992 γεραιάς,
1006 2908 1162 2992 quidquid
1181 2910 1290 2974 vitiosi
1312 2910 1414 2974 estin
1432 2909 1550 2996 verbis,
1573 2914 1643 2974 tan·

403 3020 471 3081 tum
504 3019 639 3101 apparet
671 3036 711 3079 cx
742 3018 807 3101 βοᾷ
835 3015 974 3099 exempli
1007 3015 1041 3080 in
1069 3015 1243 3100 principali
1271 3015 1417 3082 oratione
1439 3018 1567 3097 βοῶσιν
1594 3018 1642 3081 in·

402 3123 523 3209 telligi:
547 3121 618 3200 nisi,
634 3121 721 3206 quod
744 3119 821 3207 quia
839 3120 944 3185 simile
962 3121 1134 3205 praecedit,
1157 3120 1220 3186 hoc
1238 3124 1336 3207 paulo
1354 3144 1431 3187 sane
1449 3122 1576 3188 facilius
1595 3124 1642 3215 in-

406 3230 555 3295 stituitur
569 3252 666 3315 quam
681 3230 792 3295 eodem
806 3230 1006 3312 insequente.
1027 3226 1258 3294 Nihilominus
1269 3228 1454 3295 dubitamus
1465 3228 1641 3314 Apollonio

402 3339 497 3402 istam
517 3337 805 3402 conformationem
824 3336 975 3419 adimere,
999 3357 1063 3420 qua
1082 3357 1163 3419 quae
1183 3339 1325 3421 estpars
1344 3338 1454 3421 potior
1471 3337 1562 3402 nullo
1582 3359 1641 3403 suo

402 3445 501 3510 verbo
525 3446 620 3509 aucta
637 3443 785 3529 pendeat,
809 3442 913 3527 αὐτὰρ
934 3442 952 3507 ὃ
970 3443 1050 3519 τούς
1068 3467 1106 3526 γε
1125 3438 1163 3508 εὖ
1183 3445 1301 3526 διαβὰς
1320 3442 1484 3528 ἐπιόντας,
1507 3444 1640 3509 verbum

403 3555 509 3617 autem
542 3550 640 3615 simili
673 3550 963 3633 accommodatum,
996 3551 1053 3615 ἀπε
1087 3551 1206 3627 σπιλὰς
1236 3552 1288 3616 εἰν
1315 3549 1370 3615 ott
1398 3550 1500 3635 πέτρη
1528 3553 1642 3636 μίμνει

403 3658 609 3744 ἀπειρεσίησι
643 3658 828 3740 δονεύμενα
859 3655 974 3740 κύματ’
1013 3656 1165 3740 ἀέλλαις,
1204 3657 1301 3722 simul
1332 3658 1430 3722 istam
1463 3658 1640 3723 orationem

403 3769 570 3831 sustentet
608 3764 678 3842 Qua
696 3766 731 3829 in
750 3786 784 3829 re
803 3764 1071 3829 reminiscendum
1090 3769 1148 3848 est,
1168 3762 1304 3829 Graecos
1323 3769 1435 3849 poetas
1455 3766 1641 3850 scriptores-

361 3901 388 3941 ιο
403 3894 465 3959 que
492 3894 559 3938 non
586 3893 660 3937 raro
689 3869 802 3936 solitos
826 3872 1002 3936 sententias
1025 3872 1071 3937 ita
1095 3876 1231 3956 struere,
1257 3876 1295 3936 ut
1317 3872 1425 3957 priore
1447 3876 1538 3956 parte
1561 3894 1639 3937 non-

402 3980 478 4043 dum
497 3978 646 4045 absoluta
665 4001 737 4044 cum
756 4000 877 4043 novum
895 3978 1086 4062 subiectum,
1106 3978 1172 4044 sive
1192 3980 1442 4064 comparationis
1461 4000 1557 4045 cauca
1571 3982 1639 4045 sive

400 4087 435 4151 in
463 4087 527 4153 alio
556 4107 620 4171 quo
648 4086 744 4151 modo
771 4086 939 4169 loquendi,
971 4086 1112 4150 medium
1140 4085 1358 4171 interponitur
1384 4085 1475 4151 verbi
1502 4088 1640 4152 formam

402 4194 443 4259 ad
470 4194 534 4261 hoc
556 4193 643 4278 quod
666 4193 799 4278 propius
823 4196 873 4257 cst
895 4193 1077 4278 applicetur
1099 4214 1203 4277 neque
1227 4194 1268 4257 ad
1290 4193 1489 4277 superiorem
1512 4198 1638 4278 partem

403 4301 507 4367 oratio
534 4304 723 4366 revertatur.
761 4299 855 4377 Quod
882 4321 983 4386 genus
1011 4300 1203 4384 interpretes
1231 4299 1284 4365 hic
1313 4301 1382 4365 illic
1404 4301 1584 4387 tetigerunt
1606 4305 1640 4365 et

402 4428 467 4474 uno
495 4407 637 4473 alterove
666 4407 829 4492 exemplo,
856 4406 943 4492 quod
970 4407 1055 4471 forte
1082 4407 1118 4471 in
1144 4410 1298 4491 promptu
1327 4412 1407 4490 erat,
1436 4407 1640 4474 declararunt

403 4516 458 4581 sed
480 4515 722 4599 interpretando
746 4515 945 4579 miscuerunt
968 4514 1096 4578 diversa
1117 4534 1222 4597 neque
1245 4514 1291 4579 rei
1314 4514 1472 4580 rationem
1495 4516 1574 4581 satis
1594 4514 1639 4578 di-

401 4622 508 4687 lucide
530 4622 763 4707 explicuerunt.
801 4620 900 4685 Cuius
919 4621 1008 4686 modi
1027 4623 1103 4685 sunt
1121 4618 1201 4686 haec
1219 4620 1426 4707 Theognidea
1444 4619 1637 4709 (54113311.)

562 4730 732 4812 δειμαίνω,
754 4729 798 4811 μη
821 4728 920 4812 τήνδε
942 4730 1052 4811 πόλιν,
1077 4728 1287 4812 Πολυπαίδη,
1311 4727 1417 4812 ὕβρις,

607 4836 690 4920 ἥπερ
714 4833 929 4917 Κενταύρους
952 4834 1154 4918 ὠμοφάγους
1177 4836 1329 4918 ὄλεσεν,
