<?xml version="1.0" encoding="UTF-8"?>
<!DOCTYPE html PUBLIC "-//W3C//DTD XHTML 1.0 Transitional//EN"
    "http://www.w3.org/TR/xhtml1/DTD/xhtml1-transitional.dtd">
<html xmlns="http://www.w3.org/1999/xhtml" xml:lang="en" lang="en">
 <head>
  <title>
</title>
<meta http-equiv="Content-Type" content="text/html;charset=utf-8" />
  <meta name='ocr-system' content='tesseract 3.04.00' />
  <meta name='ocr-capabilities' content='ocr_page ocr_carea ocr_par ocr_line ocrx_word'/>
</head>
<body>
  <div class='ocr_page' id='page_1' title='image "./iohannisvahleni00vahlgoog/iohannisvahleni00vahlgoog_0450.png"; bbox 0 0 3967 5725; ppageno 0'>
   <div class='ocr_carea' id='block_1_1' title="bbox 365 629 1416 700">
    <p class='ocr_par' dir='ltr' id='par_1_1' title="bbox 365 629 1416 700">
     <span class='ocr_line' id='line_1_1' title="bbox 365 629 1416 700; baseline -0.004 -14"><span class='ocrx_word' id='word_1_1' title='bbox 365 629 432 695; x_wconf 72' lang='grc'><strong>456</strong></span> <span class='ocrx_word' id='word_1_2' title='bbox 568 635 639 684; x_wconf 89' lang='lat' dir='ltr'>LVI.</span> <span class='ocrx_word' id='word_1_3' title='bbox 658 634 774 684; x_wconf 85' lang='lat' dir='ltr'><strong>INDEX</strong></span> <span class='ocrx_word' id='word_1_4' title='bbox 791 634 1006 684; x_wconf 71' lang='lat' dir='ltr'>LEUFIONUM</span> <span class='ocrx_word' id='word_1_5' title='bbox 1024 633 1265 684; x_wconf 82' lang='lat' dir='ltr'><strong>HIBERNARUM</strong></span> <span class='ocrx_word' id='word_1_6' title='bbox 1284 633 1416 700; x_wconf 67' lang='lat' dir='ltr'><strong>morsos.</strong></span> 
     </span>
    </p>
   </div>
   <div class='ocr_carea' id='block_1_2' title="bbox 327 793 1662 4936">
    <p class='ocr_par' dir='ltr' id='par_1_2' title="bbox 363 793 1599 1306">
     <span class='ocr_line' id='line_1_2' title="bbox 364 793 1599 880; baseline -0.003 -20"><span class='ocrx_word' id='word_1_7' title='bbox 364 793 396 860; x_wconf 91' lang='lat' dir='ltr'><strong>Is</strong></span> <span class='ocrx_word' id='word_1_8' title='bbox 419 795 520 880; x_wconf 83' lang='lat' dir='ltr'><strong>igitur</strong></span> <span class='ocrx_word' id='word_1_9' title='bbox 542 801 608 859; x_wconf 84' lang='lat' dir='ltr'><strong>tam</strong></span> <span class='ocrx_word' id='word_1_10' title='bbox 631 793 756 879; x_wconf 84' lang='lat' dir='ltr'><strong>syllaba</strong></span> <span class='ocrx_word' id='word_1_11' title='bbox 779 795 907 860; x_wconf 87' lang='lat' dir='ltr'><strong>fortiter</strong></span> <span class='ocrx_word' id='word_1_12' title='bbox 930 794 1064 876; x_wconf 87' lang='lat' dir='ltr'><strong>abiecta,</strong></span> <span class='ocrx_word' id='word_1_13' title='bbox 1088 816 1184 877; x_wconf 90' lang='lat' dir='ltr'><strong>quam</strong></span> <span class='ocrx_word' id='word_1_14' title='bbox 1207 793 1262 858; x_wconf 89' lang='lat' dir='ltr'><strong>ille</strong></span> <span class='ocrx_word' id='word_1_15' title='bbox 1284 795 1405 858; x_wconf 89' lang='lat' dir='ltr'><strong>invitus</strong></span> <span class='ocrx_word' id='word_1_16' title='bbox 1429 793 1599 877; x_wconf 76' lang='lat' dir='ltr'><strong>tolerabat,</strong></span> 
     </span>
     <span class='ocr_line' id='line_1_3' title="bbox 366 899 1598 986; baseline -0.002 -21"><span class='ocrx_word' id='word_1_17' title='bbox 366 924 447 986; x_wconf 88' lang='lat' dir='ltr'><strong>quae</strong></span> <span class='ocrx_word' id='word_1_18' title='bbox 474 901 640 966; x_wconf 75' lang='lat' dir='ltr'><strong>restabant</strong></span> <span class='ocrx_word' id='word_1_19' title='bbox 666 903 797 967; x_wconf 69' lang='lat' dir='ltr'><strong>accita</strong></span> <span class='ocrx_word' id='word_1_20' title='bbox 823 923 935 966; x_wconf 93' lang='lat' dir='ltr'><strong>rursus</strong></span> <span class='ocrx_word' id='word_1_21' title='bbox 964 901 1075 965; x_wconf 86' lang='lat' dir='ltr'><strong>divisit</strong></span> <span class='ocrx_word' id='word_1_22' title='bbox 1102 901 1136 965; x_wconf 89' lang='lat' dir='ltr'><strong>in</strong></span> <span class='ocrx_word' id='word_1_23' title='bbox 1164 900 1241 984; x_wconf 91' lang='lat' dir='ltr'><strong>duo,</strong></span> <span class='ocrx_word' id='word_1_24' title='bbox 1268 904 1305 964; x_wconf 92' lang='lat' dir='ltr'><strong>ut</strong></span> <span class='ocrx_word' id='word_1_25' title='bbox 1332 899 1413 965; x_wconf 89' lang='lat' dir='ltr'><strong>haec</strong></span> <span class='ocrx_word' id='word_1_26' title='bbox 1435 900 1598 984; x_wconf 87' lang='lat' dir='ltr'><strong>praeclara</strong></span> 
     </span>
     <span class='ocr_line' id='line_1_4' title="bbox 363 1007 1599 1092; baseline 0 -20"><span class='ocrx_word' id='word_1_27' title='bbox 363 1008 497 1072; x_wconf 89' lang='lat' dir='ltr'><strong>haberet</strong></span> <span class='ocrx_word' id='word_1_28' title='bbox 529 1010 638 1088; x_wconf 64' lang='lat' dir='ltr'><strong>Amisi,</strong></span> <span class='ocrx_word' id='word_1_29' title='bbox 665 1010 713 1073; x_wconf 84' lang='lat' dir='ltr'><strong>itu</strong></span> <span class='ocrx_word' id='word_1_30' title='bbox 739 1009 921 1092; x_wconf 76' lang='lat' dir='ltr'><strong>Eprepiam.</strong></span> <span class='ocrx_word' id='word_1_31' title='bbox 962 1007 1057 1073; x_wconf 89' lang='lat' dir='ltr'><strong>Nihil</strong></span> <span class='ocrx_word' id='word_1_32' title='bbox 1084 1007 1219 1074; x_wconf 78' lang='lat' dir='ltr'><strong>dicimus</strong></span> <span class='ocrx_word' id='word_1_33' title='bbox 1247 1007 1286 1071; x_wconf 93' lang='lat' dir='ltr'><strong>de</strong></span> <span class='ocrx_word' id='word_1_34' title='bbox 1314 1009 1438 1071; x_wconf 89' lang='lat' dir='ltr'><strong>ratione</strong></span> <span class='ocrx_word' id='word_1_35' title='bbox 1465 1007 1599 1072; x_wconf 88' lang='lat' dir='ltr'><strong>metrica</strong></span> 
     </span>
     <span class='ocr_line' id='line_1_5' title="bbox 365 1113 1599 1200; baseline -0.002 -20"><span class='ocrx_word' id='word_1_36' title='bbox 365 1137 462 1200; x_wconf 88' lang='lat' dir='ltr'><strong>quam</strong></span> <span class='ocrx_word' id='word_1_37' title='bbox 484 1116 572 1200; x_wconf 80' lang='lat' dir='ltr'><strong>iniit3</strong></span> <span class='ocrx_word' id='word_1_38' title='bbox 596 1115 652 1180; x_wconf 93' lang='lat' dir='ltr'><strong>sed</strong></span> <span class='ocrx_word' id='word_1_39' title='bbox 676 1116 748 1200; x_wconf 91' lang='lat' dir='ltr'><strong>quis</strong></span> <span class='ocrx_word' id='word_1_40' title='bbox 770 1137 836 1180; x_wconf 91' lang='lat' dir='ltr'><strong>non</strong></span> <span class='ocrx_word' id='word_1_41' title='bbox 854 1115 944 1180; x_wconf 86' lang='lat' dir='ltr'><strong>videt</strong></span> <span class='ocrx_word' id='word_1_42' title='bbox 960 1114 1039 1179; x_wconf 88' lang='lat' dir='ltr'><strong>talia</strong></span> <span class='ocrx_word' id='word_1_43' title='bbox 1058 1120 1250 1178; x_wconf 84' lang='lat' dir='ltr'>tesserarum</span> <span class='ocrx_word' id='word_1_44' title='bbox 1269 1114 1344 1178; x_wconf 88' lang='lat' dir='ltr'><strong>lusu</strong></span> <span class='ocrx_word' id='word_1_45' title='bbox 1363 1113 1510 1200; x_wconf 85' lang='lat' dir='ltr'><strong>digniora</strong></span> <span class='ocrx_word' id='word_1_46' title='bbox 1530 1136 1599 1178; x_wconf 89' lang='lat' dir='ltr'><strong>esse</strong></span> 
     </span>
     <span class='ocr_line' id='line_1_6' title="bbox 366 1223 860 1306; baseline 0 -20"><span class='ocrx_word' id='word_1_47' title='bbox 366 1244 461 1306; x_wconf 90' lang='lat' dir='ltr'><strong>quam</strong></span> <span class='ocrx_word' id='word_1_48' title='bbox 484 1225 553 1286; x_wconf 79' lang='lat' dir='ltr'><strong>arte</strong></span> <span class='ocrx_word' id='word_1_49' title='bbox 576 1223 659 1287; x_wconf 89' lang='lat' dir='ltr'><strong>seria</strong></span> <span class='ocrx_word' id='word_1_50' title='bbox 682 1244 720 1289; x_wconf 90' lang='lat' dir='ltr'><strong>ac</strong></span> <span class='ocrx_word' id='word_1_51' title='bbox 742 1243 860 1287; x_wconf 89' lang='lat' dir='ltr'><strong>severa.</strong></span> 
     </span>
    </p>

    <p class='ocr_par' dir='ltr' id='par_1_3' title="bbox 364 1327 1602 1731">
     <span class='ocr_line' id='line_1_7' title="bbox 454 1327 1601 1414; baseline -0.001 -20"><span class='ocrx_word' id='word_1_52' title='bbox 454 1328 533 1394; x_wconf 84' lang='lat' dir='ltr'><strong>&#39;l&#39;res</strong></span> <span class='ocrx_word' id='word_1_53' title='bbox 556 1328 606 1393; x_wconf 90' lang='lat' dir='ltr'><strong>illi</strong></span> <span class='ocrx_word' id='word_1_54' title='bbox 629 1350 710 1413; x_wconf 93' lang='lat' dir='ltr'><strong>quos</strong></span> <span class='ocrx_word' id='word_1_55' title='bbox 734 1329 884 1413; x_wconf 83' lang='lat' dir='ltr'><strong>diximus,</strong></span> <span class='ocrx_word' id='word_1_56' title='bbox 906 1351 947 1392; x_wconf 92' lang='lat' dir='ltr'><strong>ne</strong></span> <span class='ocrx_word' id='word_1_57' title='bbox 970 1327 1097 1392; x_wconf 88' lang='lat' dir='ltr'><strong>abesset</strong></span> <span class='ocrx_word' id='word_1_58' title='bbox 1120 1327 1205 1411; x_wconf 94' lang='lat' dir='ltr'><strong>quod</strong></span> <span class='ocrx_word' id='word_1_59' title='bbox 1228 1331 1354 1414; x_wconf 85' lang='lat' dir='ltr'><strong>regeret</strong></span> <span class='ocrx_word' id='word_1_60' title='bbox 1372 1328 1601 1411; x_wconf 77' lang='lat' dir='ltr'><strong>accusativum,</strong></span> 
     </span>
     <span class='ocr_line' id='line_1_8' title="bbox 364 1432 1600 1518; baseline 0 -19"><span class='ocrx_word' id='word_1_61' title='bbox 364 1436 427 1501; x_wconf 89' lang='lat' dir='ltr'><strong>hoc</strong></span> <span class='ocrx_word' id='word_1_62' title='bbox 454 1457 493 1500; x_wconf 88' lang='lat' dir='ltr'><strong>ex</strong></span> <span class='ocrx_word' id='word_1_63' title='bbox 521 1438 731 1517; x_wconf 59' lang='lat' dir='ltr'><strong>maiitiam,</strong></span> <span class='ocrx_word' id='word_1_64' title='bbox 761 1435 838 1518; x_wconf 89' lang='lat' dir='ltr'><strong>quia</strong></span> <span class='ocrx_word' id='word_1_65' title='bbox 865 1435 956 1499; x_wconf 80' lang='lat' dir='ltr'><strong>verbi</strong></span> <span class='ocrx_word' id='word_1_66' title='bbox 983 1435 1142 1499; x_wconf 73' lang='lat' dir='ltr'><strong>invisendi</strong></span> <span class='ocrx_word' id='word_1_67' title='bbox 1168 1432 1220 1498; x_wconf 86' lang='lat' dir='ltr'><strong>vel</strong></span> <span class='ocrx_word' id='word_1_68' title='bbox 1247 1435 1438 1500; x_wconf 74' lang='lat' dir='ltr'><strong>mcisdcadi</strong></span> <span class='ocrx_word' id='word_1_69' title='bbox 1461 1435 1600 1518; x_wconf 88' lang='lat' dir='ltr'><strong>speciem</strong></span> 
     </span>
     <span class='ocr_line' id='line_1_9' title="bbox 366 1540 1599 1627; baseline -0.004 -18"><span class='ocrx_word' id='word_1_70' title='bbox 366 1543 480 1609; x_wconf 85' lang='lat' dir='ltr'><strong>offerre</strong></span> <span class='ocrx_word' id='word_1_71' title='bbox 498 1543 669 1627; x_wconf 83' lang='lat' dir='ltr'><strong>videretur,</strong></span> <span class='ocrx_word' id='word_1_72' title='bbox 687 1545 928 1627; x_wconf 88' lang='lat' dir='ltr'><strong>recuperarunt:</strong></span> <span class='ocrx_word' id='word_1_73' title='bbox 947 1541 1030 1606; x_wconf 87' lang='lat' dir='ltr'><strong>illud</strong></span> <span class='ocrx_word' id='word_1_74' title='bbox 1047 1563 1114 1606; x_wconf 90' lang='lat' dir='ltr'><strong>non</strong></span> <span class='ocrx_word' id='word_1_75' title='bbox 1131 1540 1290 1624; x_wconf 86' lang='lat' dir='ltr'><strong>viderunt,</strong></span> <span class='ocrx_word' id='word_1_76' title='bbox 1310 1562 1406 1624; x_wconf 89' lang='lat' dir='ltr'><strong>quam</strong></span> <span class='ocrx_word' id='word_1_77' title='bbox 1424 1541 1599 1606; x_wconf 86' lang='lat' dir='ltr'><strong>absurdum</strong></span> 
     </span>
     <span class='ocr_line' id='line_1_10' title="bbox 366 1647 1602 1731; baseline -0.002 -18"><span class='ocrx_word' id='word_1_78' title='bbox 366 1654 451 1714; x_wconf 90' lang='lat' dir='ltr'><strong>esset</strong></span> <span class='ocrx_word' id='word_1_79' title='bbox 469 1653 503 1713; x_wconf 91' lang='lat' dir='ltr'><strong>et</strong></span> <span class='ocrx_word' id='word_1_80' title='bbox 520 1647 604 1714; x_wconf 84' lang='lat' dir='ltr'><strong>haue</strong></span> <span class='ocrx_word' id='word_1_81' title='bbox 622 1650 802 1714; x_wconf 88' lang='lat' dir='ltr'><strong>orationem</strong></span> <span class='ocrx_word' id='word_1_82' title='bbox 821 1648 986 1713; x_wconf 88' lang='lat' dir='ltr'><strong>dedeceret</strong></span> <span class='ocrx_word' id='word_1_83' title='bbox 1005 1651 1110 1712; x_wconf 93' lang='lat' dir='ltr'><strong>totum</strong></span> <span class='ocrx_word' id='word_1_84' title='bbox 1129 1647 1263 1712; x_wconf 88' lang='lat' dir='ltr'><strong>verbum</strong></span> <span class='ocrx_word' id='word_1_85' title='bbox 1281 1669 1482 1731; x_wconf 87' lang='lat' dir='ltr'><strong>quacumque</strong></span> <span class='ocrx_word' id='word_1_86' title='bbox 1496 1648 1602 1712; x_wconf 88' lang='lat' dir='ltr'><strong>forma</strong></span> 
     </span>
    </p>

    <p class='ocr_par' dir='ltr' id='par_1_4' title="bbox 327 1753 1605 2801">
     <span class='ocr_line' id='line_1_11' title="bbox 327 1753 1602 1840; baseline -0.002 -19"><span class='ocrx_word' id='word_1_87' title='bbox 327 1781 353 1821; x_wconf 83' lang='lat' dir='ltr'><strong>ro</strong></span> <span class='ocrx_word' id='word_1_88' title='bbox 366 1759 548 1838; x_wconf 75' lang='lat' dir='ltr'><strong>poneretur.</strong></span> <span class='ocrx_word' id='word_1_89' title='bbox 585 1753 623 1819; x_wconf 93' lang='lat' dir='ltr'><strong>Id</strong></span> <span class='ocrx_word' id='word_1_90' title='bbox 646 1778 711 1821; x_wconf 91' lang='lat' dir='ltr'><strong>non</strong></span> <span class='ocrx_word' id='word_1_91' title='bbox 735 1755 820 1840; x_wconf 83' lang='lat' dir='ltr'><strong>sugit</strong></span> <span class='ocrx_word' id='word_1_92' title='bbox 838 1753 1062 1837; x_wconf 86' lang='lat' dir='ltr'><strong>Ribbeekium‚</strong></span> <span class='ocrx_word' id='word_1_93' title='bbox 1087 1754 1143 1838; x_wconf 93' lang='lat' dir='ltr'><strong>qui</strong></span> <span class='ocrx_word' id='word_1_94' title='bbox 1166 1776 1239 1820; x_wconf 91' lang='lat' dir='ltr'><strong>cum</strong></span> <span class='ocrx_word' id='word_1_95' title='bbox 1261 1756 1413 1819; x_wconf 89' lang='lat' dir='ltr'><strong>retineret</strong></span> <span class='ocrx_word' id='word_1_96' title='bbox 1437 1775 1473 1818; x_wconf 84' lang='lat' dir='ltr'><strong>ac</strong></span> <span class='ocrx_word' id='word_1_97' title='bbox 1496 1754 1602 1819; x_wconf 83' lang='lat' dir='ltr'><strong>defen-</strong></span> 
     </span>
     <span class='ocr_line' id='line_1_12' title="bbox 367 1861 1602 1947; baseline -0.001 -20"><span class='ocrx_word' id='word_1_98' title='bbox 367 1862 457 1928; x_wconf 87' lang='lat' dir='ltr'><strong>deret</strong></span> <span class='ocrx_word' id='word_1_99' title='bbox 478 1863 676 1927; x_wconf 65' lang='lat' dir='ltr'><strong>iwiatcturu</strong></span> <span class='ocrx_word' id='word_1_100' title='bbox 698 1864 867 1945; x_wconf 58' lang='lat' dir='ltr'><strong>acceptam,</strong></span> <span class='ocrx_word' id='word_1_101' title='bbox 891 1884 972 1946; x_wconf 88' lang='lat' dir='ltr'><strong>quae</strong></span> <span class='ocrx_word' id='word_1_102' title='bbox 997 1862 1117 1946; x_wconf 89' lang='lat' dir='ltr'><strong>optime</strong></span> <span class='ocrx_word' id='word_1_103' title='bbox 1141 1861 1420 1947; x_wconf 83' lang='lat' dir='ltr'><strong>coniungerentur,</strong></span> <span class='ocrx_word' id='word_1_104' title='bbox 1443 1863 1477 1926; x_wconf 90' lang='lat' dir='ltr'><strong>in</strong></span> <span class='ocrx_word' id='word_1_105' title='bbox 1501 1863 1602 1926; x_wconf 90' lang='lat' dir='ltr'><strong>corol-</strong></span> 
     </span>
     <span class='ocr_line' id='line_1_13' title="bbox 367 1967 1602 2055; baseline -0.002 -21"><span class='ocrx_word' id='word_1_106' title='bbox 367 1970 448 2034; x_wconf 89' lang='lat' dir='ltr'><strong>lario</strong></span> <span class='ocrx_word' id='word_1_107' title='bbox 471 1968 512 2031; x_wconf 88' lang='lat' dir='ltr'><strong>ad</strong></span> <span class='ocrx_word' id='word_1_108' title='bbox 534 1968 689 2053; x_wconf 85' lang='lat' dir='ltr'><strong>reliquias</strong></span> <span class='ocrx_word' id='word_1_109' title='bbox 713 1970 853 2055; x_wconf 82' lang='lat' dir='ltr'><strong>tragicas</strong></span> <span class='ocrx_word' id='word_1_110' title='bbox 872 1992 898 2033; x_wconf 90' lang='lat' dir='ltr'><strong>a.</strong></span> <span class='ocrx_word' id='word_1_111' title='bbox 920 1969 1005 2033; x_wconf 72' lang='lat'>1871</span> <span class='ocrx_word' id='word_1_112' title='bbox 1027 1968 1129 2033; x_wconf 90' lang='lat' dir='ltr'><strong>editas</strong></span> <span class='ocrx_word' id='word_1_113' title='bbox 1148 1991 1177 2051; x_wconf 92' lang='lat' dir='ltr'><strong>p.</strong></span> <span class='ocrx_word' id='word_1_114' title='bbox 1198 1986 1257 2031; x_wconf 77' lang='lat' dir='ltr'><strong>LV1</strong></span> <span class='ocrx_word' id='word_1_115' title='bbox 1276 1967 1315 2031; x_wconf 93' lang='lat' dir='ltr'><strong>de</strong></span> <span class='ocrx_word' id='word_1_116' title='bbox 1333 1970 1465 2033; x_wconf 73' lang='lat' dir='ltr'><strong>invisito</strong></span> <span class='ocrx_word' id='word_1_117' title='bbox 1482 1968 1534 2032; x_wconf 84' lang='lat' dir='ltr'><strong>vel</strong></span> <span class='ocrx_word' id='word_1_118' title='bbox 1552 1971 1602 2033; x_wconf 79' lang='lat' dir='ltr'><strong>io·</strong></span> 
     </span>
     <span class='ocr_line' id='line_1_14' title="bbox 366 2075 1602 2160; baseline -0.002 -18"><span class='ocrx_word' id='word_1_119' title='bbox 366 2078 457 2142; x_wconf 66' lang='lat' dir='ltr'><strong>orbito</strong></span> <span class='ocrx_word' id='word_1_120' title='bbox 485 2076 548 2140; x_wconf 88' lang='lat' dir='ltr'><strong>hoe</strong></span> <span class='ocrx_word' id='word_1_121' title='bbox 575 2076 753 2140; x_wconf 80' lang='lat' dir='ltr'><strong>admonuit:</strong></span> <span class='ocrx_word' id='word_1_122' title='bbox 784 2077 903 2160; x_wconf 87' lang='lat' dir='ltr'><strong>‘neque</strong></span> <span class='ocrx_word' id='word_1_123' title='bbox 931 2075 971 2140; x_wconf 91' lang='lat' dir='ltr'><strong>ad</strong></span> <span class='ocrx_word' id='word_1_124' title='bbox 1001 2075 1144 2140; x_wconf 88' lang='lat' dir='ltr'><strong>subitum</strong></span> <span class='ocrx_word' id='word_1_125' title='bbox 1170 2096 1207 2139; x_wconf 89' lang='lat' dir='ltr'><strong>ac</strong></span> <span class='ocrx_word' id='word_1_126' title='bbox 1230 2076 1370 2159; x_wconf 90' lang='lat' dir='ltr'><strong>primum</strong></span> <span class='ocrx_word' id='word_1_127' title='bbox 1396 2080 1602 2160; x_wconf 85' lang='lat' dir='ltr'><strong>conspectum</strong></span> 
     </span>
     <span class='ocr_line' id='line_1_15' title="bbox 369 2181 1602 2269; baseline 0 -21"><span class='ocrx_word' id='word_1_128' title='bbox 369 2183 505 2269; x_wconf 86' lang='lat' dir='ltr'><strong>quadrat</strong></span> <span class='ocrx_word' id='word_1_129' title='bbox 527 2183 661 2247; x_wconf 86' lang='lat' dir='ltr'><strong>verbum</strong></span> <span class='ocrx_word' id='word_1_130' title='bbox 684 2183 956 2266; x_wconf 85' lang='lat' dir='ltr'><strong>frequentativum</strong></span> <span class='ocrx_word' id='word_1_131' title='bbox 978 2204 1084 2266; x_wconf 90' lang='lat' dir='ltr'><strong>neque</strong></span> <span class='ocrx_word' id='word_1_132' title='bbox 1107 2181 1338 2248; x_wconf 81' lang='lat' dir='ltr'><strong>exclamatione</strong></span> <span class='ocrx_word' id='word_1_133' title='bbox 1351 2203 1413 2263; x_wconf 78' lang='lat' dir='ltr'><strong>pro</strong></span> <span class='ocrx_word' id='word_1_134' title='bbox 1432 2183 1467 2246; x_wconf 84' lang='lat' dir='ltr'><strong>di</strong></span> <span class='ocrx_word' id='word_1_135' title='bbox 1484 2184 1602 2248; x_wconf 74' lang='lat' dir='ltr'><strong>inmor-</strong></span> 
     </span>
     <span class='ocr_line' id='line_1_16' title="bbox 368 2288 1603 2373; baseline -0.002 -18"><span class='ocrx_word' id='word_1_136' title='bbox 368 2291 446 2356; x_wconf 79' lang='lat' dir='ltr'><strong>tales</strong></span> <span class='ocrx_word' id='word_1_137' title='bbox 472 2290 609 2354; x_wconf 88' lang='lat' dir='ltr'><strong>alterum</strong></span> <span class='ocrx_word' id='word_1_138' title='bbox 638 2290 814 2354; x_wconf 88' lang='lat' dir='ltr'><strong>excitamus</strong></span> <span class='ocrx_word' id='word_1_139' title='bbox 839 2293 877 2354; x_wconf 92' lang='lat' dir='ltr'><strong>ut</strong></span> <span class='ocrx_word' id='word_1_140' title='bbox 900 2290 1011 2354; x_wconf 90' lang='lat' dir='ltr'><strong>oculos</strong></span> <span class='ocrx_word' id='word_1_141' title='bbox 1034 2292 1069 2354; x_wconf 92' lang='lat' dir='ltr'><strong>in</strong></span> <span class='ocrx_word' id='word_1_142' title='bbox 1092 2288 1215 2373; x_wconf 88' lang='lat' dir='ltr'><strong>aliquid</strong></span> <span class='ocrx_word' id='word_1_143' title='bbox 1238 2288 1405 2352; x_wconf 66' lang='lat' dir='ltr'><strong>intendat!</strong></span> <span class='ocrx_word' id='word_1_144' title='bbox 1444 2289 1603 2354; x_wconf 88' lang='lat' dir='ltr'><strong>Addimus</strong></span> 
     </span>
     <span class='ocr_line' id='line_1_17' title="bbox 370 2395 1603 2480; baseline -0.002 -18"><span class='ocrx_word' id='word_1_145' title='bbox 370 2398 431 2463; x_wconf 91' lang='lat' dir='ltr'><strong>hoc</strong></span> <span class='ocrx_word' id='word_1_146' title='bbox 454 2397 538 2462; x_wconf 91' lang='lat' dir='ltr'><strong>idem</strong></span> <span class='ocrx_word' id='word_1_147' title='bbox 558 2396 668 2461; x_wconf 87' lang='lat' dir='ltr'><strong>cadere</strong></span> <span class='ocrx_word' id='word_1_148' title='bbox 687 2397 720 2459; x_wconf 90' lang='lat' dir='ltr'><strong>in</strong></span> <span class='ocrx_word' id='word_1_149' title='bbox 738 2399 837 2461; x_wconf 78' lang='lat' dir='ltr'><strong>invisi</strong></span> <span class='ocrx_word' id='word_1_150' title='bbox 854 2397 1014 2460; x_wconf 88' lang='lat' dir='ltr'><strong>narrantis</strong></span> <span class='ocrx_word' id='word_1_151' title='bbox 1033 2395 1181 2480; x_wconf 88' lang='lat' dir='ltr'><strong>formam,</strong></span> <span class='ocrx_word' id='word_1_152' title='bbox 1204 2417 1277 2460; x_wconf 89' lang='lat' dir='ltr'><strong>eum</strong></span> <span class='ocrx_word' id='word_1_153' title='bbox 1296 2396 1353 2462; x_wconf 90' lang='lat' dir='ltr'><strong>illa</strong></span> <span class='ocrx_word' id='word_1_154' title='bbox 1372 2395 1603 2460; x_wconf 86' lang='lat' dir='ltr'><strong>exclamatione</strong></span> 
     </span>
     <span class='ocr_line' id='line_1_18' title="bbox 369 2491 1604 2588; baseline -0.002 -19"><span class='ocrx_word' id='word_1_155' title='bbox 369 2527 436 2569; x_wconf 92' lang='lat' dir='ltr'><strong>non</strong></span> <span class='ocrx_word' id='word_1_156' title='bbox 465 2505 579 2568; x_wconf 90' lang='lat' dir='ltr'><strong>melius</strong></span> <span class='ocrx_word' id='word_1_157' title='bbox 602 2507 840 2588; x_wconf 79' lang='lat' dir='ltr'><strong>congruentem.</strong></span> <span class='ocrx_word' id='word_1_158' title='bbox 878 2491 941 2568; x_wconf 81' lang='lat' dir='ltr'><strong>Sed</strong></span> <span class='ocrx_word' id='word_1_159' title='bbox 963 2507 1072 2567; x_wconf 90' lang='lat' dir='ltr'><strong>tamen</strong></span> <span class='ocrx_word' id='word_1_160' title='bbox 1094 2502 1306 2586; x_wconf 86' lang='lat' dir='ltr'><strong>Ribbeckius,</strong></span> <span class='ocrx_word' id='word_1_161' title='bbox 1334 2523 1407 2567; x_wconf 92' lang='lat' dir='ltr'><strong>cum</strong></span> <span class='ocrx_word' id='word_1_162' title='bbox 1429 2502 1604 2567; x_wconf 85' lang='lat' dir='ltr'><strong>inhaere</strong></span> 
     </span>
     <span class='ocr_line' id='line_1_19' title="bbox 370 2609 1604 2695; baseline -0.001 -19"><span class='ocrx_word' id='word_1_163' title='bbox 370 2615 456 2676; x_wconf 92' lang='lat' dir='ltr'><strong>recte</strong></span> <span class='ocrx_word' id='word_1_164' title='bbox 478 2609 658 2692; x_wconf 89' lang='lat' dir='ltr'><strong>iudicasset,</strong></span> <span class='ocrx_word' id='word_1_165' title='bbox 681 2610 716 2673; x_wconf 89' lang='lat' dir='ltr'><strong>in</strong></span> <span class='ocrx_word' id='word_1_166' title='bbox 738 2610 839 2672; x_wconf 88' lang='lat' dir='ltr'><strong>altera</strong></span> <span class='ocrx_word' id='word_1_167' title='bbox 862 2610 980 2673; x_wconf 87' lang='lat' dir='ltr'><strong>erravit</strong></span> <span class='ocrx_word' id='word_1_168' title='bbox 1004 2632 1076 2674; x_wconf 87' lang='lat' dir='ltr'><strong>cum</strong></span> <span class='ocrx_word' id='word_1_169' title='bbox 1099 2609 1210 2695; x_wconf 82' lang='lat' dir='ltr'><strong>vulgo:</strong></span> <span class='ocrx_word' id='word_1_170' title='bbox 1234 2609 1376 2693; x_wconf 86' lang='lat' dir='ltr'><strong>perstitit</strong></span> <span class='ocrx_word' id='word_1_171' title='bbox 1399 2609 1483 2674; x_wconf 91' lang='lat' dir='ltr'><strong>enim</strong></span> <span class='ocrx_word' id='word_1_172' title='bbox 1508 2609 1541 2673; x_wconf 88' lang='lat' dir='ltr'><strong>in</strong></span> <span class='ocrx_word' id='word_1_173' title='bbox 1565 2631 1604 2675; x_wconf 91' lang='lat' dir='ltr'><strong>eo</strong></span> 
     </span>
     <span class='ocr_line' id='line_1_20' title="bbox 370 2715 1605 2801; baseline -0.003 -18"><span class='ocrx_word' id='word_1_174' title='bbox 370 2721 409 2783; x_wconf 92' lang='lat' dir='ltr'><strong>ut</strong></span> <span class='ocrx_word' id='word_1_175' title='bbox 430 2718 564 2782; x_wconf 89' lang='lat' dir='ltr'><strong>verbum</strong></span> <span class='ocrx_word' id='word_1_176' title='bbox 587 2715 757 2780; x_wconf 85' lang='lat' dir='ltr'><strong>desiderari</strong></span> <span class='ocrx_word' id='word_1_177' title='bbox 783 2715 911 2800; x_wconf 87' lang='lat' dir='ltr'><strong>diceret,</strong></span> <span class='ocrx_word' id='word_1_178' title='bbox 934 2738 998 2799; x_wconf 92' lang='lat' dir='ltr'><strong>quo</strong></span> <span class='ocrx_word' id='word_1_179' title='bbox 1023 2716 1131 2780; x_wconf 88' lang='lat' dir='ltr'><strong>addito</strong></span> <span class='ocrx_word' id='word_1_180' title='bbox 1156 2720 1327 2801; x_wconf 90' lang='lat' dir='ltr'><strong>utrumque</strong></span> <span class='ocrx_word' id='word_1_181' title='bbox 1347 2717 1474 2800; x_wconf 89' lang='lat' dir='ltr'><strong>assequi</strong></span> <span class='ocrx_word' id='word_1_182' title='bbox 1491 2716 1605 2799; x_wconf 87' lang='lat' dir='ltr'><strong>voluit,</strong></span> 
     </span>
    </p>

    <p class='ocr_par' dir='ltr' id='par_1_5' title="bbox 331 2822 1605 3230">
     <span class='ocr_line' id='line_1_21' title="bbox 331 2822 1604 2908; baseline -0.005 -13"><span class='ocrx_word' id='word_1_183' title='bbox 331 2853 358 2896; x_wconf 79' lang='lat' dir='ltr'><strong>so</strong></span> <span class='ocrx_word' id='word_1_184' title='bbox 372 2830 409 2891; x_wconf 90' lang='lat' dir='ltr'><strong>ut</strong></span> <span class='ocrx_word' id='word_1_185' title='bbox 440 2829 473 2890; x_wconf 89' lang='lat' dir='ltr'><strong>et</strong></span> <span class='ocrx_word' id='word_1_186' title='bbox 505 2823 659 2889; x_wconf 89' lang='lat' dir='ltr'><strong>orationis</strong></span> <span class='ocrx_word' id='word_1_187' title='bbox 693 2825 854 2888; x_wconf 85' lang='lat' dir='ltr'><strong>structura</strong></span> <span class='ocrx_word' id='word_1_188' title='bbox 879 2844 921 2887; x_wconf 90' lang='lat' dir='ltr'><strong>ne</strong></span> <span class='ocrx_word' id='word_1_189' title='bbox 947 2822 1072 2888; x_wconf 90' lang='lat' dir='ltr'><strong>labaret</strong></span> <span class='ocrx_word' id='word_1_190' title='bbox 1099 2827 1132 2888; x_wconf 94' lang='lat' dir='ltr'><strong>et</strong></span> <span class='ocrx_word' id='word_1_191' title='bbox 1158 2823 1335 2908; x_wconf 90' lang='lat' dir='ltr'><strong>probabilis</strong></span> <span class='ocrx_word' id='word_1_192' title='bbox 1363 2845 1473 2889; x_wconf 89' lang='lat' dir='ltr'><strong>versus</strong></span> <span class='ocrx_word' id='word_1_193' title='bbox 1500 2824 1604 2889; x_wconf 89' lang='lat' dir='ltr'><strong>forma</strong></span> 
     </span>
     <span class='ocr_line' id='line_1_22' title="bbox 373 2930 1605 3019; baseline -0.002 -22"><span class='ocrx_word' id='word_1_194' title='bbox 373 2932 481 2998; x_wconf 88' lang='lat' dir='ltr'><strong>exiret.</strong></span> <span class='ocrx_word' id='word_1_195' title='bbox 518 2930 555 2995; x_wconf 89' lang='lat' dir='ltr'><strong>In</strong></span> <span class='ocrx_word' id='word_1_196' title='bbox 579 2952 682 3014; x_wconf 91' lang='lat' dir='ltr'><strong>eoque</strong></span> <span class='ocrx_word' id='word_1_197' title='bbox 700 2930 834 2996; x_wconf 85' lang='lat' dir='ltr'><strong>consilio</strong></span> <span class='ocrx_word' id='word_1_198' title='bbox 854 2931 976 3019; x_wconf 85' lang='lat' dir='ltr'><strong>duplici</strong></span> <span class='ocrx_word' id='word_1_199' title='bbox 994 2931 1118 2995; x_wconf 82' lang='lat' dir='ltr'><strong>faciunt</strong></span> <span class='ocrx_word' id='word_1_200' title='bbox 1137 2954 1210 2997; x_wconf 92' lang='lat' dir='ltr'><strong>cum</strong></span> <span class='ocrx_word' id='word_1_201' title='bbox 1230 2930 1287 2995; x_wconf 93' lang='lat' dir='ltr'><strong>illo</strong></span> <span class='ocrx_word' id='word_1_202' title='bbox 1308 2933 1413 3015; x_wconf 90' lang='lat' dir='ltr'><strong>ceteri,</strong></span> <span class='ocrx_word' id='word_1_203' title='bbox 1435 2931 1499 2995; x_wconf 87' lang='lat' dir='ltr'><strong>nisi</strong></span> <span class='ocrx_word' id='word_1_204' title='bbox 1518 2930 1605 3016; x_wconf 92' lang='lat' dir='ltr'><strong>quod</strong></span> 
     </span>
     <span class='ocr_line' id='line_1_23' title="bbox 372 3036 1604 3123; baseline -0.002 -18"><span class='ocrx_word' id='word_1_205' title='bbox 372 3038 526 3112; x_wconf 86' lang='lat' dir='ltr'><strong>mutando</strong></span> <span class='ocrx_word' id='word_1_206' title='bbox 546 3061 584 3104; x_wconf 91' lang='lat' dir='ltr'><strong>ex</strong></span> <span class='ocrx_word' id='word_1_207' title='bbox 603 3039 799 3103; x_wconf 73' lang='lat' dir='ltr'><strong>invisitatum</strong></span> <span class='ocrx_word' id='word_1_208' title='bbox 818 3039 903 3104; x_wconf 85' lang='lat' dir='ltr'><strong>effici</strong></span> <span class='ocrx_word' id='word_1_209' title='bbox 920 3038 1101 3122; x_wconf 87' lang='lat' dir='ltr'><strong>voluerunt,</strong></span> <span class='ocrx_word' id='word_1_210' title='bbox 1121 3038 1208 3123; x_wconf 92' lang='lat' dir='ltr'><strong>quod</strong></span> <span class='ocrx_word' id='word_1_211' title='bbox 1227 3036 1425 3103; x_wconf 84' lang='lat' dir='ltr'><strong>Ribbeckius</strong></span> <span class='ocrx_word' id='word_1_212' title='bbox 1444 3038 1604 3102; x_wconf 88' lang='lat' dir='ltr'><strong>addendo:</strong></span> 
     </span>
     <span class='ocr_line' id='line_1_24' title="bbox 373 3144 1359 3230; baseline -0.003 -19"><span class='ocrx_word' id='word_1_213' title='bbox 373 3147 429 3230; x_wconf 92' lang='lat' dir='ltr'><strong>qui</strong></span> <span class='ocrx_word' id='word_1_214' title='bbox 452 3145 532 3211; x_wconf 90' lang='lat' dir='ltr'><strong>haec</strong></span> <span class='ocrx_word' id='word_1_215' title='bbox 554 3146 676 3228; x_wconf 89' lang='lat' dir='ltr'><strong>scribit,</strong></span> <span class='ocrx_word' id='word_1_216' title='bbox 698 3150 735 3210; x_wconf 89' lang='lat' dir='ltr'><strong>ut</strong></span> <span class='ocrx_word' id='word_1_217' title='bbox 758 3145 912 3210; x_wconf 85' lang='lat' dir='ltr'><strong>addamus</strong></span> <span class='ocrx_word' id='word_1_218' title='bbox 936 3146 1023 3229; x_wconf 93' lang='lat' dir='ltr'><strong>quod</strong></span> <span class='ocrx_word' id='word_1_219' title='bbox 1046 3144 1120 3209; x_wconf 89' lang='lat' dir='ltr'><strong>addi</strong></span> <span class='ocrx_word' id='word_1_220' title='bbox 1143 3166 1238 3230; x_wconf 88' lang='lat' dir='ltr'><strong>posse</strong></span> <span class='ocrx_word' id='word_1_221' title='bbox 1263 3145 1359 3227; x_wconf 82' lang='lat' dir='ltr'><strong>dixit,</strong></span> 
     </span>
    </p>

    <p class='ocr_par' dir='ltr' id='par_1_6' title="bbox 373 3252 1605 3551">
     <span class='ocr_line' id='line_1_25' title="bbox 506 3252 1493 3337; baseline -0.001 -20"><span class='ocrx_word' id='word_1_222' title='bbox 506 3303 593 3318; x_wconf 89' lang='lat'><strong>....</strong></span> <span class='ocrx_word' id='word_1_223' title='bbox 613 3274 673 3335; x_wconf 84' lang='lat' dir='ltr'><strong>pro</strong></span> <span class='ocrx_word' id='word_1_224' title='bbox 696 3253 731 3317; x_wconf 86' lang='lat' dir='ltr'><strong>di</strong></span> <span class='ocrx_word' id='word_1_225' title='bbox 754 3254 956 3318; x_wconf 78' lang='lat' dir='ltr'><strong>inmortales!</strong></span> <span class='ocrx_word' id='word_1_226' title='bbox 978 3254 1107 3335; x_wconf 71' lang='lat' dir='ltr'><strong>spetiem</strong></span> <span class='ocrx_word' id='word_1_227' title='bbox 1130 3252 1304 3317; x_wconf 78' lang='lat' dir='ltr'><strong>baioariam</strong></span> <span class='ocrx_word' id='word_1_228' title='bbox 1327 3252 1493 3337; x_wconf 79' lang='lat' dir='ltr'><strong>[eiataor]</strong></span> 
     </span>
     <span class='ocr_line' id='line_1_26' title="bbox 506 3358 1497 3442; baseline -0.002 -17"><span class='ocrx_word' id='word_1_229' title='bbox 506 3361 710 3425; x_wconf 69' lang='lat' dir='ltr'><strong>[orbitatem</strong></span> <span class='ocrx_word' id='word_1_230' title='bbox 733 3361 899 3442; x_wconf 56' lang='lat' dir='ltr'><strong>apretiata,</strong></span> <span class='ocrx_word' id='word_1_231' title='bbox 922 3361 1090 3442; x_wconf 65' lang='lat' dir='ltr'><strong>iudiearem</strong></span> <span class='ocrx_word' id='word_1_232' title='bbox 1113 3358 1200 3424; x_wconf 80' lang='lat' dir='ltr'><strong>ridde</strong></span> <span class='ocrx_word' id='word_1_233' title='bbox 1222 3366 1250 3424; x_wconf 83' lang='lat' dir='ltr'><strong>ei</strong></span> <span class='ocrx_word' id='word_1_234' title='bbox 1272 3359 1497 3441; x_wconf 78' lang='lat' dir='ltr'><strong>squaliiridiue,</strong></span> 
     </span>
     <span class='ocr_line' id='line_1_27' title="bbox 373 3465 1605 3551; baseline -0.002 -19"><span class='ocrx_word' id='word_1_235' title='bbox 373 3467 585 3551; x_wconf 89' lang='lat' dir='ltr'><strong>similiterque</strong></span> <span class='ocrx_word' id='word_1_236' title='bbox 608 3465 820 3542; x_wconf 77' lang='lat' dir='ltr'><strong>Quicheratus</strong></span> <span class='ocrx_word' id='word_1_237' title='bbox 844 3466 944 3531; x_wconf 91' lang='lat' dir='ltr'><strong>edidit</strong></span> <span class='ocrx_word' id='word_1_238' title='bbox 966 3467 1029 3531; x_wconf 90' lang='lat' dir='ltr'><strong>nisi</strong></span> <span class='ocrx_word' id='word_1_239' title='bbox 1054 3468 1138 3549; x_wconf 91' lang='lat' dir='ltr'><strong>quod</strong></span> <span class='ocrx_word' id='word_1_240' title='bbox 1162 3468 1349 3533; x_wconf 78' lang='lat' dir='ltr'><strong>ioasitotom</strong></span> <span class='ocrx_word' id='word_1_241' title='bbox 1373 3466 1512 3531; x_wconf 81' lang='lat' dir='ltr'><strong>servavit</strong></span> <span class='ocrx_word' id='word_1_242' title='bbox 1531 3488 1605 3530; x_wconf 91' lang='lat' dir='ltr'><strong>cum</strong></span> 
     </span>
    </p>

    <p class='ocr_par' dir='ltr' id='par_1_7' title="bbox 372 3574 473 3638">
     <span class='ocr_line' id='line_1_28' title="bbox 372 3574 473 3638; baseline -0.01 0"><span class='ocrx_word' id='word_1_243' title='bbox 372 3574 473 3638; x_wconf 87' lang='lat' dir='ltr'><strong>libris.</strong></span> 
     </span>
    </p>

    <p class='ocr_par' dir='ltr' id='par_1_8' title="bbox 332 3680 1662 4407">
     <span class='ocr_line' id='line_1_29' title="bbox 461 3680 1605 3767; baseline -0.002 -22"><span class='ocrx_word' id='word_1_244' title='bbox 461 3680 561 3767; x_wconf 79' lang='lat' dir='ltr'><strong>Ergo,</strong></span> <span class='ocrx_word' id='word_1_245' title='bbox 584 3680 670 3763; x_wconf 91' lang='lat' dir='ltr'><strong>quod</strong></span> <span class='ocrx_word' id='word_1_246' title='bbox 694 3680 888 3764; x_wconf 89' lang='lat' dir='ltr'><strong>principium</strong></span> <span class='ocrx_word' id='word_1_247' title='bbox 912 3680 975 3744; x_wconf 88' lang='lat' dir='ltr'><strong>fuit</strong></span> <span class='ocrx_word' id='word_1_248' title='bbox 992 3680 1108 3745; x_wconf 92' lang='lat' dir='ltr'><strong>horum</strong></span> <span class='ocrx_word' id='word_1_249' title='bbox 1128 3702 1282 3763; x_wconf 90' lang='lat' dir='ltr'><strong>errorum,</strong></span> <span class='ocrx_word' id='word_1_250' title='bbox 1304 3702 1398 3745; x_wconf 88' lang='lat' dir='ltr'><strong>nemo</strong></span> <span class='ocrx_word' id='word_1_251' title='bbox 1419 3681 1605 3746; x_wconf 86' lang='lat' dir='ltr'><strong>criticorum</strong></span> 
     </span>
     <span class='ocr_line' id='line_1_30' title="bbox 372 3788 1620 3873; baseline -0.002 -20"><span class='ocrx_word' id='word_1_252' title='bbox 372 3788 469 3853; x_wconf 86' lang='lat' dir='ltr'><strong>huius</strong></span> <span class='ocrx_word' id='word_1_253' title='bbox 497 3788 651 3854; x_wconf 87' lang='lat' dir='ltr'><strong>orationis</strong></span> <span class='ocrx_word' id='word_1_254' title='bbox 679 3788 909 3873; x_wconf 88' lang='lat' dir='ltr'><strong>proprietatem</strong></span> <span class='ocrx_word' id='word_1_255' title='bbox 936 3788 1116 3871; x_wconf 86' lang='lat' dir='ltr'><strong>perspexit,</strong></span> <span class='ocrx_word' id='word_1_256' title='bbox 1146 3808 1227 3871; x_wconf 91' lang='lat' dir='ltr'><strong>quae</strong></span> <span class='ocrx_word' id='word_1_257' title='bbox 1253 3808 1317 3851; x_wconf 90' lang='lat' dir='ltr'><strong>non</strong></span> <span class='ocrx_word' id='word_1_258' title='bbox 1342 3788 1448 3852; x_wconf 89' lang='lat' dir='ltr'><strong>solum</strong></span> <span class='ocrx_word' id='word_1_259' title='bbox 1471 3809 1536 3852; x_wconf 92' lang='lat' dir='ltr'><strong>non</strong></span> <span class='ocrx_word' id='word_1_260' title='bbox 1559 3809 1620 3851; x_wconf 46' lang='lat' dir='ltr'><strong>reu</strong></span> 
     </span>
     <span class='ocr_line' id='line_1_31' title="bbox 332 3893 1662 3980; baseline 0 -19"><span class='ocrx_word' id='word_1_261' title='bbox 332 3920 359 3961; x_wconf 81' lang='lat' dir='ltr'><strong>so</strong></span> <span class='ocrx_word' id='word_1_262' title='bbox 373 3894 475 3980; x_wconf 91' lang='lat' dir='ltr'><strong>quirit</strong></span> <span class='ocrx_word' id='word_1_263' title='bbox 496 3895 628 3960; x_wconf 89' lang='lat' dir='ltr'><strong>verbum</strong></span> <span class='ocrx_word' id='word_1_264' title='bbox 650 3894 705 3959; x_wconf 90' lang='lat' dir='ltr'><strong>sed</strong></span> <span class='ocrx_word' id='word_1_265' title='bbox 724 3899 818 3959; x_wconf 87' lang='lat' dir='ltr'><strong>aucta</strong></span> <span class='ocrx_word' id='word_1_266' title='bbox 836 3895 934 3958; x_wconf 84' lang='lat' dir='ltr'><strong>verbo</strong></span> <span class='ocrx_word' id='word_1_267' title='bbox 954 3894 1093 3958; x_wconf 87' lang='lat' dir='ltr'><strong>deterior</strong></span> <span class='ocrx_word' id='word_1_268' title='bbox 1111 3894 1226 3958; x_wconf 87' lang='lat' dir='ltr'><strong>evadit.</strong></span> <span class='ocrx_word' id='word_1_269' title='bbox 1263 3893 1502 3959; x_wconf 80' lang='lat' dir='ltr'><strong>Exclamationi</strong></span> <span class='ocrx_word' id='word_1_270' title='bbox 1520 3894 1603 3959; x_wconf 87' lang='lat' dir='ltr'><strong>enim</strong></span> <span class='ocrx_word' id='word_1_271' title='bbox 1621 3906 1662 3961; x_wconf 82' lang='lat'><strong>10</strong></span> 
     </span>
     <span class='ocr_line' id='line_1_32' title="bbox 374 4000 1606 4087; baseline -0.001 -21"><span class='ocrx_word' id='word_1_272' title='bbox 374 4002 591 4068; x_wconf 83' lang='lat' dir='ltr'><strong>accusativum</strong></span> <span class='ocrx_word' id='word_1_273' title='bbox 614 4002 756 4066; x_wconf 91' lang='lat' dir='ltr'><strong>nominis</strong></span> <span class='ocrx_word' id='word_1_274' title='bbox 780 4026 799 4065; x_wconf 90' lang='lat' dir='ltr'><strong>a</strong></span> <span class='ocrx_word' id='word_1_275' title='bbox 821 4001 910 4065; x_wconf 92' lang='lat' dir='ltr'><strong>nullo</strong></span> <span class='ocrx_word' id='word_1_276' title='bbox 929 4000 1028 4064; x_wconf 85' lang='lat' dir='ltr'><strong>verbo</strong></span> <span class='ocrx_word' id='word_1_277' title='bbox 1047 4000 1239 4084; x_wconf 91' lang='lat' dir='ltr'><strong>pendentem</strong></span> <span class='ocrx_word' id='word_1_278' title='bbox 1258 4001 1409 4087; x_wconf 85' lang='lat' dir='ltr'><strong>subiungi</strong></span> <span class='ocrx_word' id='word_1_279' title='bbox 1428 4000 1606 4086; x_wconf 86' lang='lat' dir='ltr'><strong>frequentis</strong></span> 
     </span>
     <span class='ocr_line' id='line_1_33' title="bbox 374 4107 1607 4192; baseline -0.002 -19"><span class='ocrx_word' id='word_1_280' title='bbox 374 4112 424 4173; x_wconf 92' lang='lat' dir='ltr'><strong>est</strong></span> <span class='ocrx_word' id='word_1_281' title='bbox 446 4130 537 4192; x_wconf 76' lang='lat' dir='ltr'><strong>usuS,</strong></span> <span class='ocrx_word' id='word_1_282' title='bbox 563 4129 658 4192; x_wconf 92' lang='lat' dir='ltr'><strong>quem</strong></span> <span class='ocrx_word' id='word_1_283' title='bbox 681 4108 825 4172; x_wconf 83' lang='lat' dir='ltr'><strong>videmus</strong></span> <span class='ocrx_word' id='word_1_284' title='bbox 848 4130 935 4172; x_wconf 93' lang='lat' dir='ltr'><strong>nunc</strong></span> <span class='ocrx_word' id='word_1_285' title='bbox 958 4107 1162 4173; x_wconf 89' lang='lat' dir='ltr'><strong>doctissimos</strong></span> <span class='ocrx_word' id='word_1_286' title='bbox 1185 4108 1272 4172; x_wconf 82' lang='lat' dir='ltr'><strong>viros</strong></span> <span class='ocrx_word' id='word_1_287' title='bbox 1297 4107 1487 4172; x_wconf 88' lang='lat' dir='ltr'><strong>conficiendi</strong></span> <span class='ocrx_word' id='word_1_288' title='bbox 1510 4108 1607 4173; x_wconf 83' lang='lat' dir='ltr'><strong>versi·</strong></span> 
     </span>
     <span class='ocr_line' id='line_1_34' title="bbox 376 4212 1606 4300; baseline -0.002 -19"><span class='ocrx_word' id='word_1_289' title='bbox 376 4214 440 4281; x_wconf 88' lang='lat' dir='ltr'><strong>culi</strong></span> <span class='ocrx_word' id='word_1_290' title='bbox 464 4237 540 4281; x_wconf 89' lang='lat' dir='ltr'><strong>cura</strong></span> <span class='ocrx_word' id='word_1_291' title='bbox 559 4219 731 4299; x_wconf 88' lang='lat' dir='ltr'><strong>occupatos</strong></span> <span class='ocrx_word' id='word_1_292' title='bbox 751 4218 783 4278; x_wconf 91' lang='lat' dir='ltr'><strong>et</strong></span> <span class='ocrx_word' id='word_1_293' title='bbox 802 4218 985 4278; x_wconf 88' lang='lat' dir='ltr'><strong>occaecatos</strong></span> <span class='ocrx_word' id='word_1_294' title='bbox 1003 4212 1166 4300; x_wconf 82' lang='lat' dir='ltr'><strong>negligere</strong></span> <span class='ocrx_word' id='word_1_295' title='bbox 1186 4217 1218 4277; x_wconf 91' lang='lat' dir='ltr'><strong>et</strong></span> <span class='ocrx_word' id='word_1_296' title='bbox 1237 4213 1392 4279; x_wconf 87' lang='lat' dir='ltr'><strong>oblivisci.</strong></span> <span class='ocrx_word' id='word_1_297' title='bbox 1433 4212 1517 4279; x_wconf 85' lang='lat' dir='ltr'><strong>Satis</strong></span> <span class='ocrx_word' id='word_1_298' title='bbox 1537 4217 1606 4279; x_wconf 91' lang='lat' dir='ltr'><strong>esto</strong></span> 
     </span>
     <span class='ocr_line' id='line_1_35' title="bbox 375 4319 1606 4407; baseline -0.002 -22"><span class='ocrx_word' id='word_1_299' title='bbox 375 4343 476 4406; x_wconf 88' lang='lat' dir='ltr'><strong>pauca</strong></span> <span class='ocrx_word' id='word_1_300' title='bbox 502 4322 648 4407; x_wconf 89' lang='lat' dir='ltr'><strong>exempla</strong></span> <span class='ocrx_word' id='word_1_301' title='bbox 670 4322 824 4386; x_wconf 87' lang='lat' dir='ltr'><strong>attulisse.</strong></span> <span class='ocrx_word' id='word_1_302' title='bbox 862 4321 976 4403; x_wconf 88' lang='lat' dir='ltr'><strong>ltaque</strong></span> <span class='ocrx_word' id='word_1_303' title='bbox 999 4320 1118 4386; x_wconf 83' lang='lat' dir='ltr'><strong>Accius</strong></span> <span class='ocrx_word' id='word_1_304' title='bbox 1141 4321 1211 4405; x_wconf 89' lang='lat' dir='ltr'><strong>ipse</strong></span> <span class='ocrx_word' id='word_1_305' title='bbox 1234 4320 1280 4385; x_wconf 89' lang='lat' dir='ltr'><strong>ait</strong></span> <span class='ocrx_word' id='word_1_306' title='bbox 1304 4319 1521 4404; x_wconf 87' lang='lat' dir='ltr'><strong>Alphesiboea</strong></span> <span class='ocrx_word' id='word_1_307' title='bbox 1544 4339 1606 4385; x_wconf 82' lang='lat' dir='ltr'><strong>vin</strong></span> 
     </span>
    </p>

    <p class='ocr_par' dir='ltr' id='par_1_9' title="bbox 512 4427 1079 4511">
     <span class='ocr_line' id='line_1_36' title="bbox 512 4427 1079 4511; baseline -0.004 -17"><span class='ocrx_word' id='word_1_308' title='bbox 512 4427 539 4494; x_wconf 89' lang='lat'><strong><em>0</em></strong></span> <span class='ocrx_word' id='word_1_309' title='bbox 561 4430 668 4494; x_wconf 67' lang='lat' dir='ltr'><strong>duam</strong></span> <span class='ocrx_word' id='word_1_310' title='bbox 690 4429 922 4511; x_wconf 73' lang='lat' dir='ltr'><strong>hostificumqac</strong></span> <span class='ocrx_word' id='word_1_311' title='bbox 944 4428 1038 4507; x_wconf 83' lang='lat' dir='ltr'><strong>diem,</strong></span> <span class='ocrx_word' id='word_1_312' title='bbox 1063 4448 1079 4492; x_wconf 89' lang='lat' dir='ltr'><strong>o</strong></span> 
     </span>
    </p>

    <p class='ocr_par' dir='ltr' id='par_1_10' title="bbox 375 4534 1199 4727">
     <span class='ocr_line' id='line_1_37' title="bbox 514 4534 1199 4618; baseline -0.003 -17"><span class='ocrx_word' id='word_1_313' title='bbox 514 4536 586 4601; x_wconf 85' lang='lat' dir='ltr'><strong>Vim</strong></span> <span class='ocrx_word' id='word_1_314' title='bbox 609 4542 729 4601; x_wconf 71' lang='lat' dir='ltr'><strong>imaum</strong></span> <span class='ocrx_word' id='word_1_315' title='bbox 752 4539 867 4618; x_wconf 67' lang='lat' dir='ltr'><strong>capam</strong></span> <span class='ocrx_word' id='word_1_316' title='bbox 889 4541 980 4616; x_wconf 82' lang='lat' dir='ltr'><strong>utque</strong></span> <span class='ocrx_word' id='word_1_317' title='bbox 1001 4534 1199 4600; x_wconf 78' lang='lat' dir='ltr'><strong>terribilem!</strong></span> 
     </span>
     <span class='ocr_line' id='line_1_38' title="bbox 375 4641 849 4727; baseline -0.002 -22"><span class='ocrx_word' id='word_1_318' title='bbox 375 4641 543 4706; x_wconf 84' lang='lat' dir='ltr'><strong>Terentius</strong></span> <span class='ocrx_word' id='word_1_319' title='bbox 562 4641 698 4727; x_wconf 85' lang='lat' dir='ltr'><strong>Adelph.</strong></span> <span class='ocrx_word' id='word_1_320' title='bbox 718 4643 811 4723; x_wconf 85' lang='lat'><strong>1114,</strong></span> <span class='ocrx_word' id='word_1_321' title='bbox 833 4642 849 4704; x_wconf 87' lang='lat'>1</span> 
     </span>
    </p>

    <p class='ocr_par' dir='ltr' id='par_1_11' title="bbox 509 4746 1331 4833">
     <span class='ocr_line' id='line_1_39' title="bbox 509 4746 1331 4833; baseline 0 -21"><span class='ocrx_word' id='word_1_322' title='bbox 509 4748 576 4814; x_wconf 85' lang='lat' dir='ltr'><strong>Pro</strong></span> <span class='ocrx_word' id='word_1_323' title='bbox 598 4751 634 4814; x_wconf 83' lang='lat' dir='ltr'><strong>di</strong></span> <span class='ocrx_word' id='word_1_324' title='bbox 655 4749 861 4827; x_wconf 80' lang='lat' dir='ltr'><strong>immortates,</strong></span> <span class='ocrx_word' id='word_1_325' title='bbox 883 4748 1011 4829; x_wconf 73' lang='lat' dir='ltr'><strong>sacimas</strong></span> <span class='ocrx_word' id='word_1_326' title='bbox 1032 4748 1214 4833; x_wconf 78' lang='lat' dir='ltr'><strong>iadipaum,</strong></span> <span class='ocrx_word' id='word_1_327' title='bbox 1240 4746 1331 4826; x_wconf 80' lang='lat' dir='ltr'><strong>Geta,</strong></span> 
     </span>
    </p>

    <p class='ocr_par' dir='ltr' id='par_1_12' title="bbox 514 4856 748 4936">
     <span class='ocr_line' id='line_1_40' title="bbox 514 4856 748 4936; baseline 0.004 -18"><span class='ocrx_word' id='word_1_328' title='bbox 514 4856 603 4936; x_wconf 70' lang='lat' dir='ltr'><strong>Qiiod</strong></span> <span class='ocrx_word' id='word_1_329' title='bbox 624 4876 748 4921; x_wconf 75' lang='lat' dir='ltr'><strong>amiur.</strong></span> 
     </span>
    </p>
   </div>
   <div class='ocr_carea' id='block_1_3' title="bbox 0 0 2004 5725">
    <p class='ocr_par' dir='ltr' id='par_1_13' title="bbox 0 0 2004 5725">
     <span class='ocr_line' id='line_1_41' title="bbox 0 0 2004 5725; baseline 0 0"><span class='ocrx_word' id='word_1_330' title='bbox 0 0 2004 5725; x_wconf 95' lang='lat' dir='ltr'><strong> </strong></span> 
     </span>
    </p>
   </div>
  </div>
 </body>
</html>
