3967 5725
397 603 447 682 42
560 606 683 657 XXXVI.
704 606 819 657 INDEX
837 605 1052 669 LEOTIONUM
1069 605 1311 669 HIBERNARUM
1330 607 1452 675 maclou.

401 788 530 831 versum
558 789 625 831 nou
651 770 770 831 temere
797 788 891 851 agere
918 766 1065 830 videatur
1091 766 1148 849 ¹qui
1175 788 1214 830 ex
1235 765 1367 831 incertis
1391 765 1553 830 sublatum
1577 788 1637 831 suo

401 873 475 939 loco
498 873 561 938 hoc
584 877 632 939 est
654 873 689 937 iu
713 877 826 957 quarto
851 874 1014 937 annalium
1036 872 1123 938 libro
1145 873 1259 957 reponi
1281 872 1399 949 iubeat.

493 982 522 1045 3.
559 980 657 1065 Apud
693 978 823 1045 Festum
851 1002 882 1064 p.
902 979 967 1043 376
985 978 1030 1043 M.
1048 978 1166 1063 sual
1201 978 1325 1044 Thewr.
1358 979 1439 1044 haec
1469 979 1635 1065 leguntur:

308 1100 322 1153 .“
398 1086 571 1172 [gocuocuoa⁸
594 1086 755 1171 dichbont
776 1088 901 1167 occiput
924 1087 1014 1150 cuius
1036 1086 1116 1156 color
1138 1088 1311 1169 inficiendo⁴
1329 1092 1481 1166 mutatur,
1509 1091 1544 1151 ut
1565 1087 1636 1164 Επ-1

402 1196 476 1259 nius
499 1215 569 1259 oum
592 1196 640 1259 cit
661 1191 758 1281 (535)
946 1268 950 1278 Δ
1460 1269 1462 1271 v
1505 1246 1508 1257 .

611 1298 690 1366 (hcm
713 1301 876 1381 illudque
898 1303 966 1365 ium
988 1300 1081 1365 secret
1103 1306 1147 1365 est
1169 1300 1290 1365 imbuta
1312 1321 1434 1365 cenato.
1508 1325 1510 1328 ·

404 1407 535 1474 Vetusti
557 1407 656 1473 Ennii
679 1408 869 1493 interpretes
892 1409 1002 1472 cononi
1025 1407 1155 1491 quidem
1179 1410 1212 1471 et
1238 1409 1415 1473 emenardi
1442 1407 1508 1472 vim
1537 1407 1635 1491 pluri-

361 1584 362 1587 ,
403 1515 463 1579 bus
487 1516 698 1599 declararunt,
728 1514 783 1578 sed
810 1516 846 1578 in
867 1535 973 1597 versu,
1001 1535 1096 1597 quem
1119 1514 1154 1578 in
1176 1511 1307 1579 incertis
1331 1514 1495 1579 annalium
1518 1514 1635 1597 ferunt,

403 1643 484 1706 quae
503 1626 572 1686 tum
592 1626 660 1686 crat
677 1621 877 1704 verecunlia,
900 1621 983 1685 nihil
1003 1623 1210 1705 temptarunt.
1255 1619 1307 1684 Ex
1325 1621 1556 1687 recentioribus
1576 1621 1632 1704 qui
1652 1625 1670 1679 8

359 1754 389 1795 ao
404 1727 495 1810 Capu
524 1729 607 1793 illud
635 1729 781 1814 reposuit
812 1726 992 1793 Odofredus
1020 1726 1210 1808 Muellerus,
1240 1750 1313 1792 cum
1342 1726 1467 1793 hiatum
1496 1728 1633 1811 tolleret,

402 1833 484 1899 illud
506 1856 573 1899 non
597 1836 674 1901 satis
698 1835 850 1919 attendit,
878 1857 943 1899 non
974 1835 1013 1899 de
1041 1835 1138 1899 odore
1166 1836 1221 1920 agi
1248 1834 1303 1900 sed
1331 1835 1370 1899 de
1397 1835 1503 1901 colore
1530 1857 1634 1919 neque

402 1941 436 2007 in
466 1964 503 2006 ea
530 1944 690 2007 sententia
719 1964 819 2026 cupae
846 1942 953 2007 locum
982 1963 1051 2007 esse
1079 1942 1133 2006 sed
1164 1942 1256 2006 lanae
1285 1944 1338 2006 vel
1367 1944 1458 2007 vesti.
1510 1939 1548 2006 ld
1578 1942 1634 2025 qui

402 2048 563 2125 intellexit
582 2048 640 2113 Th.
655 2048 814 2135 Bergkius
834 2046 883 2136 (in
901 2048 1012 2114 libello
1032 2050 1211 2114 academico
1231 2072 1258 2113 a.
1275 2048 1369 2114 1863.
1385 2047 1632 2136 Opp.1p.315)

401 2177 474 2220 oum
498 2156 695 2221 meminisset
718 2156 856 2239 conchyli
878 2156 1015 2239 colorem,
1038 2155 1177 2238 conchyli
1197 2157 1305 2237 facicm
1329 2155 1390 2220 dici
1415 2157 1501 2241 apud
1518 2155 1633 2220 Lucre·

400 2261 483 2326 tium
507 2265 540 2327 et
563 2262 738 2347 Catullum,
766 2263 856 2328 nulla
883 2262 1074 2327 verecundia
1101 2262 1306 2347 prohibente,
1333 2262 1418 2327 hanc
1441 2263 1633 2348 scripturam

400 2368 505 2435 doctis
532 2369 718 2435 hominibus
747 2370 941 2455 propinarit.
980 2368 1101 2435 Conco?
1122 2376 1158 2435 ut
1179 2392 1271 2451 quom
1293 2370 1371 2435 lonc
1393 2363 1485 2435 semol
1513 2369 1634 2434 imbuto

401 2497 514 2542 certeco
542 2483 585 2542 cst
606 2476 638 2541 h.
662 2500 687 2540 e.
715 2479 752 2540 ut
779 2498 852 2541 oum
879 2478 952 2541 lana
981 2477 1080 2543 semel
1107 2477 1256 2561 conchyli
1283 2499 1405 2542 veneno
1428 2476 1551 2541 imbuta
1575 2480 1633 2541 est.

401 2581 472 2659 Qua
494 2585 529 2647 in
553 2584 777 2648 emendatione
801 2583 988 2669 ambiguum
1012 2586 1062 2648 est
1084 2587 1194 2648 utrum
1216 2584 1320 2669 magis
1339 2584 1506 2668 admirere,
1525 2583 1635 2658 incon·

401 2690 561 2765 sultamne
594 2690 773 2774 audaciam,
806 2712 901 2774 quam
934 2690 1029 2754 multi
1057 2690 1264 2776 sagacitatem
1291 2689 1426 2774 habent,
1458 2711 1539 2773 quae
1570 2689 1633 2754 hoc

356 2823 387 2868 ao
402 2797 521 2882 effecit,
549 2819 650 2882 paene
677 2797 767 2864 nulla
794 2819 857 2864 roa
884 2803 921 2863 ut
948 2799 1075 2877 intacta
1099 2819 1156 2863 suo
1180 2797 1252 2863 loco
1275 2801 1432 2881 maneret,
1460 2819 1500 2863 an
1524 2798 1634 2885 singu·

400 2904 500 2969 larem
523 2905 687 2971 levitatem
712 2926 776 2989 qua
797 2899 889 2972 acmc'l
911 2907 998 2971 ultro
1021 2907 1056 2971 in
1075 2928 1201 2971 versum
1221 2894 1382 2970 invectum
1401 2910 1434 2970 et
1452 2912 1496 2970 cst
1513 2909 1633 2970 temere

400 3013 571 3076 traiectum
595 3010 785 3076 defensitare
809 3033 979 3098 aggressus
999 3017 1057 3077 est.
1104 3011 1167 3077 Sed
1185 3016 1271 3077 certe
1289 3005 1370 3092 illud
1388 3034 1454 3077 non
1473 3012 1635 3096 quaesivit

399 3119 450 3183 vir
480 3117 594 3184 doctus
622 3122 746 3184 essetne
774 3120 911 3203 conchyli
939 3141 1002 3184 vox
1029 3119 1105 3184 huic
1132 3121 1309 3185 sententiae
1336 3121 1416 3184 adeo
1443 3120 1633 3201 necessaria,

400 3229 437 3288 ut
471 3225 499 3288 ei
532 3225 584 3289 vel
616 3246 688 3290 oum
720 3227 753 3290 vi
784 3227 953 3291 restitutae
984 3226 1109 3309 reliqua
1145 3227 1253 3292 omnia
1288 3248 1399 3311 parere
1420 3226 1631 3298 iuberentur.

399 3330 593 3418 ABergkio
624 3335 836 3398 monstratum
868 3334 929 3396 iter
960 3333 1014 3398 sed
1047 3331 1116 3396 siue
1147 3333 1279 3420 Bergkii
1310 3333 1442 3399 audacia
1470 3333 1630 3418 persecuti

397 3438 567 3504 nouissimi
586 3439 685 3504 Ennii
708 3438 855 3523 editores,
879 3440 960 3503 alter
980 3437 1127 3522 Uouctylc'
1147 3461 1239 3523 quom
1256 3443 1323 3506 ium
1341 3441 1433 3506 amal
1450 3447 1494 3506 est
1512 3440 1636 3506 imbutu-

399 3567 526 3626 oerwno,
555 3548 636 3612 alter
665 3551 770 3611 autem
797 3544 875 3611 Com
899 3546 993 3612 villos
1014 3567 1073 3628 qao
1095 3549 1163 3612 ium
1185 3547 1278 3613 sonet
1300 3554 1344 3612 cst
1365 3547 1496 3612 imum
1518 3569 1633 3613 cenoso

398 3675 458 3738 pro
490 3657 577 3718 certo
606 3653 763 3718 edendum
791 3657 990 3718 curaverunt.
1042 3651 1130 3729 Quae
1158 3658 1234 3719 sunt
1261 3657 1442 3723 commenta
1468 3655 1523 3718 vix
1552 3655 1631 3720 satis

400 3760 497 3852 digna
521 3783 602 3844 quae
625 3761 806 3826 accuratius
829 3759 1025 3824 refellantur.
1069 3759 1140 3825 Nos
1163 3761 1238 3825 dum
1262 3759 1413 3825 traditam
1436 3783 1548 3826 versus
1566 3761 1631 3825 for-

354 3892 386 3941 ao
400 3889 485 3931 mam
510 3866 688 3932 studiosius
706 3868 927 3952 perspicimus,
951 3868 1144 3932 sententiam
1164 3867 1294 3951 quidem
1318 3870 1445 3951 poetae,
1473 3871 1631 3951 quantum

399 3995 438 4037 ex
458 3973 520 4037 hac
538 3974 728 4057 imperfecta
746 3975 891 4038 oratione
911 3973 1063 4058 cognosci
1082 3977 1198 4058 potest,
1217 3974 1301 4040 hanc
1319 3974 1420 4039 fuisse
1439 3973 1631 4059 colligimus,

401 4077 481 4144 Cum
504 4079 587 4144 illud
608 4101 666 4162 quo
689 4081 757 4145 ium
779 4081 870 4145 semol
893 4087 937 4146 cst
958 4081 1078 4146 imbuto
1100 4102 1213 4147 veneno
1235 4083 1310 4147 lana
1332 4081 1451 4145 retinet
1473 4083 1630 4165 perpetuo

396 4207 502 4270 neque
532 4188 684 4252 amissum
713 4209 862 4272 reparare
892 4191 1001 4272 potest
1031 4187 1184 4272 colorem,
1214 4188 1271 4252 sed
1298 4186 1395 4253 simul
1422 4187 1456 4251 in
1485 4188 1632 4252 oratione

396 4293 461 4357 tria
489 4292 593 4358 inesse
621 4292 846 4379 intelligimus,
875 4316 956 4378 quae
985 4295 1113 4360 criticos
1142 4295 1344 4360 offenderunt
1367 4298 1424 4360 aut
1446 4295 1568 4361 morari·
1586 4294 1630 4358 le-

396 4404 528 4486 gentem
556 4402 696 4485 possint:
723 4401 862 4485 primum
890 4400 984 4466 hians
1013 4403 1163 4467 versiculi
1190 4402 1319 4467 initium
1350 4401 1430 4468 Gom
1456 4402 1554 4479 illua
1583 4423 1629 4466 se·

395 4507 503 4572 cundo
534 4511 641 4573 autem
671 4506 742 4572 looo
772 4509 839 4572 tom
866 4508 958 4573 semel
985 4529 1058 4572 cum
1086 4508 1163 4573 huic
1191 4510 1366 4574 sententiae
1393 4531 1516 4574 merum
1538 4508 1630 4574 semel

395 4612 602 4699 satisfecerit3
634 4613 773 4698 denique
805 4617 839 4679 in
871 4614 959 4681 hunc
992 4615 1123 4680 modum
1152 4615 1291 4681 formata
1322 4618 1425 4681 oratio
1457 4615 1541 4680 ettad
1569 4636 1630 4697 quo

397 4719 518 4786 imbm
544 4727 588 4787 cst
609 4742 731 4787 uenero.
777 4718 885 4805 Atque
912 4720 992 4786 haec
1018 4724 1083 4786 tria
1110 4723 1313 4788 incommoda
1341 4723 1408 4788 sire
1435 4723 1630 4788 offensiones

394 4826 555 4912 appellari
586 4828 679 4894 malis
711 4828 843 4914 Bergkii
876 4828 1006 4912 quidem
1038 4829 1217 4894 emendatio
1254 4852 1318 4894 una
1355 4851 1452 4915 opera
1488 4829 1632 4913 sustulit,
