3967 5725
705 616 756 665 on
774 615 1045 666 nnrsroermrus
1056 615 1259 678 occurrens„
1535 614 1601 679 289

363 777 509 862 χρηστόν
532 799 564 841 τι
587 777 847 859 βουλεύσασθαι.
884 775 1007 853 Quodsi
1030 799 1105 841 vero
1125 777 1221 842 huius
1239 776 1416 861 particulae
1434 777 1518 842 ratio
1538 778 1603 843 nisi

365 882 429 949 hoc
455 882 552 948 modo
582 886 728 948 constare
755 905 821 949 non
848 886 969 968 potest,
997 885 1175 949 necessario
1198 883 1266 948 hoc·
1283 883 1402 949 indicio
1427 883 1601 970 colligitur,

362 990 430 1055 duo
454 991 678 1074 praecessisse,
702 1013 839 1075 quorum
862 990 1049 1055 conceditur
1071 990 1217 1074 alterum,
1241 992 1377 1055 alterum
1400 997 1546 1078 negatur,
1570 997 1603 1057 et

364 1121 477 1162 verum
492 1119 560 1163 esse
575 1121 670 1182 quem
684 1098 760 1162 libri
775 1097 949 1162 ostendunt
962 1098 1194 1163 versiculorum
1210 1099 1361 1163 ordinem.
1396 1097 1482 1163 Nem
1496 1100 1603 1184 ipsam

363 1205 558 1270 sententiam
582 1204 658 1289 περὶ
681 1214 788 1271 ποτοῦ
811 1214 896 1288 γοῦν
919 1203 992 1270 ἐστί
1009 1222 1061 1270 σοι
1080 1227 1199 1270 nomen
1218 1227 1284 1270 non
1302 1205 1490 1289 desiderare,
1512 1206 1602 1272 velut

364 1309 547 1376 Meineltius
570 1310 647 1396 περὶ
670 1313 774 1377 πότον
797 1321 878 1388 νοῦς
902 1311 974 1378 ἐστί
995 1329 1048 1377 σοι
1071 1311 1199 1396 maluit,
1226 1314 1303 1377 satis
1328 1316 1456 1379 constat
1479 1313 1602 1378 multis-

363 1440 430 1502 que
453 1419 610 1503 exemplis
633 1418 797 1503 Blaydesii
821 1419 958 1484 eruditio
982 1417 1038 1506 (ad
1061 1419 1091 1482 h.
1111 1416 1146 1504 l.)
1170 1418 1328 1503 probavit.

456 1525 566 1591 Unum
584 1531 693 1611 restat,
713 1526 799 1611 quod
818 1527 879 1591 etsi
898 1548 992 1591 nemo
1011 1526 1225 1610 interpretum
1243 1526 1341 1591 verbo
1357 1529 1475 1614 tetigit,
1493 1532 1602 1592 tamen

364 1632 519 1697 credibile
551 1638 600 1697 est
630 1655 728 1698 unam
761 1657 800 1698 ex
834 1608 938 1698 clausis
970 1633 1097 1698 traiecti
1129 1655 1240 1697 versus
1267 1633 1375 1699 fuisse.
1417 1634 1547 1700 Etenim
1575 1636 1603 1699 si

366 1739 566 1804 Meinelrium
590 1741 754 1825 sequimur
777 1745 809 1805 et
832 1761 943 1805 versus
967 1741 1014 1805 ita
1037 1740 1222 1805 ordinamus
1618 1766 1645 1806 ro

425 1851 502 1912 AH.
525 1849 571 1932 μὰ
595 1846 656 1913 Δί’
680 1847 749 1914 ἀλλ’
779 1849 950 1931 ἄκρατον
973 1840 1069 1913 οίυον
1092 1846 1225 1931 ἀγαθοῦ
1250 1848 1416 1932 δαίμονος.

441 1959 505 2019 NI.
530 1956 620 2021 ἰδού
644 1953 674 2039 μ’
702 1957 881 2040 ἄκρατον.
905 1952 980 2039 περί
1004 1962 1108 2020 ποτοῦ
1133 1964 1218 2037 χοῦν
1241 1953 1314 2020 ἐστί
1334 1973 1397 2020 σοι.

425 2067 502 2126 ΔΗ.
527 2069 606 2140 ίσως
629 2064 693 2149 γὰρ
718 2062 762 2128 ἂν
784 2065 955 2147 χρηστόν
977 2085 1013 2126 τι
1037 2062 1380 2146 βουλευσαίμεθα.

442 2174 505 2235 NI.
527 2182 597 2247 πῶς
620 2168 650 2235 d’
679 2169 722 2234 du
744 2170 884 2254 μεθύων
906 2156 1076 2254 χρηστόν
1100 2193 1136 2234 τι
1159 2167 1415 2251 βουλεύσαιτ’
1438 2168 1550 2254 dudm

366 2299 434 2344 non
455 2277 560 2342 solum
579 2280 723 2362 χρηστόν
742 2300 773 2341 τι
792 2278 1063 2360 βουλευσαίμεθα
1081 2297 1175 2340 versu
1193 2278 1342 2360 proximo
1362 2276 1476 2340 iisdem
1494 2276 1603 2343 verbis

367 2385 536 2469 excipitur,
560 2384 615 2449 sed
640 2385 725 2467 quod
748 2383 877 2468 gravius
899 2387 956 2467 cst,
981 2383 1057 2448 ἰδού
1082 2380 1113 2466 χ’
1140 2383 1286 2467 οίκρατον
1311 2405 1375 2467 quo
1399 2383 1547 2469 refertur,
1571 2384 1605 2448 id

365 2491 458 2557 nullo
482 2491 651 2556 intervallo
675 2491 852 2556 antecessit.
890 2489 934 2554 Et
957 2494 1007 2554 est
1024 2489 1087 2554 hoc
1106 2512 1182 2554 sene
1201 2489 1240 2554 de
1259 2512 1346 2556 more
1365 2490 1606 2575 Aristophanis,

367 2601 457 2664 velut
485 2598 678 2683 Thesmoph.
703 2597 777 2663 205.
796 2598 868 2663 206
900 2597 1053 2664 κλέπτειν
1082 2597 1291 2683 ὑφαρπάζειν
1318 2621 1352 2662 τε
1372 2648 1379 2662 .
1399 2650 1405 2662 .
1427 2594 1441 2686 ll
1462 2599 1539 2663 ldori
1569 2622 1607 2682 γε

366 2705 528 2771 κλέπτειν.
566 2704 652 2771 Nub.
673 2706 768 2770 1468.
790 2705 875 2770 1469
899 2713 1054 2792 πατρῷον
1074 2706 1149 2769 Δία.
1171 2702 1183 2793 Η
1206 2706 1282 2770 ἰδού
1301 2728 1338 2788 γε
1357 2707 1425 2770 Δία
1443 2715 1606 2793 πατρῷον.

366 2813 502 2898 Lysistr.
521 2814 596 2879 440.
615 2813 679 2878 441
706 2811 849 2897 ἐπιχεσεῖ
870 2813 1086 2894 πατούμενος.
1105 2812 1115 2898 ll
1134 2812 1210 2878 ίὸού
1234 2809 1264 2896 γ’
1291 2811 1438 2897 ἐπιχεσεῖ
1460 2816 1492 2879 et
1511 2834 1605 2898 saepe
1621 2838 1647 2879 so

366 2921 525 2987 similiter.
564 2920 625 2986 Sed
658 2926 766 2986 tamen
800 2920 976 2986 cavendum
1009 2925 1071 3003 est,
1103 2942 1143 2985 ne
1174 2920 1273 2984 nimis
1306 2921 1453 3007 angustis
1485 2919 1605 2987 finibus

367 3028 597 3113 Aristophanis
625 3028 792 3095 libidinem
820 3033 853 3093 et
879 3028 1063 3093 libertatem
1087 3025 1400 3111 circumscribamus,
1429 3027 1485 3111 qui
1509 3048 1604 3111 saepe

367 3158 408 3199 ne
439 3137 607 3200 interiecta
639 3136 768 3219 quidem
796 3137 880 3200 inter
906 3135 1022 3220 parilia
1049 3135 1177 3221 refugit.
1215 3132 1315 3199 Velut
1342 3133 1405 3199 hoc
1432 3134 1503 3217 ipso
1532 3133 1603 3198 loco

369 3242 420 3307 83.
440 3242 497 3327 853
520 3247 552 3307 et
578 3242 650 3308 160.
673 3243 735 3307 162

314 3362 354 3419 18
529 3352 563 3415 τί
584 3348 623 3432 μ’
646 3350 686 3415 οὐ
709 3350 850 3417 πλύνειν
874 3349 930 3437 ε’ᾷς
951 3352 1019 3426 τὰς
1041 3352 1197 3424 κοιλίας

528 3464 653 3523 πωλεῖν
676 3481 711 3522 τε
734 3460 813 3535 τοὺς
836 3457 1012 3540 ἀλλᾶντας,
1037 3456 1120 3521 ἀλλὰ
1143 3460 1336 3541 καταγελᾷς,

431 3568 508 3630 ΔΗ.
531 3561 557 3629 ὦ
581 3576 684 3649 μῶρε,
707 3566 824 3641 ποίας
846 3565 1013 3647 κοιλίας,

366 3670 423 3757 (cf.
443 3671 472 3738 2.
494 3673 512 3735 ‘l
538 3675 570 3735 et
597 3672 823 3758 13011309).
860 3670 920 3735 Ar.
942 3670 1036 3735 1231.
1059 3670 1145 3734 1233

689 3780 791 3844 θύειν
813 3790 896 3855 τοῖς
917 3776 1141 3859 Ὀλυμπίοις
1163 3783 1276 3853 θεοῖς

529 3889 760 3969 μηλοσφαγεῖν
783 3909 818 3950 τε
840 3886 1027 3969 βουθύτοις
1050 3883 1106 3949 ἐπ’
1129 3884 1281 3967 ἐσχάραις
1616 3908 1643 3947 ao

530 4003 649 4059 κνισᾶν
672 3991 700 4055 τ’
728 3992 855 4075 ἀγυιάς.
872 3995 884 4075 ΙΙ
901 3996 935 4057 τί
956 3996 999 4057 σὺ
1024 3991 1142 4076 λέγεις,
1164 3993 1299 4067 ποίοις
1320 3995 1449 4065 θεοῖς;

365 4102 401 4162 et
425 4100 501 4164 ι’θού
525 4101 611 4183 quod
636 4100 761 4183 attinet,
784 4121 866 4183 quae
888 4099 1043 4187 leguntur
1065 4100 1100 4163 in
1121 4096 1273 4163 Nubibus
1292 4093 1388 4183 (870)

417 4210 507 4271 ΦΕΙ.
530 4206 631 4284 αὐτὸς
653 4209 778 4292 τρίβων
801 4213 870 4290 είης
893 4208 953 4290 ἄν,
977 4209 1009 4271 εί
1030 4204 1192 4291 κρέμαιό
1216 4226 1289 4287 γε»

436 4317 507 4377 ΣΤ.
532 4314 594 4378 οὐκ
617 4312 651 4390 ἐς
673 4317 829 4399 κόρακας;
852 4321 979 4399 καταρᾷ
1002 4316 1045 4378 σὺ
1068 4320 1113 4398 τῷ
1133 4311 1335 4399 διδασκάλω,

432 4423 507 4485 ΣΩ.
531 4422 621 4489 ίδοὺ
644 4420 810 4507 κρέμαιό
834 4419 879 4505 γ’,
904 4422 948 4497 ὡς
972 4422 1062 4485 ίδιον
1084 4416 1270 4502 ἐφθέγξατο

365 4527 447 4591 satis
471 4549 540 4592 esse
564 4529 745 4615 argumenti
769 4529 971 4611 arbitramur,
993 4546 1034 4589 ne
1057 4525 1117 4589 hac
1140 4524 1270 4607 quidem
1294 4526 1417 4589 ratione
1441 4526 1602 4589 mutatum

366 4634 513 4698 ordinem
537 4656 688 4699 versuum
712 4634 755 4699 86
779 4638 812 4699 et
830 4634 871 4699 87
897 4634 986 4719 posci
1010 4635 1065 4697 aut
1087 4631 1219 4715 probari
1242 4652 1337 4715 posse
1345 4629 1386 4718 *).

458 4864 521 4933 *37)
540 4864 584 4919 Ad
603 4882 628 4920 v.
644 4869 678 4918 88
701 4873 761 4927 πῶς
783 4862 811 4919 d’
838 4862 874 4918 ἂν
897 4861 1013 4933 μεθύων
1036 4859 1155 4931 χρηστόν
1174 4880 1200 4914 τι
1219 4855 1394 4933 βουλεύσαιτ’
1416 4859 1500 4928 ἀνήρ,
1525 4858 1601 4927 quod

422 4964 550 5005 vahlsni
564 4965 675 5014 opuscula
689 4965 721 5003 Π.
1352 4955 1385 5003 19
