3967 5725
401 580 467 644 472
624 581 710 634 LVII.
728 582 844 632 INDEX
865 581 1081 634 LEOTIONUM
1099 581 1331 632 AESTIVARUM
1350 583 1428 633 1903.

402 744 624 828 συνωνύμως)
652 741 670 807 ὃ
695 743 773 818 (καὶ)
799 744 871 808 λύει
894 747 968 828 τιτλ;
996 764 1073 808 com
1102 742 1205 808 simle
1230 743 1308 824 quid
1332 744 1487 808 inuenisse
1512 743 1638 808 οιάοάωτ

400 851 566 917 scholiasta
592 852 647 933 qui
672 850 780 916 scribit
802 848 847 937 (p.
869 850 946 932 171,
965 848 1024 938 22)
1052 852 1101 915 ε”τι
1129 845 1166 913 δὲ
1189 850 1303 935 τρίτον
1325 849 1446 925 κάλλος
1469 861 1537 914 τῶν
1559 850 1637 916 ὀνο·
1764 912 1765 933 p

400 958 513 1041 μάτων
535 959 573 1022 τὸ
595 958 640 1040 μὴ
664 948 749 1022 εἶναι
769 956 949 1041 ὁμώνυμον
967 957 1004 1021 τὸ
1024 957 1139 1040 ὄνομα.
1176 954 1264 1032 Quae
1284 953 1497 1021 Susamihlius
1517 956 1555 1021 de
1573 958 1639 1021 hac
1764 960 1765 1010 l

400 1087 435 1129 re
462 1065 648 1149 exposuerit
674 1065 835 1129 nescimus
861 1085 921 1128 nec
947 1068 1100 1148 putamus
1127 1063 1190 1128 hoc
1216 1063 1349 1128 scivisse
1376 1062 1469 1128 valde
1497 1063 1537 1128 ad
1565 1065 1636 1128 rem
1764 1061 1765 1071 ’

399 1171 569 1256 pertinere.
605 1170 783 1235 Roemerus
806 1174 914 1234 autem
936 1191 1086 1235 veremur
1107 1191 1148 1234 ne
1170 1169 1233 1235 hoc
1256 1173 1388 1237 auctore
1411 1173 1444 1234 et
1466 1192 1563 1254 prave
1587 1169 1639 1233 in·

400 1280 530 1343 tellecto
562 1278 754 1343 scholiastae
786 1278 972 1343 testimonio
1006 1299 1040 1342 se
1066 1279 1102 1341 iu
1128 1299 1268 1342 errorem
1296 1276 1413 1342 adduci
1439 1298 1554 1361 passus
1582 1276 1637 1340 sit.
1764 1274 1765 1307 ¹

400 1383 600 1452 scholiastae
627 1385 713 1449 enim
740 1385 838 1450 verba
864 1383 992 1468 plenius
1019 1387 1188 1468 perspecta
1214 1384 1290 1450 ilico
1313 1383 1528 1468 patefaciunt,
1556 1383 1638 1467 quid

400 1493 548 1558 senserit:
576 1490 633 1575 qui
660 1492 707 1556 ita
734 1492 847 1557 scribit
868 1491 889 1556 l.
908 1513 934 1558 o.
957 1488 1008 1556 ἔτι
1031 1487 1068 1556 δὲ
1090 1492 1204 1577 τρίτον
1226 1491 1347 1568 κάλλος
1368 1502 1436 1557 τῶν
1459 1491 1637 1572 ὀνομάτων

399 1602 436 1665 τὸ
465 1601 509 1683 μὴ
537 1592 623 1664 εἶναι
650 1599 829 1684 ὁμώνυμον
857 1598 895 1663 τὸ
921 1599 1040 1680 ὄνομα·
1068 1596 1154 1663 καθ’
1182 1596 1200 1662 ὃ
1225 1595 1276 1684 (τὸ
1301 1599 1344 1681 μὴ
1368 1590 1455 1662 εἶναι
1478 1599 1637 1682 δηλονότι
1764 1595 1765 1616 ’

360 1703 594 1792 ιοὸμώνυμον)
633 1709 782 1788 λύομεν
817 1707 862 1770 τά
898 1703 986 1790 περὶ
1023 1707 1094 1789 τὴν
1130 1704 1359 1789 ὁμωνυμίαν
1397 1708 1636 1790 σοφίσματα.

400 1812 526 1898 Nempe
549 1814 748 1896 cccccccccc
771 1814 872 1896 λόγον
895 1834 968 1878 cum
990 1810 1121 1897 legeret,
1144 1813 1178 1876 iu
1191 1813 1389 1877 memoriam
1408 1812 1504 1877 rediit
1522 1834 1635 1879 eorum

400 1943 482 2005 quae
508 1921 606 2006 paulo
634 1924 709 1985 ante
732 1918 772 2007 (c.
792 1920 813 1984 2
832 1942 863 2003 p.
884 1919 971 1984 1404
989 1919 1011 1983 b
1026 1915 1083 2004 37)
1108 1919 1228 2003 scripta
1252 1923 1343 1984 erant
1364 1931 1432 1984 τῶν
1456 1918 1487 1984 δ’
1513 1919 1637 2002 ὀνομά-

399 2052 467 2093 των
494 2036 540 2117 τῷ
567 2024 629 2110 μὲν
656 2036 800 2114 σοφιστῇ
823 2017 1014 2111 4ὁμωνυμάαι
1042 2029 1197 2110 χρήσιμοι
1221 2023 1324 2112 (παρὰ
1347 2026 1468 2103 ταύτας
1490 2029 1554 2111 γάρ
1576 2051 1637 2092 κα-

399 2133 561 2222 κουργεῖ),
584 2143 629 2224 τῷ
648 2145 768 2221 ποιητῇ
791 2131 829 2199 δὲ
852 2135 1069 2217 συνωνυμίαι.
1108 2132 1211 2210 Quare
1231 2134 1318 2199 credi
1336 2155 1403 2199 non
1421 2137 1528 2218 potest
1546 2135 1635 2218 quod

399 2242 576 2307 Roemcrus
603 2242 714 2327 posuit
741 2240 947 2306 scholiastam
975 2240 1010 2304 in
1033 2262 1092 2305 suo
1115 2241 1294 2307 rhetorIcae
1317 2240 1492 2325 exemplari
1515 2241 1637 2305 similia

399 2352 560 2415 invenisse
583 2351 624 2414 iis
648 2371 729 2434 quae
752 2349 822 2433 ipse
845 2347 989 2413 addenda
1012 2347 1163 2413 coniecit:
1186 2369 1261 2412 nam
1286 2347 1373 2431 quod
1395 2346 1499 2413 voluit
1522 2347 1636 2428 ὀρθῶς

400 2464 547 2542 χρῆσθαι
573 2468 643 2533 τοῖς
670 2456 923 2540 συνωνύμοις
951 2476 1015 2519 uon
1043 2455 1143 2520 distat
1170 2455 1210 2518 ab
1238 2453 1278 2518 iis
1307 2477 1389 2538 quae
1411 2454 1467 2519 ille
1490 2455 1573 2519 dixit
1595 2457 1635 2520 τὸ

399 2567 444 2648 μὴ
463 2556 550 2628 εἶναι
569 2563 779 2647 ὁμώνυμον
798 2564 835 2627 τὸ
854 2565 969 2647 ὄνομα.
1002 2561 1106 2627 Immo
1125 2561 1180 2626 ille
1198 2583 1265 2626 nou
1283 2562 1378 2645 plura
1396 2565 1453 2626 aut
1468 2561 1531 2626 alia
1544 2561 1636 2647 legit,

401 2693 498 2755 quam
526 2691 609 2754 quae
635 2669 793 2735 librorum
819 2669 883 2733 fide
912 2669 1030 2734 tradita
1059 2673 1148 2754 sunt,
1176 2670 1232 2734 sed
1258 2691 1340 2753 quaa
1362 2669 1444 2755 legit
1465 2690 1635 2753 perperam

360 2779 524 2863 reaccepit
556 2800 593 2843 ea
621 2797 656 2840 re
689 2777 838 2842 seductus
871 2799 967 2863 quam
1001 2776 1261 2863 significavimus.
1303 2775 1496 2842 Aristoteles
1527 2780 1635 2840 autem

399 2884 482 2949 nihil
505 2885 615 2949 omisit
638 2884 811 2968 quominus
834 2889 920 2951 recte
942 2885 1185 2969 perciperentur
1208 2906 1289 2968 quae
1313 2886 1422 2949 sensit.
1461 2884 1524 2961 Qui
1547 2885 1635 2968 quod

400 2994 503 3074 λόγον
526 2992 720 3074 σοφιστικὸν
743 2991 830 3075 dicit,
851 3014 1010 3057 nonaum
1030 2991 1109 3057 dicit
1128 2993 1184 3075 qui
1203 2990 1391 3076 ὁμωνύμων
1408 2991 1520 3056 fraude
1539 2992 1635 3075 fallit,

399 3099 455 3163 sed
478 3120 551 3163 enm
576 3120 640 3183 quo
663 3120 740 3163 usus
762 3099 867 3183 Bryso
888 3099 1020 3185 negavit
1038 3120 1234 3183 quemquam
1254 3100 1494 3183 αἰσχρολογεῖν,
1518 3100 1546 3163 si
1566 3100 1635 3182 qni-

399 3206 471 3270 dem
495 3205 580 3271 idem
600 3205 803 3292 significetur
826 3206 893 3270 sive
916 3206 977 3271 hac
1000 3226 1078 3270 voce
1101 3206 1168 3271 aive
1191 3205 1248 3270 illa
1266 3209 1367 3269 utare.
1405 3205 1499 3282 Quod
1516 3205 1634 3270 falsum
1764 3184 1765 3197 ἵ

399 3334 468 3378 esse
491 3312 538 3377 ait
560 3311 765 3378 Aristoteles:
789 3315 881 3378 ἔστιν
899 3314 962 3396 γάρ
982 3313 1063 3377 ἄλλο
1083 3314 1186 3378 ἄλλον
1205 3314 1413 3397 κυριώτερον
1431 3312 1487 3379 καὶ
1506 3314 1634 3397 ὡμοιω-

399 3418 500 3504 μένον
523 3424 651 3503 μᾶλλον
673 3418 728 3484 καὶ
752 3422 953 3504 οἰκειότερον
975 3427 1021 3507 τῷ
1040 3431 1151 3485 ποιεῖν
1173 3420 1210 3483 τὸ
1230 3420 1364 3504 πρᾶγμα
1382 3421 1447 3506 πρὸ
1466 3418 1633 3505 ὀμμάτων,

394 3530 431 3590 et
459 3546 541 3609 quae
567 3546 665 3610 porro
694 3526 728 3590 in
755 3525 888 3591 eandam
912 3528 1106 3591 sententiam
1130 3526 1288 3591 disseruit.
1327 3525 1453 3603 Quibus
1477 3526 1633 3612 expositis

398 3635 548 3717 repetens
576 3655 613 3697 ea
640 3654 722 3717 quae
750 3656 848 3718 supra
874 3631 977 3719 (1405
997 3630 1069 3719 bo)
1098 3634 1137 3698 ad
1165 3633 1381 3700 definiendum
1409 3634 1530 3712 κάλλος
1558 3635 1633 3701 ὀνο-

398 3741 511 3824 μάτων
539 3740 662 3823 attulit,
689 3742 797 3805 omnia
819 3740 1044 3824 complectitur
1065 3745 1103 3805 ut
1126 3741 1173 3806 ita
1196 3740 1282 3806 dicat
1303 3743 1362 3818 τάς
1385 3738 1423 3807 δὲ
1445 3744 1635 3826 μεταφοράς

357 3867 385 3907 ιο
399 3847 560 3913 ἐντεῦθεν
582 3845 724 3930 οἰστέον,
747 3847 811 3912 άπὸ
834 3852 946 3912 καλῶν
967 3846 989 3931 ἣ
1013 3856 1052 3933 τῇ
1076 3858 1172 3933 φωνῇ
1195 3847 1241 3934 (h.
1261 3870 1286 3912 e.
1311 3847 1348 3913 ἐν
1366 3859 1437 3925 τοῖς
1454 3846 1591 3934 ψόφοις)
1611 3848 1631 3931 ἢ

398 3964 437 4038 τῇ
456 3955 598 4037 δυνάμει
616 3952 661 4041 (h.
676 3976 701 4018 e.
720 3960 766 4041 τῷ
785 3952 1031 4043 σημαινομένω)
1051 3952 1071 4037 ἢ
1090 3964 1129 4039 τῇ
1149 3956 1222 4034 ὄψει
1240 3954 1261 4039 ἣ
1280 3958 1363 4041 άλλῇ
1382 3953 1449 4021 τινὶ
1466 3957 1633 4039 αἰσθήσει.

397 4061 540 4126 Lucetne
564 4060 641 4146 quid
665 4063 708 4126 sit
730 4060 812 4126 illud
834 4061 976 4145 tertium,
999 4060 1086 4146 quod
1105 4084 1203 4145 supra
1221 4061 1446 4127 desiderabant
1463 4063 1525 4127 viri
1544 4062 1631 4127 docti

399 4168 549 4253 quodque
581 4190 646 4232 non
678 4169 823 4253 potuisse
854 4189 919 4234 nou
948 4168 988 4232 ab
1017 4166 1194 4233 Aristotele
1222 4173 1331 4254 aperte
1360 4169 1520 4255 designari
1547 4190 1631 4235 asse·
1764 4152 1765 4161 ἦ

398 4275 573 4341 versabant?
606 4274 667 4351 Qui
695 4274 722 4340 ai
750 4298 815 4339 una
842 4296 921 4340 voca
947 4273 1078 4340 volebat
1100 4276 1282 4361 significare
1306 4276 1384 4361 quid
1407 4298 1475 4342 esse
1498 4278 1631 4342 tertium

399 4383 530 4467 diceret,
556 4387 685 4468 poterat
712 4382 764 4448 vel
785 4382 849 4448 hoc
871 4382 967 4448 modo
991 4382 1130 4447 scribere
1148 4379 1197 4448 ἔτι
1221 4379 1260 4448 δὲ
1282 4385 1397 4469 τρίτον
1420 4382 1457 4449 ἐν
1480 4393 1519 4470 τῇ
1543 4386 1631 4468 ὄψεις

397 4489 461 4553 nisi
489 4490 575 4574 quod
603 4489 713 4555 statim
740 4491 930 4576 percipitur,
958 4510 1017 4554 nec
1045 4490 1122 4555 sotis
1150 4490 1358 4575 perspicuum
1385 4491 1449 4556 hoc
1476 4512 1545 4555 esse
1571 4512 1632 4555 nec

397 4595 475 4660 satis
498 4597 637 4681 pleuum.
676 4595 761 4673 Quid
783 4598 883 4684 ergo?
910 4596 1037 4681 Nempe
1059 4596 1165 4661 noluit
1187 4598 1250 4663 hoc
1271 4596 1461 4663 Aristoteles
1488 4619 1552 4663 uuo
1576 4618 1631 4662 no·

397 4702 483 4765 mine
506 4702 655 4786 indicare,
678 4704 734 4769 sed
758 4704 873 4769 maluit
895 4726 935 4768 ex
959 4704 1237 4791 argumentatione
1260 4704 1400 4790 intelligi
1423 4727 1520 4789 quam
1544 4726 1562 4768 a
1585 4726 1632 4769 re·
1764 4738 1765 4757 ι

395 4808 530 4873 futanda
556 4808 682 4873 ratione
710 4810 887 4894 sophistica
913 4832 1005 4876 orsus
1034 4813 1189 4895 exposuit.
1227 4809 1281 4875 Au
1308 4811 1370 4877 erit
1396 4812 1452 4896 qui
1475 4812 1538 4876 hoc
1560 4809 1631 4876 Ari·
1764 4788 1765 4811 Χ
