<?xml version="1.0" encoding="UTF-8"?>
<!DOCTYPE html PUBLIC "-//W3C//DTD XHTML 1.0 Transitional//EN"
    "http://www.w3.org/TR/xhtml1/DTD/xhtml1-transitional.dtd">
<html xmlns="http://www.w3.org/1999/xhtml" xml:lang="en" lang="en">
 <head>
  <title>
</title>
<meta http-equiv="Content-Type" content="text/html;charset=utf-8" />
  <meta name='ocr-system' content='tesseract 3.04.00' />
  <meta name='ocr-capabilities' content='ocr_page ocr_carea ocr_par ocr_line ocrx_word'/>
</head>
<body>
  <div class='ocr_page' id='page_1' title='image "./iohannisvahleni00vahlgoog/iohannisvahleni00vahlgoog_0540.png"; bbox 0 0 3967 5725; ppageno 0'>
   <div class='ocr_carea' id='block_1_1' title="bbox 402 639 1447 707">
    <p class='ocr_par' dir='ltr' id='par_1_1' title="bbox 402 639 1447 707">
     <span class='ocr_line' id='line_1_1' title="bbox 402 639 1447 707; baseline -0.001 -14"><span class='ocrx_word' id='word_1_1' title='bbox 402 640 468 705; x_wconf 84' lang='lat'>548</span> <span class='ocrx_word' id='word_1_2' title='bbox 582 642 667 692; x_wconf 86' lang='lat' dir='ltr'>LXII.</span> <span class='ocrx_word' id='word_1_3' title='bbox 686 640 801 690; x_wconf 82' lang='lat' dir='ltr'>INDEX</span> <span class='ocrx_word' id='word_1_4' title='bbox 820 640 1036 692; x_wconf 86' lang='lat' dir='ltr'>LECTIONUM</span> <span class='ocrx_word' id='word_1_5' title='bbox 1054 639 1296 692; x_wconf 78' lang='lat' dir='ltr'><strong>HIBERNARUM</strong></span> <span class='ocrx_word' id='word_1_6' title='bbox 1316 641 1447 707; x_wconf 70' lang='lat' dir='ltr'>moesos.</span> 
     </span>
    </p>
   </div>
   <div class='ocr_carea' id='block_1_2' title="bbox 326 801 1678 4412">
    <p class='ocr_par' dir='ltr' id='par_1_2' title="bbox 326 801 1678 4412">
     <span class='ocr_line' id='line_1_2' title="bbox 399 801 1637 886; baseline -0.002 -17"><span class='ocrx_word' id='word_1_7' title='bbox 399 803 533 886; x_wconf 73' lang='lat' dir='ltr'>fabellae</span> <span class='ocrx_word' id='word_1_8' title='bbox 549 808 677 884; x_wconf 78' lang='lat' dir='ltr'>propter</span> <span class='ocrx_word' id='word_1_9' title='bbox 699 801 885 883; x_wconf 77' lang='lat' dir='ltr'>elepantlau</span> <span class='ocrx_word' id='word_1_10' title='bbox 908 803 1060 867; x_wconf 78' lang='lat' dir='ltr'>seruante</span> <span class='ocrx_word' id='word_1_11' title='bbox 1075 801 1273 882; x_wconf 69' lang='lat' dir='ltr'><em>uulua</em></span> <span class='ocrx_word' id='word_1_12' title='bbox 1295 822 1316 864; x_wconf 96' lang='lat' dir='ltr'><em>a</em></span> <span class='ocrx_word' id='word_1_13' title='bbox 1342 801 1374 866; x_wconf 81' lang='grc' dir='ltr'>Ο.</span> <span class='ocrx_word' id='word_1_14' title='bbox 1394 802 1503 867; x_wconf 86' lang='lat' dir='ltr'>Laelio</span> <span class='ocrx_word' id='word_1_15' title='bbox 1525 803 1637 867; x_wconf 79' lang='lat' dir='ltr'>sauli:</span> 
     </span>
     <span class='ocr_line' id='line_1_3' title="bbox 403 908 1638 991; baseline -0.001 -16"><span class='ocrx_word' id='word_1_16' title='bbox 403 910 512 975; x_wconf 72' lang='lat' dir='ltr'>‘Heni</span> <span class='ocrx_word' id='word_1_17' title='bbox 539 909 684 991; x_wconf 75' lang='lat' dir='ltr'><em>aliquot</em></span> <span class='ocrx_word' id='word_1_18' title='bbox 710 909 986 974; x_wconf 75' lang='lat' dir='ltr'><em>adulescentuli</em></span> <span class='ocrx_word' id='word_1_19' title='bbox 1014 909 1171 973; x_wconf 81' lang='lat' dir='ltr'>catienus</span> <span class='ocrx_word' id='word_1_20' title='bbox 1197 908 1236 971; x_wconf 85' lang='lat' dir='ltr'>ln</span> <span class='ocrx_word' id='word_1_21' title='bbox 1266 908 1472 987; x_wconf 82' lang='lat' dir='ltr'>Piraeuun&#39;,</span> <span class='ocrx_word' id='word_1_22' title='bbox 1499 909 1638 974; x_wconf 87' lang='lat' dir='ltr'>elidem</span> 
     </span>
     <span class='ocr_line' id='line_1_4' title="bbox 404 1013 1639 1102; baseline 0 -21"><span class='ocrx_word' id='word_1_23' title='bbox 404 1018 601 1081; x_wconf 83' lang='lat' dir='ltr'>‘ueeoator</span> <span class='ocrx_word' id='word_1_24' title='bbox 632 1016 697 1080; x_wconf 84' lang='lat' dir='ltr'>lo&#39;c</span> <span class='ocrx_word' id='word_1_25' title='bbox 728 1016 889 1081; x_wconf 88' lang='lat' dir='ltr'>adolebat</span> <span class='ocrx_word' id='word_1_26' title='bbox 920 1021 1066 1097; x_wconf 82' lang='lat' dir='ltr'>captam</span> <span class='ocrx_word' id='word_1_27' title='bbox 1097 1035 1113 1078; x_wconf 93' lang='lat' dir='ltr'>e</span> <span class='ocrx_word' id='word_1_28' title='bbox 1139 1013 1321 1102; x_wconf 65' lang='lat' dir='ltr'>Sunio&#39;*).</span> <span class='ocrx_word' id='word_1_29' title='bbox 1367 1015 1485 1096; x_wconf 59' lang='lat' dir='ltr'>Quodsi</span> <span class='ocrx_word' id='word_1_30' title='bbox 1512 1017 1639 1099; x_wconf 80' lang='grc' dir='ltr'><em>δήμους</em></span> 
     </span>
     <span class='ocr_line' id='line_1_5' title="bbox 402 1121 1639 1205; baseline 0 -18"><span class='ocrx_word' id='word_1_31' title='bbox 402 1125 520 1205; x_wconf 69' lang='lat' dir='ltr'><em>quiea</em></span> <span class='ocrx_word' id='word_1_32' title='bbox 541 1122 682 1187; x_wconf 79' lang='lat' dir='ltr'>colurnus</span> <span class='ocrx_word' id='word_1_33' title='bbox 704 1142 774 1200; x_wconf 86' lang='lat' dir='ltr'>esse,</span> <span class='ocrx_word' id='word_1_34' title='bbox 798 1128 863 1187; x_wconf 70' lang='lat' dir='ltr'>nou</span> <span class='ocrx_word' id='word_1_35' title='bbox 887 1128 931 1188; x_wconf 83' lang='lat' dir='ltr'>est</span> <span class='ocrx_word' id='word_1_36' title='bbox 952 1123 1101 1204; x_wconf 77' lang='lat' dir='ltr'>oppidum</span> <span class='ocrx_word' id='word_1_37' title='bbox 1124 1121 1261 1186; x_wconf 80' lang='lat' dir='ltr'>Sunium</span> <span class='ocrx_word' id='word_1_38' title='bbox 1284 1142 1379 1204; x_wconf 85' lang='lat' dir='ltr'><em>quau</em></span> <span class='ocrx_word' id='word_1_39' title='bbox 1403 1122 1547 1187; x_wconf 84' lang='lat' dir='ltr'>Piraeus.</span> <span class='ocrx_word' id='word_1_40' title='bbox 1574 1122 1639 1187; x_wconf 86' lang='lat' dir='ltr'>Sed</span> 
     </span>
     <span class='ocr_line' id='line_1_6' title="bbox 403 1228 1639 1312; baseline -0.001 -17"><span class='ocrx_word' id='word_1_41' title='bbox 403 1231 551 1312; x_wconf 82' lang='lat' dir='ltr'>quantana</span> <span class='ocrx_word' id='word_1_42' title='bbox 572 1230 797 1311; x_wconf 81' lang='lat' dir='ltr'>qrauuatleas</span> <span class='ocrx_word' id='word_1_43' title='bbox 820 1249 859 1308; x_wconf 81' lang='lat' dir='ltr'>ea,</span> <span class='ocrx_word' id='word_1_44' title='bbox 882 1230 912 1294; x_wconf 82' lang='lat' dir='ltr'>si</span> <span class='ocrx_word' id='word_1_45' title='bbox 933 1229 989 1294; x_wconf 85' lang='lat' dir='ltr'>loc</span> <span class='ocrx_word' id='word_1_46' title='bbox 1011 1229 1091 1292; x_wconf 78' lang='lat' dir='ltr'>uita</span> <span class='ocrx_word' id='word_1_47' title='bbox 1114 1228 1237 1311; x_wconf 79' lang='grc' dir='ltr'><strong><em>ζήτημα</em></strong></span> <span class='ocrx_word' id='word_1_48' title='bbox 1249 1228 1437 1309; x_wconf 79' lang='lat' dir='ltr'>persolveris</span> <span class='ocrx_word' id='word_1_49' title='bbox 1455 1249 1572 1311; x_wconf 70' lang='lat' dir='ltr'>mwua</span> <span class='ocrx_word' id='word_1_50' title='bbox 1590 1250 1639 1294; x_wconf 88' lang='lat' dir='ltr'>ue</span> 
     </span>
     <span class='ocr_line' id='line_1_7' title="bbox 402 1333 1638 1419; baseline 0 -18"><span class='ocrx_word' id='word_1_51' title='bbox 402 1336 544 1401; x_wconf 72' lang='lat' dir='ltr'>uenata</span> <span class='ocrx_word' id='word_1_52' title='bbox 557 1336 712 1401; x_wconf 79' lang='lat' dir='ltr'>liberaris.</span> <span class='ocrx_word' id='word_1_53' title='bbox 743 1333 832 1400; x_wconf 90' lang='lat' dir='ltr'>Hinc</span> <span class='ocrx_word' id='word_1_54' title='bbox 845 1336 931 1400; x_wconf 88' lang='lat' dir='ltr'>enim</span> <span class='ocrx_word' id='word_1_55' title='bbox 945 1336 1176 1419; x_wconf 78' lang='lat' dir='ltr'>persentiscere</span> <span class='ocrx_word' id='word_1_56' title='bbox 1190 1334 1346 1419; x_wconf 89' lang='lat' dir='ltr'>videmur,</span> <span class='ocrx_word' id='word_1_57' title='bbox 1365 1335 1452 1418; x_wconf 90' lang='lat' dir='ltr'>quod</span> <span class='ocrx_word' id='word_1_58' title='bbox 1466 1338 1638 1419; x_wconf 80' lang='grc' dir='ltr'><em>Κολωνόν,</em></span> 
     </span>
     <span class='ocr_line' id='line_1_8' title="bbox 404 1440 1638 1527; baseline 0.001 -21"><span class='ocrx_word' id='word_1_59' title='bbox 404 1443 461 1526; x_wconf 90' lang='lat' dir='ltr'>qni</span> <span class='ocrx_word' id='word_1_60' title='bbox 485 1444 588 1526; x_wconf 79' lang='grc' dir='ltr'><em>δῆμος</em></span> <span class='ocrx_word' id='word_1_61' title='bbox 611 1446 679 1508; x_wconf 88' lang='lat' dir='ltr'>erat</span> <span class='ocrx_word' id='word_1_62' title='bbox 696 1440 835 1527; x_wconf 83' lang='lat' dir='ltr'>Atticus,</span> <span class='ocrx_word' id='word_1_63' title='bbox 861 1440 1028 1507; x_wconf 81' lang='lat' dir='ltr'>Coloneum</span> <span class='ocrx_word' id='word_1_64' title='bbox 1050 1441 1149 1506; x_wconf 75' lang='lat' dir='ltr'>locunt</span> <span class='ocrx_word' id='word_1_65' title='bbox 1168 1440 1354 1525; x_wconf 82' lang='lat' dir='ltr'>appellavit,</span> <span class='ocrx_word' id='word_1_66' title='bbox 1376 1441 1411 1506; x_wconf 91' lang='lat' dir='ltr'>in</span> <span class='ocrx_word' id='word_1_67' title='bbox 1430 1462 1468 1506; x_wconf 93' lang='lat' dir='ltr'>eo</span> <span class='ocrx_word' id='word_1_68' title='bbox 1488 1463 1564 1507; x_wconf 91' lang='lat' dir='ltr'>sane</span> <span class='ocrx_word' id='word_1_69' title='bbox 1582 1443 1638 1507; x_wconf 83' lang='lat' dir='ltr'>nli-</span> 
     </span>
     <span class='ocr_line' id='line_1_9' title="bbox 404 1546 1640 1634; baseline 0.002 -22"><span class='ocrx_word' id='word_1_70' title='bbox 404 1549 482 1632; x_wconf 86' lang='lat' dir='ltr'>quid</span> <span class='ocrx_word' id='word_1_71' title='bbox 506 1549 629 1633; x_wconf 91' lang='lat' dir='ltr'>proprii</span> <span class='ocrx_word' id='word_1_72' title='bbox 653 1570 690 1613; x_wconf 92' lang='lat' dir='ltr'>ac</span> <span class='ocrx_word' id='word_1_73' title='bbox 713 1548 838 1613; x_wconf 91' lang='lat' dir='ltr'>definiti</span> <span class='ocrx_word' id='word_1_74' title='bbox 860 1548 978 1631; x_wconf 88' lang='lat' dir='ltr'>inesse,</span> <span class='ocrx_word' id='word_1_75' title='bbox 1002 1547 1089 1632; x_wconf 90' lang='lat' dir='ltr'>quod</span> <span class='ocrx_word' id='word_1_76' title='bbox 1113 1568 1186 1613; x_wconf 91' lang='lat' dir='ltr'>cnm</span> <span class='ocrx_word' id='word_1_77' title='bbox 1208 1546 1374 1633; x_wconf 82' lang='lat' dir='ltr'>Madvigio</span> <span class='ocrx_word' id='word_1_78' title='bbox 1397 1546 1562 1634; x_wconf 89' lang='lat' dir='ltr'>Hauptius</span> <span class='ocrx_word' id='word_1_79' title='bbox 1585 1548 1640 1616; x_wconf 46' lang='lat' dir='ltr'>dez</span> 
     </span>
     <span class='ocr_line' id='line_1_10' title="bbox 403 1654 1638 1739; baseline -0.002 -18"><span class='ocrx_word' id='word_1_80' title='bbox 403 1655 573 1738; x_wconf 87' lang='lat' dir='ltr'>siderabat,</span> <span class='ocrx_word' id='word_1_81' title='bbox 597 1676 698 1739; x_wconf 87' lang='lat' dir='ltr'>eoque</span> <span class='ocrx_word' id='word_1_82' title='bbox 721 1655 843 1721; x_wconf 88' lang='lat' dir='ltr'>factum</span> <span class='ocrx_word' id='word_1_83' title='bbox 867 1677 946 1739; x_wconf 88' lang='lat' dir='ltr'>csse,</span> <span class='ocrx_word' id='word_1_84' title='bbox 969 1659 1007 1719; x_wconf 87' lang='lat' dir='ltr'>ut</span> <span class='ocrx_word' id='word_1_85' title='bbox 1029 1655 1128 1720; x_wconf 72' lang='lat' dir='ltr'>baeu</span> <span class='ocrx_word' id='word_1_86' title='bbox 1150 1654 1262 1720; x_wconf 88' lang='lat' dir='ltr'>mallet</span> <span class='ocrx_word' id='word_1_87' title='bbox 1285 1677 1381 1738; x_wconf 88' lang='lat' dir='ltr'>quam</span> <span class='ocrx_word' id='word_1_88' title='bbox 1403 1656 1505 1721; x_wconf 70' lang='lat' dir='ltr'>naam</span> <span class='ocrx_word' id='word_1_89' title='bbox 1523 1677 1638 1721; x_wconf 86' lang='lat' dir='ltr'>vocare</span> 
     </span>
     <span class='ocr_line' id='line_1_11' title="bbox 364 1760 1640 1846; baseline -0.001 -19"><span class='ocrx_word' id='word_1_90' title='bbox 364 1792 391 1835; x_wconf 71' lang='grc' dir='ltr'>ιο</span> <span class='ocrx_word' id='word_1_91' title='bbox 405 1766 460 1827; x_wconf 86' lang='lat' dir='ltr'>aut</span> <span class='ocrx_word' id='word_1_92' title='bbox 486 1762 593 1827; x_wconf 89' lang='lat' dir='ltr'>nescio</span> <span class='ocrx_word' id='word_1_93' title='bbox 617 1762 704 1845; x_wconf 91' lang='lat' dir='ltr'>quod</span> <span class='ocrx_word' id='word_1_94' title='bbox 727 1762 814 1827; x_wconf 82' lang='lat' dir='ltr'>aliud</span> <span class='ocrx_word' id='word_1_95' title='bbox 836 1783 954 1826; x_wconf 91' lang='lat' dir='ltr'>nomen</span> <span class='ocrx_word' id='word_1_96' title='bbox 976 1783 1105 1846; x_wconf 88' lang='lat' dir='ltr'>ponere.</span> <span class='ocrx_word' id='word_1_97' title='bbox 1144 1760 1310 1827; x_wconf 77' lang='lat' dir='ltr'>Oolouaau</span> <span class='ocrx_word' id='word_1_98' title='bbox 1333 1765 1441 1827; x_wconf 87' lang='lat' dir='ltr'>autem</span> <span class='ocrx_word' id='word_1_99' title='bbox 1464 1762 1563 1828; x_wconf 70' lang='lat' dir='ltr'>naeu</span> <span class='ocrx_word' id='word_1_100' title='bbox 1586 1763 1640 1827; x_wconf 90' lang='lat' dir='ltr'>ad-</span> 
     </span>
     <span class='ocr_line' id='line_1_12' title="bbox 404 1867 1639 1953; baseline 0 -19"><span class='ocrx_word' id='word_1_101' title='bbox 404 1869 522 1935; x_wconf 89' lang='lat' dir='ltr'>iectivo</span> <span class='ocrx_word' id='word_1_102' title='bbox 546 1869 687 1932; x_wconf 91' lang='lat' dir='ltr'>nominis</span> <span class='ocrx_word' id='word_1_103' title='bbox 711 1868 835 1933; x_wconf 90' lang='lat' dir='ltr'>adiecto</span> <span class='ocrx_word' id='word_1_104' title='bbox 860 1868 947 1953; x_wconf 90' lang='lat' dir='ltr'>quod</span> <span class='ocrx_word' id='word_1_105' title='bbox 967 1867 1088 1951; x_wconf 77' lang='lat' dir='ltr'><strong>scribit,</strong></span> <span class='ocrx_word' id='word_1_106' title='bbox 1110 1890 1151 1932; x_wconf 91' lang='lat' dir='ltr'>ne</span> <span class='ocrx_word' id='word_1_107' title='bbox 1169 1868 1203 1932; x_wconf 92' lang='lat' dir='ltr'>id</span> <span class='ocrx_word' id='word_1_108' title='bbox 1222 1869 1351 1951; x_wconf 87' lang='lat' dir='ltr'>quidem</span> <span class='ocrx_word' id='word_1_109' title='bbox 1369 1873 1498 1952; x_wconf 90' lang='lat' dir='ltr'>praeter</span> <span class='ocrx_word' id='word_1_110' title='bbox 1516 1891 1639 1935; x_wconf 89' lang='lat' dir='ltr'>morem</span> 
     </span>
     <span class='ocr_line' id='line_1_13' title="bbox 405 1974 1641 2060; baseline 0.002 -20"><span class='ocrx_word' id='word_1_111' title='bbox 405 1976 527 2059; x_wconf 80' lang='lat' dir='ltr'><strong>scribit,</strong></span> <span class='ocrx_word' id='word_1_112' title='bbox 551 1997 615 2059; x_wconf 91' lang='lat' dir='ltr'>quo</span> <span class='ocrx_word' id='word_1_113' title='bbox 639 1996 735 2059; x_wconf 81' lang='lat' dir='ltr'>saepe</span> <span class='ocrx_word' id='word_1_114' title='bbox 757 1974 906 2040; x_wconf 90' lang='lat' dir='ltr'>similiter</span> <span class='ocrx_word' id='word_1_115' title='bbox 923 1976 1092 2041; x_wconf 88' lang='lat' dir='ltr'><strong>nominum</strong></span> <span class='ocrx_word' id='word_1_116' title='bbox 1111 1976 1318 2060; x_wconf 87' lang='lat' dir='ltr'>propriorum</span> <span class='ocrx_word' id='word_1_117' title='bbox 1335 1975 1408 2041; x_wconf 92' lang='lat' dir='ltr'>loco</span> <span class='ocrx_word' id='word_1_118' title='bbox 1427 1977 1488 2040; x_wconf 90' lang='lat' dir='ltr'>hac</span> <span class='ocrx_word' id='word_1_119' title='bbox 1507 1977 1641 2043; x_wconf 57' lang='lat' dir='ltr'>circum&lt;</span> 
     </span>
     <span class='ocr_line' id='line_1_14' title="bbox 404 2082 1639 2167; baseline 0.002 -21"><span class='ocrx_word' id='word_1_120' title='bbox 404 2082 567 2147; x_wconf 89' lang='lat' dir='ltr'>locutione</span> <span class='ocrx_word' id='word_1_121' title='bbox 594 2104 672 2147; x_wconf 89' lang='lat' dir='ltr'>usus</span> <span class='ocrx_word' id='word_1_122' title='bbox 700 2086 762 2167; x_wconf 88' lang='lat' dir='ltr'>est,</span> <span class='ocrx_word' id='word_1_123' title='bbox 789 2083 879 2147; x_wconf 85' lang='lat' dir='ltr'>velut</span> <span class='ocrx_word' id='word_1_124' title='bbox 905 2082 947 2147; x_wconf 87' lang='lat' dir='ltr'>ad</span> <span class='ocrx_word' id='word_1_125' title='bbox 973 2082 1210 2166; x_wconf 84' lang='lat' dir='ltr'>fam.x11113,</span> <span class='ocrx_word' id='word_1_126' title='bbox 1231 2083 1249 2146; x_wconf 95' lang='grc'>1</span> <span class='ocrx_word' id='word_1_127' title='bbox 1278 2084 1446 2164; x_wconf 69' lang='lat' dir='ltr'>munlapii</span> <span class='ocrx_word' id='word_1_128' title='bbox 1472 2083 1639 2159; x_wconf 43' lang='lat' dir='ltr'>beccum</span> 
     </span>
     <span class='ocr_line' id='line_1_15' title="bbox 404 2189 1641 2273; baseline 0 -20"><span class='ocrx_word' id='word_1_129' title='bbox 404 2208 468 2254; x_wconf 87' lang='lat' dir='ltr'>xnr</span> <span class='ocrx_word' id='word_1_130' title='bbox 489 2190 518 2272; x_wconf 82' lang='lat' dir='ltr'>l,</span> <span class='ocrx_word' id='word_1_131' title='bbox 539 2191 554 2254; x_wconf 90' lang='lat'>1</span> <span class='ocrx_word' id='word_1_132' title='bbox 576 2190 744 2271; x_wconf 69' lang='lat' dir='ltr'>uunuqii</span> <span class='ocrx_word' id='word_1_133' title='bbox 761 2189 920 2267; x_wconf 84' lang='lat' dir='ltr'>Atellani;</span> <span class='ocrx_word' id='word_1_134' title='bbox 943 2207 1008 2253; x_wconf 87' lang='lat' dir='ltr'>xm</span> <span class='ocrx_word' id='word_1_135' title='bbox 1026 2189 1079 2272; x_wconf 79' lang='lat'>32,</span> <span class='ocrx_word' id='word_1_136' title='bbox 1100 2190 1116 2252; x_wconf 94' lang='grc'>1</span> <span class='ocrx_word' id='word_1_137' title='bbox 1137 2191 1173 2254; x_wconf 85' lang='lat' dir='ltr'>in</span> <span class='ocrx_word' id='word_1_138' title='bbox 1191 2189 1372 2256; x_wconf 77' lang='lat' dir='ltr'>Halaesina</span> <span class='ocrx_word' id='word_1_139' title='bbox 1390 2190 1528 2267; x_wconf 60' lang='lat' dir='ltr'>unitata</span> <span class='ocrx_word' id='word_1_140' title='bbox 1553 2189 1641 2273; x_wconf 90' lang='lat' dir='ltr'>quod</span> 
     </span>
     <span class='ocr_line' id='line_1_16' title="bbox 404 2295 1676 2383; baseline 0.004 -24"><span class='ocrx_word' id='word_1_141' title='bbox 404 2318 506 2383; x_wconf 82' lang='lat' dir='ltr'>genus</span> <span class='ocrx_word' id='word_1_142' title='bbox 528 2296 675 2381; x_wconf 89' lang='lat' dir='ltr'>pluribus</span> <span class='ocrx_word' id='word_1_143' title='bbox 699 2297 855 2379; x_wconf 85' lang='lat' dir='ltr'>exemplis</span> <span class='ocrx_word' id='word_1_144' title='bbox 874 2296 1036 2383; x_wconf 78' lang='lat' dir='ltr'>congestis</span> <span class='ocrx_word' id='word_1_145' title='bbox 1059 2295 1241 2361; x_wconf 89' lang='lat' dir='ltr'>Wichsrtus</span> <span class='ocrx_word' id='word_1_146' title='bbox 1263 2300 1451 2380; x_wconf 88' lang='lat' dir='ltr'>persecutus</span> <span class='ocrx_word' id='word_1_147' title='bbox 1474 2299 1523 2360; x_wconf 88' lang='lat' dir='ltr'>est</span> <span class='ocrx_word' id='word_1_148' title='bbox 1547 2297 1580 2360; x_wconf 88' lang='lat' dir='ltr'>in</span> <span class='ocrx_word' id='word_1_149' title='bbox 1601 2297 1640 2360; x_wconf 92' lang='lat' dir='ltr'>li·</span> <span class='ocrx_word' id='word_1_150' title='bbox 1673 2358 1676 2364; x_wconf 92' lang='grc'><em>,</em></span> 
     </span>
     <span class='ocr_line' id='line_1_17' title="bbox 406 2401 1639 2487; baseline 0 -20"><span class='ocrx_word' id='word_1_151' title='bbox 406 2403 490 2467; x_wconf 90' lang='lat' dir='ltr'>bello</span> <span class='ocrx_word' id='word_1_152' title='bbox 507 2402 649 2468; x_wconf 90' lang='lat' dir='ltr'>Berolini</span> <span class='ocrx_word' id='word_1_153' title='bbox 663 2425 691 2466; x_wconf 91' lang='lat' dir='ltr'>a.</span> <span class='ocrx_word' id='word_1_154' title='bbox 708 2401 793 2467; x_wconf 76' lang='lat'>1875</span> <span class='ocrx_word' id='word_1_155' title='bbox 813 2402 909 2487; x_wconf 89' lang='lat' dir='ltr'>edito,</span> <span class='ocrx_word' id='word_1_156' title='bbox 928 2403 985 2485; x_wconf 90' lang='lat' dir='ltr'>qui</span> <span class='ocrx_word' id='word_1_157' title='bbox 1004 2425 1044 2469; x_wconf 92' lang='lat' dir='ltr'>ne</span> <span class='ocrx_word' id='word_1_158' title='bbox 1062 2407 1211 2467; x_wconf 89' lang='lat' dir='ltr'>nostrum</span> <span class='ocrx_word' id='word_1_159' title='bbox 1229 2402 1359 2487; x_wconf 89' lang='lat' dir='ltr'>quidem</span> <span class='ocrx_word' id='word_1_160' title='bbox 1376 2403 1484 2469; x_wconf 91' lang='lat' dir='ltr'>locum</span> <span class='ocrx_word' id='word_1_161' title='bbox 1498 2407 1639 2487; x_wconf 89' lang='lat' dir='ltr'>praeter-</span> 
     </span>
     <span class='ocr_line' id='line_1_18' title="bbox 326 2508 1599 2596; baseline 0.001 -22"><span class='ocrx_word' id='word_1_162' title='bbox 326 2520 329 2526; x_wconf 85' lang='lat'>&#39;</span> <span class='ocrx_word' id='word_1_163' title='bbox 404 2510 503 2592; x_wconf 82' lang='lat' dir='ltr'>misit,</span> <span class='ocrx_word' id='word_1_164' title='bbox 527 2531 722 2593; x_wconf 90' lang='lat' dir='ltr'>quamquam</span> <span class='ocrx_word' id='word_1_165' title='bbox 746 2508 827 2573; x_wconf 90' lang='lat' dir='ltr'>nihil</span> <span class='ocrx_word' id='word_1_166' title='bbox 851 2510 963 2573; x_wconf 88' lang='lat' dir='ltr'>attulit</span> <span class='ocrx_word' id='word_1_167' title='bbox 986 2531 1050 2593; x_wconf 91' lang='lat' dir='ltr'>qno</span> <span class='ocrx_word' id='word_1_168' title='bbox 1074 2509 1143 2575; x_wconf 89' lang='lat' dir='ltr'>eius</span> <span class='ocrx_word' id='word_1_169' title='bbox 1167 2511 1325 2596; x_wconf 87' lang='lat' dir='ltr'>scriptura</span> <span class='ocrx_word' id='word_1_170' title='bbox 1348 2510 1599 2576; x_wconf 84' lang='lat' dir='ltr'>confirmaretur.</span> 
     </span>
     <span class='ocr_line' id='line_1_19' title="bbox 496 2614 1640 2700; baseline -0.001 -18"><span class='ocrx_word' id='word_1_171' title='bbox 496 2616 589 2694; x_wconf 85' lang='lat' dir='ltr'>Quod</span> <span class='ocrx_word' id='word_1_172' title='bbox 607 2617 783 2683; x_wconf 77' lang='lat' dir='ltr'>Pausanias</span> <span class='ocrx_word' id='word_1_173' title='bbox 802 2616 837 2679; x_wconf 93' lang='lat' dir='ltr'>in</span> <span class='ocrx_word' id='word_1_174' title='bbox 856 2615 1072 2700; x_wconf 83' lang='lat' dir='ltr'>descriptione</span> <span class='ocrx_word' id='word_1_175' title='bbox 1090 2614 1218 2681; x_wconf 85' lang='lat' dir='ltr'>Atticae</span> <span class='ocrx_word' id='word_1_176' title='bbox 1236 2635 1250 2680; x_wconf 95' lang='lat'>1</span> <span class='ocrx_word' id='word_1_177' title='bbox 1269 2616 1321 2700; x_wconf 88' lang='lat'>30,</span> <span class='ocrx_word' id='word_1_178' title='bbox 1336 2618 1359 2681; x_wconf 88' lang='lat'>4</span> <span class='ocrx_word' id='word_1_179' title='bbox 1378 2617 1491 2684; x_wconf 82' lang='lat' dir='ltr'>scribit</span> <span class='ocrx_word' id='word_1_180' title='bbox 1509 2619 1640 2683; x_wconf 81' lang='lat' dir='ltr'>deluce-</span> 
     </span>
     <span class='ocr_line' id='line_1_20' title="bbox 404 2720 1641 2808; baseline -0.001 -19"><span class='ocrx_word' id='word_1_181' title='bbox 404 2748 458 2790; x_wconf 84' lang='grc' dir='ltr'>ται</span> <span class='ocrx_word' id='word_1_182' title='bbox 492 2721 529 2788; x_wconf 71' lang='grc' dir='ltr'>δὲ</span> <span class='ocrx_word' id='word_1_183' title='bbox 563 2722 618 2788; x_wconf 81' lang='grc' dir='ltr'>καὶ</span> <span class='ocrx_word' id='word_1_184' title='bbox 650 2734 777 2807; x_wconf 81' lang='grc' dir='ltr'><em>χῶρος</em></span> <span class='ocrx_word' id='word_1_185' title='bbox 806 2723 1054 2805; x_wconf 82' lang='grc' dir='ltr'><em>καλούμενος</em></span> <span class='ocrx_word' id='word_1_186' title='bbox 1082 2725 1259 2801; x_wconf 81' lang='grc' dir='ltr'><em>κολωνὸς</em></span> <span class='ocrx_word' id='word_1_187' title='bbox 1286 2725 1436 2807; x_wconf 81' lang='grc' dir='ltr'><em>ἵππιος,</em></span> <span class='ocrx_word' id='word_1_188' title='bbox 1467 2720 1555 2789; x_wconf 77' lang='grc' dir='ltr'><strong><em>ἔνθα</em></strong></span> <span class='ocrx_word' id='word_1_189' title='bbox 1581 2734 1641 2808; x_wconf 76' lang='grc' dir='ltr'>τῆς</span> 
     </span>
     <span class='ocr_line' id='line_1_21' title="bbox 364 2828 1643 2916; baseline -0.003 -14"><span class='ocrx_word' id='word_1_190' title='bbox 364 2859 392 2902; x_wconf 81' lang='lat' dir='ltr'>ro</span> <span class='ocrx_word' id='word_1_191' title='bbox 413 2829 555 2914; x_wconf 80' lang='grc' dir='ltr'><strong><em>Ἀττικῆς</em></strong></span> <span class='ocrx_word' id='word_1_192' title='bbox 581 2841 714 2913; x_wconf 78' lang='grc' dir='ltr'><em>πρῶτον</em></span> <span class='ocrx_word' id='word_1_193' title='bbox 740 2829 855 2895; x_wconf 75' lang='grc' dir='ltr'><strong><em>ἐλθεῖν</em></strong></span> <span class='ocrx_word' id='word_1_194' title='bbox 878 2828 1036 2913; x_wconf 81' lang='grc' dir='ltr'><em>λέγουσιν</em></span> <span class='ocrx_word' id='word_1_195' title='bbox 1060 2830 1282 2897; x_wconf 78' lang='grc' dir='ltr'><em>Οἰδίποδα..</em></span> <span class='ocrx_word' id='word_1_196' title='bbox 1306 2831 1360 2897; x_wconf 83' lang='lat' dir='ltr'><em>nal</em></span> <span class='ocrx_word' id='word_1_197' title='bbox 1383 2831 1495 2916; x_wconf 84' lang='grc' dir='ltr'><em>βωμὸς</em></span> <span class='ocrx_word' id='word_1_198' title='bbox 1517 2835 1643 2898; x_wconf 61' lang='lat' dir='ltr'>Haase,</span> 
     </span>
     <span class='ocr_line' id='line_1_22' title="bbox 406 2934 1639 3022; baseline 0.001 -20"><span class='ocrx_word' id='word_1_199' title='bbox 406 2939 514 3014; x_wconf 80' lang='grc' dir='ltr'><em>ὃῶνος</em></span> <span class='ocrx_word' id='word_1_200' title='bbox 533 2934 663 3002; x_wconf 79' lang='grc' dir='ltr'><em>Ἱππίου</em></span> <span class='ocrx_word' id='word_1_201' title='bbox 686 2935 741 3002; x_wconf 81' lang='grc' dir='ltr'>καὶ</span> <span class='ocrx_word' id='word_1_202' title='bbox 762 2934 906 3021; x_wconf 78' lang='grc' dir='ltr'><em>Ἀθηνᾶς</em></span> <span class='ocrx_word' id='word_1_203' title='bbox 925 2935 1053 3013; x_wconf 81' lang='grc' dir='ltr'><em>Ἱππίας</em></span> <span class='ocrx_word' id='word_1_204' title='bbox 1075 2943 1148 3021; x_wconf 79' lang='lat' dir='ltr'>uel,</span> <span class='ocrx_word' id='word_1_205' title='bbox 1175 2938 1205 3001; x_wconf 84' lang='lat' dir='ltr'>ei</span> <span class='ocrx_word' id='word_1_206' title='bbox 1226 2938 1274 3003; x_wconf 84' lang='lat' dir='ltr'>rei</span> <span class='ocrx_word' id='word_1_207' title='bbox 1298 2960 1494 3022; x_wconf 85' lang='lat' dir='ltr'>quamquam</span> <span class='ocrx_word' id='word_1_208' title='bbox 1516 2961 1557 3003; x_wconf 90' lang='lat' dir='ltr'>ne</span> <span class='ocrx_word' id='word_1_209' title='bbox 1580 2959 1639 3003; x_wconf 91' lang='lat' dir='ltr'>nos</span> 
     </span>
     <span class='ocr_line' id='line_1_23' title="bbox 406 3042 1639 3132; baseline 0.002 -24"><span class='ocrx_word' id='word_1_210' title='bbox 406 3043 536 3129; x_wconf 87' lang='lat' dir='ltr'>quidem</span> <span class='ocrx_word' id='word_1_211' title='bbox 560 3044 699 3108; x_wconf 91' lang='lat' dir='ltr'>multum</span> <span class='ocrx_word' id='word_1_212' title='bbox 721 3044 757 3108; x_wconf 90' lang='lat' dir='ltr'>in</span> <span class='ocrx_word' id='word_1_213' title='bbox 780 3065 876 3109; x_wconf 86' lang='lat' dir='ltr'>causa</span> <span class='ocrx_word' id='word_1_214' title='bbox 898 3048 1011 3108; x_wconf 87' lang='lat' dir='ltr'>nostra</span> <span class='ocrx_word' id='word_1_215' title='bbox 1033 3045 1206 3109; x_wconf 83' lang='lat' dir='ltr'>tribuimus</span> <span class='ocrx_word' id='word_1_216' title='bbox 1230 3042 1426 3132; x_wconf 81' lang='lat' dir='ltr'>(Madvigius</span> <span class='ocrx_word' id='word_1_217' title='bbox 1452 3046 1538 3111; x_wconf 88' lang='lat' dir='ltr'>enim</span> <span class='ocrx_word' id='word_1_218' title='bbox 1559 3044 1639 3111; x_wconf 76' lang='lat' dir='ltr'>(loe</span> 
     </span>
     <span class='ocr_line' id='line_1_24' title="bbox 405 3149 1678 3240; baseline 0.004 -25"><span class='ocrx_word' id='word_1_219' title='bbox 405 3151 513 3217; x_wconf 84' lang='lat' dir='ltr'>rensio</span> <span class='ocrx_word' id='word_1_220' title='bbox 544 3150 729 3216; x_wconf 86' lang='lat' dir='ltr'>adversatus</span> <span class='ocrx_word' id='word_1_221' title='bbox 757 3153 930 3236; x_wconf 81' lang='lat' dir='ltr'>negaverat</span> <span class='ocrx_word' id='word_1_222' title='bbox 956 3150 1019 3216; x_wconf 89' lang='lat' dir='ltr'>hoc</span> <span class='ocrx_word' id='word_1_223' title='bbox 1047 3150 1087 3215; x_wconf 88' lang='lat' dir='ltr'>ad</span> <span class='ocrx_word' id='word_1_224' title='bbox 1113 3150 1197 3216; x_wconf 84' lang='lat' dir='ltr'>hanc</span> <span class='ocrx_word' id='word_1_225' title='bbox 1223 3174 1291 3218; x_wconf 90' lang='lat' dir='ltr'>rem</span> <span class='ocrx_word' id='word_1_226' title='bbox 1313 3149 1504 3240; x_wconf 89' lang='lat' dir='ltr'>pertinere),</span> <span class='ocrx_word' id='word_1_227' title='bbox 1530 3157 1678 3220; x_wconf 63' lang='lat' dir='ltr'>tamem</span> 
     </span>
     <span class='ocr_line' id='line_1_25' title="bbox 404 3255 1640 3343; baseline 0.002 -22"><span class='ocrx_word' id='word_1_228' title='bbox 404 3279 470 3322; x_wconf 93' lang='lat' dir='ltr'>non</span> <span class='ocrx_word' id='word_1_229' title='bbox 495 3259 603 3343; x_wconf 86' lang='lat' dir='ltr'>inepta</span> <span class='ocrx_word' id='word_1_230' title='bbox 625 3257 877 3342; x_wconf 85' lang='lat' dir='ltr'>reminiscemur,</span> <span class='ocrx_word' id='word_1_231' title='bbox 900 3255 1097 3342; x_wconf 85' lang='lat' dir='ltr'>Sophoclem</span> <span class='ocrx_word' id='word_1_232' title='bbox 1119 3258 1268 3324; x_wconf 88' lang='lat' dir='ltr'>similiter</span> <span class='ocrx_word' id='word_1_233' title='bbox 1285 3259 1429 3325; x_wconf 88' lang='lat' dir='ltr'>locutum</span> <span class='ocrx_word' id='word_1_234' title='bbox 1448 3281 1526 3343; x_wconf 88' lang='lat' dir='ltr'>esse,</span> <span class='ocrx_word' id='word_1_235' title='bbox 1549 3260 1640 3324; x_wconf 90' lang='lat' dir='ltr'>cuius</span> 
     </span>
     <span class='ocr_line' id='line_1_26' title="bbox 406 3362 1641 3450; baseline 0.002 -21"><span class='ocrx_word' id='word_1_236' title='bbox 406 3363 517 3429; x_wconf 79' lang='lat' dir='ltr'>Cicero</span> <span class='ocrx_word' id='word_1_237' title='bbox 541 3364 610 3450; x_wconf 92' lang='lat' dir='ltr'>ipse</span> <span class='ocrx_word' id='word_1_238' title='bbox 631 3387 755 3430; x_wconf 90' lang='lat' dir='ltr'>memor</span> <span class='ocrx_word' id='word_1_239' title='bbox 774 3368 823 3428; x_wconf 90' lang='lat' dir='ltr'>est</span> <span class='ocrx_word' id='word_1_240' title='bbox 841 3385 914 3429; x_wconf 90' lang='lat' dir='ltr'>cnm</span> <span class='ocrx_word' id='word_1_241' title='bbox 934 3364 1020 3429; x_wconf 89' lang='lat' dir='ltr'>dicat</span> <span class='ocrx_word' id='word_1_242' title='bbox 1042 3362 1211 3446; x_wconf 78' lang='lat' dir='ltr'>Oedipodis</span> <span class='ocrx_word' id='word_1_243' title='bbox 1228 3365 1282 3430; x_wconf 80' lang='lat' dir='ltr'>illo</span> <span class='ocrx_word' id='word_1_244' title='bbox 1300 3366 1482 3432; x_wconf 63' lang='lat' dir='ltr'>uollnauw</span> <span class='ocrx_word' id='word_1_245' title='bbox 1500 3367 1641 3432; x_wconf 77' lang='lat' dir='ltr'>carmine</span> 
     </span>
     <span class='ocr_line' id='line_1_27' title="bbox 404 3471 1641 3556; baseline 0.002 -20"><span class='ocrx_word' id='word_1_246' title='bbox 404 3492 560 3555; x_wconf 80' lang='lat' dir='ltr'><em>quaenam</em></span> <span class='ocrx_word' id='word_1_247' title='bbox 592 3478 690 3538; x_wconf 84' lang='lat' dir='ltr'>esseut</span> <span class='ocrx_word' id='word_1_248' title='bbox 717 3472 792 3536; x_wconf 85' lang='lat' dir='ltr'>laec</span> <span class='ocrx_word' id='word_1_249' title='bbox 822 3473 894 3553; x_wconf 79' lang='lat' dir='ltr'>ipsa</span> <span class='ocrx_word' id='word_1_250' title='bbox 921 3471 988 3537; x_wconf 90' lang='lat' dir='ltr'>loca</span> <span class='ocrx_word' id='word_1_251' title='bbox 1014 3472 1216 3555; x_wconf 77' lang='lat' dir='ltr'>requirentis:</span> <span class='ocrx_word' id='word_1_252' title='bbox 1248 3473 1283 3537; x_wconf 92' lang='lat' dir='ltr'>in</span> <span class='ocrx_word' id='word_1_253' title='bbox 1310 3493 1348 3537; x_wconf 90' lang='lat' dir='ltr'>eo</span> <span class='ocrx_word' id='word_1_254' title='bbox 1375 3472 1462 3537; x_wconf 89' lang='lat' dir='ltr'>enim</span> <span class='ocrx_word' id='word_1_255' title='bbox 1489 3474 1641 3556; x_wconf 82' lang='lat' dir='ltr'>carmine,</span> 
     </span>
     <span class='ocr_line' id='line_1_28' title="bbox 406 3578 1641 3665; baseline 0.002 -23"><span class='ocrx_word' id='word_1_256' title='bbox 406 3599 470 3664; x_wconf 90' lang='lat' dir='ltr'>quo</span> <span class='ocrx_word' id='word_1_257' title='bbox 494 3579 591 3643; x_wconf 89' lang='lat' dir='ltr'>toties</span> <span class='ocrx_word' id='word_1_258' title='bbox 614 3589 720 3663; x_wconf 82' lang='grc' dir='ltr'><em>χῶρος</em></span> <span class='ocrx_word' id='word_1_259' title='bbox 742 3590 844 3664; x_wconf 84' lang='grc' dir='ltr'><strong>χῶροι</strong></span> <span class='ocrx_word' id='word_1_260' title='bbox 868 3578 1012 3661; x_wconf 86' lang='lat' dir='ltr'>iteratur,</span> <span class='ocrx_word' id='word_1_261' title='bbox 1035 3584 1072 3643; x_wconf 92' lang='lat' dir='ltr'>ut</span> <span class='ocrx_word' id='word_1_262' title='bbox 1095 3580 1262 3644; x_wconf 84' lang='lat' dir='ltr'>mittamus</span> <span class='ocrx_word' id='word_1_263' title='bbox 1284 3579 1357 3662; x_wconf 87' lang='lat' dir='ltr'>alia,</span> <span class='ocrx_word' id='word_1_264' title='bbox 1380 3601 1453 3645; x_wconf 90' lang='lat' dir='ltr'>cum</span> <span class='ocrx_word' id='word_1_265' title='bbox 1473 3579 1641 3665; x_wconf 82' lang='lat' dir='ltr'>Antigona</span> 
     </span>
     <span class='ocr_line' id='line_1_29' title="bbox 407 3683 587 3772; baseline 0 -23"><span class='ocrx_word' id='word_1_266' title='bbox 407 3685 492 3750; x_wconf 89' lang='lat' dir='ltr'>dicat</span> <span class='ocrx_word' id='word_1_267' title='bbox 516 3683 587 3772; x_wconf 81' lang='lat'><strong>(24)</strong></span> 
     </span>
     <span class='ocr_line' id='line_1_30' title="bbox 620 3785 1419 3878; baseline 0.001 -21"><span class='ocrx_word' id='word_1_268' title='bbox 620 3793 679 3869; x_wconf 82' lang='grc' dir='ltr'>τὰς</span> <span class='ocrx_word' id='word_1_269' title='bbox 702 3801 787 3874; x_wconf 81' lang='grc' dir='ltr'><em>γοῦν</em></span> <span class='ocrx_word' id='word_1_270' title='bbox 806 3791 951 3876; x_wconf 78' lang='grc' dir='ltr'><em>Ἀθήνας</em></span> <span class='ocrx_word' id='word_1_271' title='bbox 973 3785 1063 3877; x_wconf 78' lang='lat' dir='ltr'>olda,</span> <span class='ocrx_word' id='word_1_272' title='bbox 1085 3794 1145 3858; x_wconf 84' lang='grc' dir='ltr'>τὸν</span> <span class='ocrx_word' id='word_1_273' title='bbox 1168 3789 1205 3858; x_wconf 74' lang='grc' dir='ltr'>δὲ</span> <span class='ocrx_word' id='word_1_274' title='bbox 1228 3803 1356 3878; x_wconf 80' lang='grc' dir='ltr'><strong><em>χῶρον</em></strong></span> <span class='ocrx_word' id='word_1_275' title='bbox 1378 3793 1419 3858; x_wconf 82' lang='lat' dir='ltr'>oli</span> 
     </span>
     <span class='ocr_line' id='line_1_31' title="bbox 365 3894 978 3986; baseline 0 -23"><span class='ocrx_word' id='word_1_276' title='bbox 365 3926 392 3972; x_wconf 70' lang='lat' dir='ltr'>so</span> <span class='ocrx_word' id='word_1_277' title='bbox 406 3903 463 3963; x_wconf 89' lang='lat' dir='ltr'>aut</span> <span class='ocrx_word' id='word_1_278' title='bbox 486 3897 645 3984; x_wconf 88' lang='lat' dir='ltr'>Oedipodi</span> <span class='ocrx_word' id='word_1_279' title='bbox 668 3898 882 3986; x_wconf 83' lang='lat' dir='ltr'>interroganti</span> <span class='ocrx_word' id='word_1_280' title='bbox 906 3894 978 3986; x_wconf 78' lang='lat'>(52)</span> 
     </span>
     <span class='ocr_line' id='line_1_32' title="bbox 621 3999 1448 4094; baseline 0.001 -23"><span class='ocrx_word' id='word_1_281' title='bbox 621 4006 670 4083; x_wconf 79' lang='grc' dir='ltr'>τίς</span> <span class='ocrx_word' id='word_1_282' title='bbox 694 4003 722 4071; x_wconf 75' lang='grc' dir='ltr'>δ’</span> <span class='ocrx_word' id='word_1_283' title='bbox 751 4002 827 4071; x_wconf 77' lang='grc' dir='ltr'><strong>ἔσθ’</strong></span> <span class='ocrx_word' id='word_1_284' title='bbox 854 4005 872 4071; x_wconf 87' lang='grc' dir='ltr'>ὁ</span> <span class='ocrx_word' id='word_1_285' title='bbox 896 4016 1023 4090; x_wconf 76' lang='grc' dir='ltr'><em>χῶρος</em></span> <span class='ocrx_word' id='word_1_286' title='bbox 1046 4004 1115 4090; x_wconf 79' lang='grc' dir='ltr'><strong><em>δῆτ’</em></strong></span> <span class='ocrx_word' id='word_1_287' title='bbox 1143 4004 1181 4072; x_wconf 76' lang='grc' dir='ltr'>ἐν</span> <span class='ocrx_word' id='word_1_288' title='bbox 1204 3999 1448 4094; x_wconf 76' lang='grc' dir='ltr'><strong><em>ᾧβεβήκαμεν;</em></strong></span> 
     </span>
     <span class='ocr_line' id='line_1_33' title="bbox 406 4109 908 4200; baseline -0.006 -21"><span class='ocrx_word' id='word_1_289' title='bbox 406 4135 479 4179; x_wconf 89' lang='lat' dir='ltr'>cum</span> <span class='ocrx_word' id='word_1_290' title='bbox 503 4111 596 4192; x_wconf 80' lang='grc' dir='ltr'><em>ξένος</em></span> <span class='ocrx_word' id='word_1_291' title='bbox 618 4113 813 4197; x_wconf 88' lang='lat' dir='ltr'>respondeat</span> <span class='ocrx_word' id='word_1_292' title='bbox 834 4109 908 4200; x_wconf 79' lang='lat'><strong>(54)</strong></span> 
     </span>
     <span class='ocr_line' id='line_1_34' title="bbox 620 4216 1423 4304; baseline 0.002 -20"><span class='ocrx_word' id='word_1_293' title='bbox 620 4229 744 4304; x_wconf 82' lang='grc' dir='ltr'><em>χῶρος</em></span> <span class='ocrx_word' id='word_1_294' title='bbox 767 4219 828 4303; x_wconf 71' lang='grc' dir='ltr'>μὲν</span> <span class='ocrx_word' id='word_1_295' title='bbox 852 4220 922 4304; x_wconf 75' lang='grc' dir='ltr'><em>ἱρὸς</em></span> <span class='ocrx_word' id='word_1_296' title='bbox 944 4229 1009 4296; x_wconf 87' lang='grc' dir='ltr'>πᾶς</span> <span class='ocrx_word' id='word_1_297' title='bbox 1032 4217 1081 4284; x_wconf 78' lang='grc' dir='ltr'>ὅδ’</span> <span class='ocrx_word' id='word_1_298' title='bbox 1109 4216 1193 4285; x_wconf 81' lang='grc' dir='ltr'>ἔστ’·</span> <span class='ocrx_word' id='word_1_299' title='bbox 1216 4217 1283 4304; x_wconf 69' lang='grc' dir='ltr'>ἔχει</span> <span class='ocrx_word' id='word_1_300' title='bbox 1307 4219 1347 4285; x_wconf 76' lang='grc' dir='ltr'>δέ</span> <span class='ocrx_word' id='word_1_301' title='bbox 1366 4245 1423 4286; x_wconf 78' lang='grc' dir='ltr'>νιν</span> 
     </span>
     <span class='ocr_line' id='line_1_35' title="bbox 621 4324 1418 4412; baseline 0 -19"><span class='ocrx_word' id='word_1_302' title='bbox 621 4327 742 4410; x_wconf 82' lang='grc' dir='ltr'><em>σεμνὸς</em></span> <span class='ocrx_word' id='word_1_303' title='bbox 765 4327 955 4392; x_wconf 79' lang='grc' dir='ltr'><em>Ποσειδῶν·</em></span> <span class='ocrx_word' id='word_1_304' title='bbox 980 4325 1018 4391; x_wconf 79' lang='grc' dir='ltr'>ἐν</span> <span class='ocrx_word' id='word_1_305' title='bbox 1041 4324 1071 4390; x_wconf 80' lang='grc' dir='ltr'>δ’</span> <span class='ocrx_word' id='word_1_306' title='bbox 1099 4326 1117 4392; x_wconf 83' lang='grc' dir='ltr'>ὁ</span> <span class='ocrx_word' id='word_1_307' title='bbox 1140 4329 1315 4412; x_wconf 81' lang='grc' dir='ltr'><em>πυρφόρος</em></span> <span class='ocrx_word' id='word_1_308' title='bbox 1338 4328 1418 4404; x_wconf 81' lang='grc' dir='ltr'><em>θεὸς</em></span> 
     </span>
    </p>
   </div>
   <div class='ocr_carea' id='block_1_3' title="bbox 406 4518 1641 4945">
    <p class='ocr_par' dir='ltr' id='par_1_3' title="bbox 406 4518 1641 4767">
     <span class='ocr_line' id='line_1_36' title="bbox 495 4518 1641 4589; baseline 0.003 -17"><span class='ocrx_word' id='word_1_309' title='bbox 495 4519 542 4588; x_wconf 78' lang='grc'>*3)</span> <span class='ocrx_word' id='word_1_310' title='bbox 562 4518 687 4573; x_wconf 83' lang='lat' dir='ltr'>Eunuch.</span> <span class='ocrx_word' id='word_1_311' title='bbox 703 4538 735 4573; x_wconf 90' lang='lat'>111</span> <span class='ocrx_word' id='word_1_312' title='bbox 750 4524 780 4586; x_wconf 73' lang='lat'>4,</span> <span class='ocrx_word' id='word_1_313' title='bbox 797 4526 826 4583; x_wconf 77' lang='lat'>1,</span> <span class='ocrx_word' id='word_1_314' title='bbox 849 4519 898 4573; x_wconf 91' lang='lat' dir='ltr'>ubi</span> <span class='ocrx_word' id='word_1_315' title='bbox 917 4520 1034 4574; x_wconf 73' lang='lat' dir='ltr'>colimus</span> <span class='ocrx_word' id='word_1_316' title='bbox 1051 4522 1082 4574; x_wconf 81' lang='lat' dir='ltr'>tn</span> <span class='ocrx_word' id='word_1_317' title='bbox 1101 4521 1203 4576; x_wconf 87' lang='lat' dir='ltr'>Piraeo</span> <span class='ocrx_word' id='word_1_318' title='bbox 1222 4520 1358 4589; x_wconf 88' lang='lat' dir='ltr'>scriptum</span> <span class='ocrx_word' id='word_1_319' title='bbox 1377 4523 1433 4588; x_wconf 89' lang='lat' dir='ltr'>est;</span> <span class='ocrx_word' id='word_1_320' title='bbox 1456 4522 1488 4574; x_wconf 82' lang='lat' dir='ltr'>iu</span> <span class='ocrx_word' id='word_1_321' title='bbox 1506 4521 1641 4576; x_wconf 72' lang='lat' dir='ltr'>Piraeum</span> 
     </span>
     <span class='ocr_line' id='line_1_37' title="bbox 407 4606 1641 4678; baseline 0.002 -16"><span class='ocrx_word' id='word_1_322' title='bbox 407 4607 432 4662; x_wconf 90' lang='lat' dir='ltr'>si</span> <span class='ocrx_word' id='word_1_323' title='bbox 449 4607 563 4678; x_wconf 81' lang='lat' dir='ltr'>scripsit</span> <span class='ocrx_word' id='word_1_324' title='bbox 582 4606 687 4674; x_wconf 82' lang='lat' dir='ltr'>Cicero,</span> <span class='ocrx_word' id='word_1_325' title='bbox 706 4607 777 4662; x_wconf 84' lang='lat' dir='ltr'>falso</span> <span class='ocrx_word' id='word_1_326' title='bbox 797 4608 918 4678; x_wconf 85' lang='lat' dir='ltr'>scripsit.</span> <span class='ocrx_word' id='word_1_327' title='bbox 950 4607 1029 4663; x_wconf 89' lang='lat' dir='ltr'>Idem</span> <span class='ocrx_word' id='word_1_328' title='bbox 1043 4607 1113 4662; x_wconf 79' lang='lat' dir='ltr'>Eun.</span> <span class='ocrx_word' id='word_1_329' title='bbox 1128 4629 1139 4662; x_wconf 92' lang='lat'>1</span> <span class='ocrx_word' id='word_1_330' title='bbox 1153 4613 1178 4675; x_wconf 78' lang='lat'>2,</span> <span class='ocrx_word' id='word_1_331' title='bbox 1193 4614 1228 4663; x_wconf 76' lang='lat'>84</span> <span class='ocrx_word' id='word_1_332' title='bbox 1249 4624 1283 4662; x_wconf 89' lang='lat' dir='ltr'>ea</span> <span class='ocrx_word' id='word_1_333' title='bbox 1301 4625 1359 4677; x_wconf 85' lang='lat' dir='ltr'><em>qua</em></span> <span class='ocrx_word' id='word_1_334' title='bbox 1377 4609 1488 4664; x_wconf 87' lang='lat' dir='ltr'>solebat</span> <span class='ocrx_word' id='word_1_335' title='bbox 1506 4607 1641 4664; x_wconf 84' lang='lat' dir='ltr'>libertato</span> 
     </span>
     <span class='ocr_line' id='line_1_38' title="bbox 406 4695 796 4767; baseline 0.005 -18"><span class='ocrx_word' id='word_1_336' title='bbox 406 4695 517 4751; x_wconf 87' lang='lat' dir='ltr'>citavit:</span> <span class='ocrx_word' id='word_1_337' title='bbox 536 4696 578 4750; x_wconf 90' lang='lat' dir='ltr'>ibi</span> <span class='ocrx_word' id='word_1_338' title='bbox 597 4697 673 4752; x_wconf 89' lang='lat' dir='ltr'>enim</span> <span class='ocrx_word' id='word_1_339' title='bbox 691 4696 796 4767; x_wconf 74' lang='lat' dir='ltr'>legitru</span> 
     </span>
    </p>

    <p class='ocr_par' dir='ltr' id='par_1_4' title="bbox 656 4787 1352 4945">
     <span class='ocr_line' id='line_1_39' title="bbox 656 4787 1239 4856; baseline 0 -14"><span class='ocrx_word' id='word_1_340' title='bbox 656 4793 789 4842; x_wconf 72' lang='lat' dir='ltr'>maeatae</span> <span class='ocrx_word' id='word_1_341' title='bbox 806 4787 855 4841; x_wconf 81' lang='lat' dir='ltr'>boe</span> <span class='ocrx_word' id='word_1_342' title='bbox 873 4787 1004 4854; x_wconf 86' lang='lat' dir='ltr'>addebat,</span> <span class='ocrx_word' id='word_1_343' title='bbox 1022 4803 1036 4841; x_wconf 91' lang='lat' dir='ltr'>e</span> <span class='ocrx_word' id='word_1_344' title='bbox 1049 4787 1239 4856; x_wconf 80' lang='lat' dir='ltr'>praedonibus</span> 
     </span>
     <span class='ocr_line' id='line_1_40' title="bbox 656 4875 1352 4945; baseline 0.001 -17"><span class='ocrx_word' id='word_1_345' title='bbox 656 4875 729 4930; x_wconf 87' lang='lat' dir='ltr'>uude</span> <span class='ocrx_word' id='word_1_346' title='bbox 748 4882 859 4941; x_wconf 78' lang='lat' dir='ltr'>annal,</span> <span class='ocrx_word' id='word_1_347' title='bbox 878 4891 905 4930; x_wconf 83' lang='lat' dir='ltr'>se</span> <span class='ocrx_word' id='word_1_348' title='bbox 924 4876 1047 4942; x_wconf 72' lang='lat' dir='ltr'>auduse,</span> <span class='ocrx_word' id='word_1_349' title='bbox 1066 4876 1206 4945; x_wconf 67' lang='lat' dir='ltr'>nuaram</span> <span class='ocrx_word' id='word_1_350' title='bbox 1223 4892 1237 4930; x_wconf 86' lang='lat' dir='ltr'>e</span> <span class='ocrx_word' id='word_1_351' title='bbox 1255 4875 1352 4932; x_wconf 77' lang='lat' dir='ltr'>Sunia</span> 
     </span>
    </p>
   </div>
   <div class='ocr_carea' id='block_1_4' title="bbox 0 0 1988 5725">
    <p class='ocr_par' dir='ltr' id='par_1_5' title="bbox 0 0 1988 5725">
     <span class='ocr_line' id='line_1_41' title="bbox 0 0 1988 5725; baseline 0 2"><span class='ocrx_word' id='word_1_352' title='bbox 0 0 1988 5725; x_wconf 95' lang='lat' dir='ltr'> </span> 
     </span>
    </p>
   </div>
  </div>
 </body>
</html>
