3967 5725
406 648 475 717 482
611 654 709 704 LVIII.
727 653 844 704 INDEX
860 652 1076 704 nicenorum
1092 652 1334 704 HIBERNARUM
1352 654 1483 722 1903J04.

500 813 591 881 Satin
610 817 745 898 apparet
762 812 814 878 vel
832 835 898 879 uno
916 811 1064 896 exemplo
1083 812 1271 898 superstitio
1291 813 1425 878 metrica
1439 817 1519 897 qu'as
1532 813 1642 878 ruinas

408 923 444 987 in
466 923 518 987 his
540 922 687 1007 reliquiis
709 925 879 1005 poetarum
902 922 1082 1005 priscorum
1104 920 1266 1005 pepererit
1288 923 1321 984 et
1343 939 1455 1005 parere
1477 919 1642 1005 potuerit?

498 1046 532 1094 11.
556 1028 632 1094 Non
654 1029 773 1094 minori
797 1027 992 1093 dubitationi
1015 1031 1091 1092 sunt
1115 1048 1195 1111 quae
1214 1025 1413 1092 Ribbeckius
1435 1027 1471 1091 in
1488 1025 1643 1092 Atalante

407 1153 447 1201 vr
469 1135 529 1222 (50
547 1133 609 1222 sq.)
634 1134 778 1220 scripsit:

549 1242 644 1308 Viam
665 1262 761 1324 prom
783 1242 930 1306 iactatum
953 1239 1059 1306 dedito
1081 1241 1242 1322 ucet'quod
1257 1239 1475 1323 primdrdium

545 1348 712 1431 (lopiacum
734 1349 780 1413 od
799 1349 928 1430 stepen
951 1347 1185 1429 exquirendum.

408 1455 494 1524 Nam
515 1455 644 1521 Nouius
666 1454 746 1519 haec
768 1454 814 1518 ita
836 1453 1004 1538 perhibuit
1025 1476 1056 1538 p.
1076 1453 1151 1539 226,
1174 1453 1218 1518 32

545 1564 684 1645 ‘ntum
708 1563 830 1643 pencris
854 1561 1035 1641 feminini.
1059 1605 1067 1624 .
1091 1611 1098 1624 .
1121 1561 1294 1626 mascelino
1318 1561 1449 1626 Ennius
1475 1561 1644 1626 annalium

543 1669 622 1733 libro
645 1687 668 1732 v
688 1667 744 1753 [vr
766 1667 884 1754 fr.1v].
921 1668 1083 1732 Pacuuius
1104 1667 1262 1733 Atalanta
1286 1668 1415 1733 “decbito
1442 1689 1537 1750 quom
1565 1669 1643 1734 beet

369 1803 397 1847 re
543 1781 626 1842 dum
652 1776 739 1840 mom
761 1780 817 1841 aad
845 1775 928 1857 quod
948 1775 1164 1856 primordium
1192 1775 1349 1856 cupiosum
1372 1776 1418 1840 ad
1442 1776 1571 1856 stirpen
1593 1795 1644 1841 eu·-

543 1883 759 1966 quirentem''.’
1675 1937 1678 1944 .

409 1989 448 2055 In
471 1990 589 2076 quibus
612 1989 674 2055 hoe
689 1993 874 2054 extremum
896 1987 1089 2054 vocabulum
1113 1989 1194 2054 falso
1219 1989 1375 2074 scriptum
1399 1993 1449 2055 est
1469 1989 1644 2074 etpridem
1715 2031 1718 2038 ·

409 2097 595 2163 restitutum
622 2097 854 2180 mqubmdum.
895 2093 963 2161 Iam
990 2117 1051 2160 nos
1079 2118 1145 2161 non
1171 2095 1246 2160 inde
1269 2096 1481 2180 primordium
1505 2095 1644 2181 capessi-

408 2225 480 2270 mus
511 2207 549 2268 ut
581 2224 663 2288 quos
694 2223 844 2267 numeros
871 2201 951 2267 haec
978 2202 1131 2267 habuisse
1159 2201 1244 2286 apud
1272 2201 1448 2268 Pacuvium
1475 2202 1645 2267 videantur

409 2311 627 2396 inquiramus,
654 2310 710 2375 sed
736 2308 835 2374 uerba
862 2309 1115 2393 consideremus,
1143 2330 1225 2394 quae
1252 2329 1312 2374 nos
1339 2310 1385 2373 ita
1401 2309 1590 2394 ¹perscripta
1612 2312 1646 2373 et

410 2417 559 2483 ordinata
585 2416 764 2482 iudicamus
791 2417 832 2481 ut'
856 2417 913 2500 qui
940 2439 979 2481 ea
1004 2419 1166 2481 mutatum
1190 2419 1242 2481 eat
1265 2437 1331 2482 non
1353 2416 1458 2500 possit
1480 2438 1546 2481 non
1569 2415 1645 2480 insi·

410 2525 517 2610 gniter
535 2523 716 2608 depravare.
748 2521 946 2587 Ribbeckius
966 2521 1105 2607 quidem,
1124 2543 1196 2587 eum
1216 2521 1301 2587 hanc
1319 2523 1496 2588 orationem
1518 2523 1564 2588 ita
1581 2523 1645 2587 for·

409 2632 511 2697 mavit
537 2634 575 2694 ut
603 2652 701 2714 supra
728 2629 885 2713 scriptum
913 2633 976 2712 est,
1004 2627 1175 2694 verborum
1198 2630 1341 2715 positum
1363 2629 1565 2714 recuperavit
1588 2628 1644 2713 qui

411 2739 559 2825 quamvis
582 2736 747 2821 quaesitus
769 2757 884 2822 parum
908 2735 949 2800 ad
971 2735 1163 2802 sententiam
1180 2736 1287 2802 faciat.
1324 2735 1427 2822 Atqui
1445 2737 1505 2802 hoe
1523 2739 1644 2822 poetas,

370 2871 397 2916 ro
410 2846 597 2929 Pacuvium,
619 2842 765 2927 Accium,
788 2842 827 2908 de
851 2866 915 2929 quo
939 2866 1041 2928 nuper
1062 2843 1210 2929 diximus,
1234 2843 1262 2910 si
1280 2843 1333 2910 cui
1351 2847 1444 2910 vacat
1461 2842 1525 2910 hoc
1542 2847 1645 2909 atten-

411 2952 494 3037 dere,
515 2952 610 3017 facile
632 2951 813 3035 perspicere
835 2951 913 3015 licet
934 2952 1018 3015 mira
1040 2951 1245 3036 simplicitate
1269 2951 1396 3017 dicendi
1419 2974 1491 3031 cum
1515 2950 1549 3015 in
1572 2950 1644 3015 aliis

410 3064 479 3125 tum
508 3059 645 3124 maxime
673 3057 708 3122 in
735 3056 914 3122 ordinanda
940 3058 1086 3122 oratione
1113 3059 1177 3145 uti,
1203 3059 1239 3123 in
1266 3079 1330 3143 qua
1359 3059 1414 3123 vix
1438 3082 1457 3123 a
1479 3056 1682 3122 communit

410 3188 501 3231 more
523 3164 678 3250 loquendi
701 3164 879 3231 discedunt.
915 3162 1030 3249 Itaque
1052 3186 1139 3230 nunc
1161 3163 1316 3230 Atalanta
1332 3164 1523 3248 Pacuviana,
1547 3162 1644 3248 siqui·

411 3272 484 3339 dem
507 3277 557 3338 eet
575 3271 738 3355 Atalanta,
760 3270 870 3337 Nonio
894 3274 1026 3339 auctore
1048 3272 1096 3337 ita
1118 3271 1263 3357 loquitur
1285 3276 1323 3337 ut
1341 3271 1475 3356 incipiat
1493 3292 1512 3335 a
1530 3270 1643 3350 dubito,

410 3403 430 3446 a
448 3402 513 3464 quo
531 3378 630 3445 verbo
648 3377 810 3463 pendeant
828 3379 892 3444 duo
910 3400 1006 3461 quum
1024 3381 1171 3445 insuetum
1189 3380 1276 3444 vium
1290 3382 1323 3443 et
1336 3380 1419 3461 quod
1429 3377 1644 3460 primordium

409 3489 577 3569 cupiosum
597 3506 679 3570 quae
698 3486 762 3550 duo
781 3484 865 3550 idem
885 3484 1072 3571 significant
1090 3486 1234 3551 oratione
1252 3486 1342 3550 vana
1360 3484 1497 3569 ideoque
1515 3506 1572 3568 per
1589 3489 1647 3549 out

408 3592 603 3678 particulam
632 3592 812 3678 iunguntur
839 3613 877 3657 eo
905 3613 994 3657 mere
1018 3614 1115 3676 quem
1138 3591 1217 3657 alibi
1238 3592 1389 3678 pluribus
1411 3590 1519 3656 verbis
1541 3612 1645 3676 peree-

410 3701 478 3765 cuti
498 3697 663 3786 sumus*):
681 3698 721 3763 ab
740 3698 792 3764 his
810 3702 920 3764 autem
939 3698 1064 3763 duobus
1081 3699 1131 3764 ita
1148 3699 1308 3783 copulatis
1326 3720 1438 3765 rursus
1454 3720 1645 3784 suspensum

411 3810 461 3871 est
485 3807 530 3871 ad
555 3807 683 3889 stirpem
705 3806 944 3889 exquirendum,
973 3806 1061 3890 quod
1084 3828 1150 3871 non
1173 3804 1213 3870 ab
1237 3804 1339 3871 altero
1363 3809 1490 3871 tautum
1511 3806 1645 3892 regitur,

368 3940 397 3981 ao
411 3912 466 3978 red
489 3937 509 3978 a
531 3913 668 3997 duobus,
690 3916 728 3979 ut
750 3913 797 3978 ita
819 3913 906 3978 dicat
929 3914 1027 3996 quam
1049 3914 1134 3978 viam
1158 3912 1304 3980 insistam
1328 3916 1384 3979 aut
1407 3911 1494 3997 quod
1511 3912 1647 3998 primor-

410 4020 498 4085 dium
522 4022 647 4105 capiam
670 4020 711 4085 ad
733 4020 968 4105 exquirendum
990 4020 1025 4085 id
1048 4018 1136 4105 quod
1158 4018 1234 4085 volo
1258 4018 1380 4086 dubito.

499 4126 584 4204 Quid
612 4148 689 4213 ergo
717 4130 787 4192 erat
814 4125 901 4211 quod
923 4126 1139 4193 Ribbeckium
1162 4126 1334 4193 adduceret
1356 4130 1394 4191 ut
1416 4128 1500 4192 hanc
1522 4126 1646 4211 optime

410 4235 622 4319 compositam
646 4233 824 4299 orationem
847 4234 975 4299 inuersa
997 4234 1167 4300 verborum
1191 4234 1408 4299 collocatione
1427 4230 1646 4298 disturbaret?

498 4446 563 4516 *28)
585 4446 660 4517 Quid
674 4446 799 4515 primm
817 4462 918 4515 querar
935 4451 987 4500 aut
1004 4445 1077 4500 unde
1091 4444 1266 4515 potissimmn
1284 4444 1381 4500 ordiar
1400 4442 1504 4499 Cicero.

665 4535 742 4591 Unde
759 4542 821 4591 tuos
836 4537 959 4605 manum
976 4541 1109 4603 repetem,
1127 4551 1163 4590 m.
1184 4534 1227 4601 0.,
1243 4533 1348 4602 samua,

699 4625 778 4697 Quod
795 4626 864 4680 mdci
881 4626 933 4680 doe
949 4624 1049 4693 firm,
1069 4624 1112 4692 0.,
1126 4624 1301 4694 principium

410 4711 580 4781 Propertius.
608 4715 646 4769 Et
663 4716 731 4770 sunt
747 4713 807 4769 alia
825 4713 929 4782 quibus
947 4714 1019 4768 haec
1036 4712 1158 4769 varietas
1177 4710 1291 4767 dicendi
1310 4710 1340 4765 in
1358 4708 1501 4766 sententia
1517 4708 1644 4779 compari

411 4798 580 4857 illustretur:
596 4820 651 4872 quo
664 4803 757 4875 magia
771 4805 891 4873 apparet
904 4802 974 4857 baec
987 4819 1072 4872 quum
1084 4803 1211 4858 imum
1224 4802 1299 4858 mam
1311 4805 1363 4855 out
1376 4800 1449 4870 qaod
1457 4798 1645 4869 primordium

410 4891 547 4960 musam
564 4893 710 4960 tanquam
729 4909 782 4961 par
799 4891 936 4947 similium
955 4891 1094 4960 componi.
