<?xml version="1.0" encoding="UTF-8"?>
<!DOCTYPE html PUBLIC "-//W3C//DTD XHTML 1.0 Transitional//EN"
    "http://www.w3.org/TR/xhtml1/DTD/xhtml1-transitional.dtd">
<html xmlns="http://www.w3.org/1999/xhtml" xml:lang="en" lang="en">
 <head>
  <title>
</title>
<meta http-equiv="Content-Type" content="text/html;charset=utf-8" />
  <meta name='ocr-system' content='tesseract 3.04.00' />
  <meta name='ocr-capabilities' content='ocr_page ocr_carea ocr_par ocr_line ocrx_word'/>
</head>
<body>
  <div class='ocr_page' id='page_1' title='image "./iohannisvahleni00vahlgoog/iohannisvahleni00vahlgoog_0535.png"; bbox 0 0 3967 5725; ppageno 0'>
   <div class='ocr_carea' id='block_1_1' title="bbox 518 645 1589 710">
    <p class='ocr_par' dir='ltr' id='par_1_1' title="bbox 518 645 1589 710">
     <span class='ocr_line' id='line_1_1' title="bbox 518 645 1589 710; baseline 0.006 -15"><span class='ocrx_word' id='word_1_1' title='bbox 518 647 568 696; x_wconf 82' lang='lat' dir='ltr'>DE</span> <span class='ocrx_word' id='word_1_2' title='bbox 586 646 749 696; x_wconf 85' lang='lat' dir='ltr'><strong>VERGILII</strong></span> <span class='ocrx_word' id='word_1_3' title='bbox 768 645 929 696; x_wconf 83' lang='lat' dir='ltr'><strong>CARMINE</strong></span> <span class='ocrx_word' id='word_1_4' title='bbox 946 646 1131 698; x_wconf 82' lang='lat' dir='ltr'><strong>BUCOLIOO</strong></span> <span class='ocrx_word' id='word_1_5' title='bbox 1151 648 1225 699; x_wconf 86' lang='lat' dir='ltr'><strong>VIII.</strong></span> <span class='ocrx_word' id='word_1_6' title='bbox 1245 648 1335 699; x_wconf 86' lang='lat' dir='ltr'><strong>DISP.</strong></span> <span class='ocrx_word' id='word_1_7' title='bbox 1351 649 1387 700; x_wconf 90' lang='lat'>11.</span> <span class='ocrx_word' id='word_1_8' title='bbox 1523 645 1589 710; x_wconf 82' lang='grc'>543</span> 
     </span>
    </p>
   </div>
   <div class='ocr_carea' id='block_1_2' title="bbox 312 803 1710 4954">
    <p class='ocr_par' dir='ltr' id='par_1_2' title="bbox 312 803 1710 4954">
     <span class='ocr_line' id='line_1_2' title="bbox 358 803 1591 893; baseline 0 -21"><span class='ocrx_word' id='word_1_9' title='bbox 358 803 574 893; x_wconf 75' lang='lat'>(5†6†5);</span> <span class='ocrx_word' id='word_1_10' title='bbox 607 807 735 871; x_wconf 88' lang='lat' dir='ltr'>eaedem</span> <span class='ocrx_word' id='word_1_11' title='bbox 765 829 805 871; x_wconf 92' lang='lat' dir='ltr'>ex</span> <span class='ocrx_word' id='word_1_12' title='bbox 831 806 1009 871; x_wconf 87' lang='lat' dir='ltr'>Hermanni</span> <span class='ocrx_word' id='word_1_13' title='bbox 1041 808 1221 872; x_wconf 88' lang='lat' dir='ltr'>rationibus</span> <span class='ocrx_word' id='word_1_14' title='bbox 1252 810 1375 892; x_wconf 82' lang='lat' dir='ltr'>primae</span> <span class='ocrx_word' id='word_1_15' title='bbox 1401 831 1467 873; x_wconf 92' lang='lat' dir='ltr'>uno</span> <span class='ocrx_word' id='word_1_16' title='bbox 1495 831 1591 872; x_wconf 85' lang='lat' dir='ltr'>versu</span> 
     </span>
     <span class='ocr_line' id='line_1_3' title="bbox 359 911 1591 1000; baseline 0.002 -22"><span class='ocrx_word' id='word_1_17' title='bbox 359 911 431 1000; x_wconf 82' lang='lat'>(49)</span> <span class='ocrx_word' id='word_1_18' title='bbox 456 914 613 995; x_wconf 89' lang='lat' dir='ltr'>detracto,</span> <span class='ocrx_word' id='word_1_19' title='bbox 641 913 765 977; x_wconf 90' lang='lat' dir='ltr'>adiecto</span> <span class='ocrx_word' id='word_1_20' title='bbox 793 915 870 977; x_wconf 89' lang='lat' dir='ltr'>item</span> <span class='ocrx_word' id='word_1_21' title='bbox 897 937 963 978; x_wconf 91' lang='lat' dir='ltr'>uno</span> <span class='ocrx_word' id='word_1_22' title='bbox 988 912 1060 1000; x_wconf 82' lang='lat'>(59)</span> <span class='ocrx_word' id='word_1_23' title='bbox 1083 917 1198 979; x_wconf 77' lang='lat' dir='ltr'>tertiae</span> <span class='ocrx_word' id='word_1_24' title='bbox 1221 916 1326 999; x_wconf 86' lang='lat' dir='ltr'>prima</span> <span class='ocrx_word' id='word_1_25' title='bbox 1350 919 1516 999; x_wconf 90' lang='lat' dir='ltr'>quattuor,</span> <span class='ocrx_word' id='word_1_26' title='bbox 1544 937 1591 980; x_wconf 85' lang='lat' dir='ltr'>se·</span> 
     </span>
     <span class='ocr_line' id='line_1_4' title="bbox 359 1020 1591 1109; baseline 0.002 -25"><span class='ocrx_word' id='word_1_27' title='bbox 359 1020 463 1084; x_wconf 91' lang='lat' dir='ltr'>cunda</span> <span class='ocrx_word' id='word_1_28' title='bbox 486 1024 518 1083; x_wconf 92' lang='lat' dir='ltr'>et</span> <span class='ocrx_word' id='word_1_29' title='bbox 541 1021 637 1084; x_wconf 89' lang='lat' dir='ltr'>tertia</span> <span class='ocrx_word' id='word_1_30' title='bbox 660 1042 716 1084; x_wconf 88' lang='lat' dir='ltr'>sex</span> <span class='ocrx_word' id='word_1_31' title='bbox 738 1041 849 1084; x_wconf 87' lang='lat' dir='ltr'>versus</span> <span class='ocrx_word' id='word_1_32' title='bbox 873 1021 1027 1084; x_wconf 80' lang='lat' dir='ltr'>exhibent</span> <span class='ocrx_word' id='word_1_33' title='bbox 1051 1020 1260 1109; x_wconf 68' lang='lat' dir='ltr'>(4÷e÷6).</span> <span class='ocrx_word' id='word_1_34' title='bbox 1299 1021 1387 1099; x_wconf 85' lang='lat' dir='ltr'>Quae</span> <span class='ocrx_word' id='word_1_35' title='bbox 1411 1024 1438 1086; x_wconf 89' lang='lat' dir='ltr'>si</span> <span class='ocrx_word' id='word_1_36' title='bbox 1462 1027 1591 1088; x_wconf 89' lang='lat' dir='ltr'>eonten-</span> 
     </span>
     <span class='ocr_line' id='line_1_5' title="bbox 360 1127 1593 1215; baseline 0.002 -24"><span class='ocrx_word' id='word_1_37' title='bbox 360 1127 465 1192; x_wconf 82' lang='lat' dir='ltr'>dimus</span> <span class='ocrx_word' id='word_1_38' title='bbox 486 1149 559 1192; x_wconf 91' lang='lat' dir='ltr'>cum</span> <span class='ocrx_word' id='word_1_39' title='bbox 577 1127 710 1191; x_wconf 89' lang='lat' dir='ltr'>alterius</span> <span class='ocrx_word' id='word_1_40' title='bbox 730 1132 841 1192; x_wconf 87' lang='lat' dir='ltr'>cantus</span> <span class='ocrx_word' id='word_1_41' title='bbox 861 1128 1004 1211; x_wconf 88' lang='lat' dir='ltr'>strophis</span> <span class='ocrx_word' id='word_1_42' title='bbox 1024 1130 1101 1193; x_wconf 89' lang='lat' dir='ltr'>item</span> <span class='ocrx_word' id='word_1_43' title='bbox 1119 1130 1225 1193; x_wconf 88' lang='lat' dir='ltr'>tribus</span> <span class='ocrx_word' id='word_1_44' title='bbox 1238 1129 1372 1214; x_wconf 68' lang='lat' dir='ltr'>ultimis</span> <span class='ocrx_word' id='word_1_45' title='bbox 1390 1129 1593 1215; x_wconf 78' lang='lat' dir='ltr'>intelligitur,</span> 
     </span>
     <span class='ocr_line' id='line_1_6' title="bbox 360 1234 1592 1318; baseline 0.003 -21"><span class='ocrx_word' id='word_1_46' title='bbox 360 1255 567 1299; x_wconf 90' lang='lat' dir='ltr'>numerorum</span> <span class='ocrx_word' id='word_1_47' title='bbox 591 1255 781 1299; x_wconf 87' lang='lat' dir='ltr'>consensum</span> <span class='ocrx_word' id='word_1_48' title='bbox 805 1234 931 1299; x_wconf 91' lang='lat' dir='ltr'>nullum</span> <span class='ocrx_word' id='word_1_49' title='bbox 955 1257 1023 1300; x_wconf 88' lang='lat' dir='ltr'>esse</span> <span class='ocrx_word' id='word_1_50' title='bbox 1047 1236 1080 1299; x_wconf 90' lang='lat' dir='ltr'>in</span> <span class='ocrx_word' id='word_1_51' title='bbox 1104 1236 1206 1318; x_wconf 88' lang='lat' dir='ltr'>libris,</span> <span class='ocrx_word' id='word_1_52' title='bbox 1229 1236 1284 1300; x_wconf 92' lang='lat' dir='ltr'>sed</span> <span class='ocrx_word' id='word_1_53' title='bbox 1306 1259 1347 1301; x_wconf 92' lang='lat' dir='ltr'>ne</span> <span class='ocrx_word' id='word_1_54' title='bbox 1371 1235 1592 1301; x_wconf 88' lang='lat' dir='ltr'>Hermannum</span> 
     </span>
     <span class='ocr_line' id='line_1_7' title="bbox 360 1341 1593 1426; baseline 0 -20"><span class='ocrx_word' id='word_1_55' title='bbox 360 1341 490 1425; x_wconf 90' lang='lat' dir='ltr'>quidem</span> <span class='ocrx_word' id='word_1_56' title='bbox 518 1363 594 1405; x_wconf 87' lang='lat' dir='ltr'>suae</span> <span class='ocrx_word' id='word_1_57' title='bbox 621 1342 739 1405; x_wconf 89' lang='lat' dir='ltr'>rationi</span> <span class='ocrx_word' id='word_1_58' title='bbox 765 1343 990 1406; x_wconf 86' lang='lat' dir='ltr'>convenientes</span> <span class='ocrx_word' id='word_1_59' title='bbox 1015 1366 1068 1408; x_wconf 87' lang='lat' dir='ltr'>eas</span> <span class='ocrx_word' id='word_1_60' title='bbox 1092 1343 1276 1426; x_wconf 80' lang='lat' dir='ltr'>offendisse,</span> <span class='ocrx_word' id='word_1_61' title='bbox 1300 1343 1459 1426; x_wconf 67' lang='lat' dir='ltr'>&#39;quoniam</span> <span class='ocrx_word' id='word_1_62' title='bbox 1482 1365 1516 1407; x_wconf 93' lang='lat' dir='ltr'>se</span> <span class='ocrx_word' id='word_1_63' title='bbox 1540 1364 1593 1407; x_wconf 91' lang='lat' dir='ltr'>ex-</span> 
     </span>
     <span class='ocr_line' id='line_1_8' title="bbox 361 1447 1593 1538; baseline 0.002 -26"><span class='ocrx_word' id='word_1_64' title='bbox 361 1449 486 1533; x_wconf 88' lang='lat' dir='ltr'>cipiunt</span> <span class='ocrx_word' id='word_1_65' title='bbox 508 1454 574 1512; x_wconf 89' lang='lat' dir='ltr'>tres</span> <span class='ocrx_word' id='word_1_66' title='bbox 599 1449 750 1531; x_wconf 84' lang='lat' dir='ltr'>strophae</span> <span class='ocrx_word' id='word_1_67' title='bbox 769 1447 915 1512; x_wconf 89' lang='lat' dir='ltr'>versibus</span> <span class='ocrx_word' id='word_1_68' title='bbox 933 1471 990 1514; x_wconf 88' lang='lat' dir='ltr'>sex</span> <span class='ocrx_word' id='word_1_69' title='bbox 1010 1448 1180 1536; x_wconf 82' lang='lat'>(94-99),</span> <span class='ocrx_word' id='word_1_70' title='bbox 1205 1453 1357 1534; x_wconf 90' lang='lat' dir='ltr'>quattuor</span> <span class='ocrx_word' id='word_1_71' title='bbox 1375 1447 1593 1538; x_wconf 82' lang='lat' dir='ltr'>(loe-103),</span> 
     </span>
     <span class='ocr_line' id='line_1_9' title="bbox 361 1553 1593 1644; baseline 0.001 -25"><span class='ocrx_word' id='word_1_72' title='bbox 361 1578 417 1620; x_wconf 90' lang='lat' dir='ltr'>sex</span> <span class='ocrx_word' id='word_1_73' title='bbox 446 1554 652 1643; x_wconf 82' lang='lat'>(104-109)</span> <span class='ocrx_word' id='word_1_74' title='bbox 682 1557 878 1638; x_wconf 90' lang='lat' dir='ltr'>compositae</span> <span class='ocrx_word' id='word_1_75' title='bbox 907 1553 1124 1644; x_wconf 68' lang='lat'>(6÷4†6),</span> <span class='ocrx_word' id='word_1_76' title='bbox 1158 1579 1239 1641; x_wconf 88' lang='lat' dir='ltr'>quae</span> <span class='ocrx_word' id='word_1_77' title='bbox 1271 1559 1402 1622; x_wconf 88' lang='lat' dir='ltr'>fuerunt</span> <span class='ocrx_word' id='word_1_78' title='bbox 1434 1559 1468 1621; x_wconf 89' lang='lat' dir='ltr'>in</span> <span class='ocrx_word' id='word_1_79' title='bbox 1497 1561 1593 1622; x_wconf 85' lang='lat' dir='ltr'>cantu</span> 
     </span>
     <span class='ocr_line' id='line_1_10' title="bbox 360 1661 1592 1750; baseline 0 -23"><span class='ocrx_word' id='word_1_80' title='bbox 360 1662 468 1746; x_wconf 92' lang='lat' dir='ltr'>priore</span> <span class='ocrx_word' id='word_1_81' title='bbox 491 1663 636 1727; x_wconf 86' lang='lat' dir='ltr'>versibus</span> <span class='ocrx_word' id='word_1_82' title='bbox 659 1662 843 1743; x_wconf 73' lang='lat'>4†6÷6.</span> <span class='ocrx_word' id='word_1_83' title='bbox 881 1661 966 1739; x_wconf 84' lang='lat' dir='ltr'>Quid</span> <span class='ocrx_word' id='word_1_84' title='bbox 988 1663 1091 1748; x_wconf 87' lang='lat' dir='ltr'>igitur</span> <span class='ocrx_word' id='word_1_85' title='bbox 1113 1665 1278 1730; x_wconf 85' lang='lat' dir='ltr'>instituit?</span> <span class='ocrx_word' id='word_1_86' title='bbox 1314 1664 1524 1750; x_wconf 83' lang='lat' dir='ltr'>Argumentis</span> <span class='ocrx_word' id='word_1_87' title='bbox 1547 1665 1592 1728; x_wconf 89' lang='lat' dir='ltr'>in·</span> 
     </span>
     <span class='ocr_line' id='line_1_11' title="bbox 361 1769 1637 1855; baseline 0.003 -21"><span class='ocrx_word' id='word_1_88' title='bbox 361 1771 519 1835; x_wconf 78' lang='lat' dir='ltr'>trinsecus</span> <span class='ocrx_word' id='word_1_89' title='bbox 542 1769 653 1854; x_wconf 89' lang='lat' dir='ltr'>petitis</span> <span class='ocrx_word' id='word_1_90' title='bbox 676 1769 849 1853; x_wconf 89' lang='lat' dir='ltr'>probatum</span> <span class='ocrx_word' id='word_1_91' title='bbox 872 1769 933 1834; x_wconf 84' lang='lat' dir='ltr'>ivit</span> <span class='ocrx_word' id='word_1_92' title='bbox 955 1771 1121 1854; x_wconf 88' lang='lat' dir='ltr'>stropham</span> <span class='ocrx_word' id='word_1_93' title='bbox 1140 1793 1237 1855; x_wconf 90' lang='lat' dir='ltr'>quam</span> <span class='ocrx_word' id='word_1_94' title='bbox 1255 1771 1331 1836; x_wconf 90' lang='lat' dir='ltr'>libri</span> <span class='ocrx_word' id='word_1_95' title='bbox 1352 1771 1523 1854; x_wconf 84' lang='lat' dir='ltr'>secundam</span> <span class='ocrx_word' id='word_1_96' title='bbox 1543 1795 1594 1836; x_wconf 90' lang='lat' dir='ltr'>ex·</span> <span class='ocrx_word' id='word_1_97' title='bbox 1609 1798 1637 1838; x_wconf 85' lang='lat' dir='ltr'>m</span> 
     </span>
     <span class='ocr_line' id='line_1_12' title="bbox 361 1874 1596 1966; baseline 0.001 -25"><span class='ocrx_word' id='word_1_98' title='bbox 361 1877 475 1941; x_wconf 91' lang='lat' dir='ltr'>hibent</span> <span class='ocrx_word' id='word_1_99' title='bbox 494 1874 701 1963; x_wconf 83' lang='lat' dir='ltr'>(loo-103)</span> <span class='ocrx_word' id='word_1_100' title='bbox 724 1898 782 1941; x_wconf 91' lang='lat' dir='ltr'>suo</span> <span class='ocrx_word' id='word_1_101' title='bbox 806 1878 878 1942; x_wconf 90' lang='lat' dir='ltr'>loco</span> <span class='ocrx_word' id='word_1_102' title='bbox 901 1880 1023 1942; x_wconf 89' lang='lat' dir='ltr'>motam</span> <span class='ocrx_word' id='word_1_103' title='bbox 1047 1881 1079 1942; x_wconf 92' lang='lat' dir='ltr'>et</span> <span class='ocrx_word' id='word_1_104' title='bbox 1096 1879 1220 1963; x_wconf 87' lang='lat' dir='ltr'>primae</span> <span class='ocrx_word' id='word_1_105' title='bbox 1239 1876 1402 1966; x_wconf 73' lang='lat' dir='ltr'>(ee-99)</span> <span class='ocrx_word' id='word_1_106' title='bbox 1422 1901 1490 1943; x_wconf 90' lang='lat' dir='ltr'>esse</span> <span class='ocrx_word' id='word_1_107' title='bbox 1509 1881 1596 1942; x_wconf 77' lang='lat' dir='ltr'>unte</span> 
     </span>
     <span class='ocr_line' id='line_1_13' title="bbox 361 1983 1595 2073; baseline 0.001 -25"><span class='ocrx_word' id='word_1_108' title='bbox 361 1984 559 2068; x_wconf 89' lang='lat' dir='ltr'>ponendam:</span> <span class='ocrx_word' id='word_1_109' title='bbox 583 2005 648 2066; x_wconf 91' lang='lat' dir='ltr'>quo</span> <span class='ocrx_word' id='word_1_110' title='bbox 671 1984 757 2048; x_wconf 88' lang='lat' dir='ltr'>facto</span> <span class='ocrx_word' id='word_1_111' title='bbox 781 1984 941 2047; x_wconf 87' lang='lat' dir='ltr'>exsistunt</span> <span class='ocrx_word' id='word_1_112' title='bbox 963 1985 1089 2050; x_wconf 90' lang='lat' dir='ltr'>numeri</span> <span class='ocrx_word' id='word_1_113' title='bbox 1112 2007 1262 2050; x_wconf 88' lang='lat' dir='ltr'>versuum</span> <span class='ocrx_word' id='word_1_114' title='bbox 1287 1983 1488 2073; x_wconf 48' lang='lat' dir='ltr'>(dl-4443)</span> <span class='ocrx_word' id='word_1_115' title='bbox 1513 2006 1595 2069; x_wconf 92' lang='lat' dir='ltr'>quos</span> 
     </span>
     <span class='ocr_line' id='line_1_14' title="bbox 363 2090 1578 2181; baseline -0.003 -25"><span class='ocrx_word' id='word_1_116' title='bbox 363 2112 537 2156; x_wconf 79' lang='lat' dir='ltr'>consensus</span> <span class='ocrx_word' id='word_1_117' title='bbox 561 2090 768 2155; x_wconf 86' lang='lat' dir='ltr'>desiderabat.</span> <span class='ocrx_word' id='word_1_118' title='bbox 1574 2174 1578 2181; x_wconf 24' lang='grc' dir='ltr'>Ι</span> 
     </span>
     <span class='ocr_line' id='line_1_15' title="bbox 452 2195 1596 2284; baseline 0.003 -24"><span class='ocrx_word' id='word_1_119' title='bbox 452 2195 555 2280; x_wconf 82' lang='lat' dir='ltr'>Atqui</span> <span class='ocrx_word' id='word_1_120' title='bbox 579 2219 675 2280; x_wconf 91' lang='lat' dir='ltr'>quam</span> <span class='ocrx_word' id='word_1_121' title='bbox 697 2197 802 2281; x_wconf 90' lang='lat' dir='ltr'>fidem,</span> <span class='ocrx_word' id='word_1_122' title='bbox 826 2219 1028 2280; x_wconf 88' lang='lat' dir='ltr'>quaesumus,</span> <span class='ocrx_word' id='word_1_123' title='bbox 1050 2197 1169 2262; x_wconf 90' lang='lat' dir='ltr'>habere</span> <span class='ocrx_word' id='word_1_124' title='bbox 1191 2199 1268 2265; x_wconf 91' lang='lat' dir='ltr'>licet</span> <span class='ocrx_word' id='word_1_125' title='bbox 1292 2199 1498 2284; x_wconf 87' lang='lat' dir='ltr'>stropharum</span> <span class='ocrx_word' id='word_1_126' title='bbox 1521 2221 1596 2265; x_wconf 93' lang='lat' dir='ltr'>con-</span> 
     </span>
     <span class='ocr_line' id='line_1_16' title="bbox 364 2304 1597 2389; baseline 0.002 -21"><span class='ocrx_word' id='word_1_127' title='bbox 364 2304 522 2387; x_wconf 87' lang='lat' dir='ltr'>cinnitati,</span> <span class='ocrx_word' id='word_1_128' title='bbox 545 2325 626 2387; x_wconf 89' lang='lat' dir='ltr'>quae</span> <span class='ocrx_word' id='word_1_129' title='bbox 649 2304 712 2368; x_wconf 89' lang='lat' dir='ltr'>nisi</span> <span class='ocrx_word' id='word_1_130' title='bbox 735 2327 774 2368; x_wconf 91' lang='lat' dir='ltr'>ex</span> <span class='ocrx_word' id='word_1_131' title='bbox 793 2308 930 2388; x_wconf 89' lang='lat' dir='ltr'>utraque</span> <span class='ocrx_word' id='word_1_132' title='bbox 952 2309 1045 2389; x_wconf 89' lang='lat' dir='ltr'>parte</span> <span class='ocrx_word' id='word_1_133' title='bbox 1067 2306 1216 2370; x_wconf 88' lang='lat' dir='ltr'>maehina</span> <span class='ocrx_word' id='word_1_134' title='bbox 1239 2307 1367 2371; x_wconf 86' lang='lat' dir='ltr'>admota</span> <span class='ocrx_word' id='word_1_135' title='bbox 1384 2308 1512 2372; x_wconf 90' lang='lat' dir='ltr'>restitui</span> <span class='ocrx_word' id='word_1_136' title='bbox 1530 2329 1597 2371; x_wconf 90' lang='lat' dir='ltr'>non</span> 
     </span>
     <span class='ocr_line' id='line_1_17' title="bbox 364 2409 1596 2496; baseline 0 -20"><span class='ocrx_word' id='word_1_137' title='bbox 364 2412 481 2496; x_wconf 86' lang='lat' dir='ltr'>potuit.</span> <span class='ocrx_word' id='word_1_138' title='bbox 527 2409 614 2487; x_wconf 85' lang='lat' dir='ltr'>Quae</span> <span class='ocrx_word' id='word_1_139' title='bbox 646 2411 834 2476; x_wconf 90' lang='lat' dir='ltr'>emendandi</span> <span class='ocrx_word' id='word_1_140' title='bbox 867 2413 1035 2476; x_wconf 87' lang='lat' dir='ltr'>conamina</span> <span class='ocrx_word' id='word_1_141' title='bbox 1067 2434 1261 2496; x_wconf 90' lang='lat' dir='ltr'>quamquam</span> <span class='ocrx_word' id='word_1_142' title='bbox 1293 2413 1497 2478; x_wconf 89' lang='lat' dir='ltr'>Hermannus</span> <span class='ocrx_word' id='word_1_143' title='bbox 1530 2415 1596 2477; x_wconf 90' lang='lat' dir='ltr'>suis</span> 
     </span>
     <span class='ocr_line' id='line_1_18' title="bbox 312 2517 1598 2605; baseline -0.002 -19"><span class='ocrx_word' id='word_1_144' title='bbox 312 2532 349 2586; x_wconf 76' lang='lat'>17</span> <span class='ocrx_word' id='word_1_145' title='bbox 364 2517 545 2582; x_wconf 90' lang='lat' dir='ltr'>rationibus</span> <span class='ocrx_word' id='word_1_146' title='bbox 568 2517 629 2582; x_wconf 91' lang='lat' dir='ltr'>niti</span> <span class='ocrx_word' id='word_1_147' title='bbox 651 2517 765 2603; x_wconf 84' lang='lat' dir='ltr'>voluit,</span> <span class='ocrx_word' id='word_1_148' title='bbox 787 2522 896 2583; x_wconf 88' lang='lat' dir='ltr'>tamen</span> <span class='ocrx_word' id='word_1_149' title='bbox 919 2521 991 2603; x_wconf 88' lang='lat' dir='ltr'>quis</span> <span class='ocrx_word' id='word_1_150' title='bbox 1014 2542 1081 2585; x_wconf 88' lang='lat' dir='ltr'>uon</span> <span class='ocrx_word' id='word_1_151' title='bbox 1103 2520 1191 2584; x_wconf 83' lang='lat' dir='ltr'>videt</span> <span class='ocrx_word' id='word_1_152' title='bbox 1209 2519 1244 2584; x_wconf 91' lang='lat' dir='ltr'>in</span> <span class='ocrx_word' id='word_1_153' title='bbox 1262 2519 1322 2585; x_wconf 89' lang='lat' dir='ltr'>hae</span> <span class='ocrx_word' id='word_1_154' title='bbox 1341 2521 1481 2586; x_wconf 86' lang='lat' dir='ltr'>novandi</span> <span class='ocrx_word' id='word_1_155' title='bbox 1501 2543 1598 2605; x_wconf 89' lang='lat' dir='ltr'>opera</span> 
     </span>
     <span class='ocr_line' id='line_1_19' title="bbox 366 2625 1599 2711; baseline 0.002 -23"><span class='ocrx_word' id='word_1_156' title='bbox 366 2647 524 2689; x_wconf 90' lang='lat' dir='ltr'>summam</span> <span class='ocrx_word' id='word_1_157' title='bbox 553 2625 666 2690; x_wconf 90' lang='lat' dir='ltr'>ducem</span> <span class='ocrx_word' id='word_1_158' title='bbox 693 2625 791 2690; x_wconf 87' lang='lat' dir='ltr'>fuisse</span> <span class='ocrx_word' id='word_1_159' title='bbox 819 2647 890 2690; x_wconf 90' lang='lat' dir='ltr'>eam</span> <span class='ocrx_word' id='word_1_160' title='bbox 913 2648 995 2710; x_wconf 91' lang='lat' dir='ltr'>quae</span> <span class='ocrx_word' id='word_1_161' title='bbox 1019 2627 1205 2711; x_wconf 87' lang='lat' dir='ltr'>opinatione</span> <span class='ocrx_word' id='word_1_162' title='bbox 1228 2628 1305 2692; x_wconf 90' lang='lat' dir='ltr'>ficta</span> <span class='ocrx_word' id='word_1_163' title='bbox 1327 2631 1376 2693; x_wconf 79' lang='lat' dir='ltr'>est</span> <span class='ocrx_word' id='word_1_164' title='bbox 1399 2627 1542 2711; x_wconf 90' lang='lat' dir='ltr'>aequalis</span> <span class='ocrx_word' id='word_1_165' title='bbox 1566 2631 1599 2692; x_wconf 93' lang='lat' dir='ltr'>et</span> 
     </span>
     <span class='ocr_line' id='line_1_20' title="bbox 366 2732 1599 2818; baseline 0.001 -21"><span class='ocrx_word' id='word_1_166' title='bbox 366 2753 545 2817; x_wconf 81' lang='lat' dir='ltr'>congruens</span> <span class='ocrx_word' id='word_1_167' title='bbox 573 2732 710 2797; x_wconf 93' lang='lat' dir='ltr'>duorum</span> <span class='ocrx_word' id='word_1_168' title='bbox 738 2737 890 2797; x_wconf 87' lang='lat' dir='ltr'>cantuum</span> <span class='ocrx_word' id='word_1_169' title='bbox 917 2733 1117 2818; x_wconf 90' lang='lat' dir='ltr'>compositio.</span> <span class='ocrx_word' id='word_1_170' title='bbox 1155 2732 1200 2797; x_wconf 84' lang='lat' dir='ltr'>At</span> <span class='ocrx_word' id='word_1_171' title='bbox 1223 2757 1283 2800; x_wconf 90' lang='lat' dir='ltr'>nos</span> <span class='ocrx_word' id='word_1_172' title='bbox 1306 2735 1382 2800; x_wconf 92' lang='lat' dir='ltr'>dum</span> <span class='ocrx_word' id='word_1_173' title='bbox 1404 2733 1495 2800; x_wconf 85' lang='lat' dir='ltr'>nulla</span> <span class='ocrx_word' id='word_1_174' title='bbox 1517 2737 1599 2799; x_wconf 89' lang='lat' dir='ltr'>stro·</span> 
     </span>
     <span class='ocr_line' id='line_1_21' title="bbox 365 2839 1640 2927; baseline 0.005 -24"><span class='ocrx_word' id='word_1_175' title='bbox 365 2839 502 2924; x_wconf 89' lang='lat' dir='ltr'>pharum</span> <span class='ocrx_word' id='word_1_176' title='bbox 534 2839 659 2905; x_wconf 90' lang='lat' dir='ltr'>ratione</span> <span class='ocrx_word' id='word_1_177' title='bbox 691 2839 804 2905; x_wconf 91' lang='lat' dir='ltr'>habita</span> <span class='ocrx_word' id='word_1_178' title='bbox 835 2841 1010 2907; x_wconf 87' lang='lat' dir='ltr'>sententias</span> <span class='ocrx_word' id='word_1_179' title='bbox 1042 2841 1293 2927; x_wconf 87' lang='lat' dir='ltr'>interpretamur</span> <span class='ocrx_word' id='word_1_180' title='bbox 1319 2842 1409 2907; x_wconf 87' lang='lat' dir='ltr'>nulla</span> <span class='ocrx_word' id='word_1_181' title='bbox 1435 2841 1598 2907; x_wconf 88' lang='lat' dir='ltr'>resecandi</span> <span class='ocrx_word' id='word_1_182' title='bbox 1613 2868 1640 2909; x_wconf 86' lang='lat' dir='ltr'>so</span> 
     </span>
     <span class='ocr_line' id='line_1_22' title="bbox 366 2946 1599 3036; baseline 0.002 -25"><span class='ocrx_word' id='word_1_183' title='bbox 366 2952 422 3012; x_wconf 89' lang='lat' dir='ltr'>aut</span> <span class='ocrx_word' id='word_1_184' title='bbox 444 2946 581 3011; x_wconf 90' lang='lat' dir='ltr'>addendi</span> <span class='ocrx_word' id='word_1_185' title='bbox 604 2969 715 3012; x_wconf 86' lang='lat' dir='ltr'>versus</span> <span class='ocrx_word' id='word_1_186' title='bbox 737 2949 911 3013; x_wconf 81' lang='lat' dir='ltr'>necessitas</span> <span class='ocrx_word' id='word_1_187' title='bbox 929 2950 1071 3034; x_wconf 82' lang='lat' dir='ltr'>vexavit3</span> <span class='ocrx_word' id='word_1_188' title='bbox 1094 2970 1154 3014; x_wconf 89' lang='lat' dir='ltr'>nee</span> <span class='ocrx_word' id='word_1_189' title='bbox 1171 2952 1275 3036; x_wconf 84' lang='lat' dir='ltr'>magis</span> <span class='ocrx_word' id='word_1_190' title='bbox 1294 2949 1500 3033; x_wconf 84' lang='lat' dir='ltr'>stropharum</span> <span class='ocrx_word' id='word_1_191' title='bbox 1520 2948 1599 3014; x_wconf 89' lang='lat' dir='ltr'>ordo</span> 
     </span>
     <span class='ocr_line' id='line_1_23' title="bbox 366 3053 1600 3139; baseline -0.001 -19"><span class='ocrx_word' id='word_1_192' title='bbox 366 3059 510 3119; x_wconf 87' lang='lat' dir='ltr'>mutatus</span> <span class='ocrx_word' id='word_1_193' title='bbox 538 3055 572 3118; x_wconf 94' lang='lat' dir='ltr'>in</span> <span class='ocrx_word' id='word_1_194' title='bbox 600 3053 701 3118; x_wconf 88' lang='lat' dir='ltr'>altera</span> <span class='ocrx_word' id='word_1_195' title='bbox 728 3059 819 3138; x_wconf 89' lang='lat' dir='ltr'>parte</span> <span class='ocrx_word' id='word_1_196' title='bbox 847 3057 987 3120; x_wconf 87' lang='lat' dir='ltr'>severius</span> <span class='ocrx_word' id='word_1_197' title='bbox 1015 3061 1162 3120; x_wconf 88' lang='lat' dir='ltr'>enarrata</span> <span class='ocrx_word' id='word_1_198' title='bbox 1188 3058 1333 3120; x_wconf 87' lang='lat' dir='ltr'>oratione</span> <span class='ocrx_word' id='word_1_199' title='bbox 1355 3057 1454 3121; x_wconf 90' lang='lat' dir='ltr'>habet</span> <span class='ocrx_word' id='word_1_200' title='bbox 1477 3076 1542 3139; x_wconf 94' lang='lat' dir='ltr'>quo</span> <span class='ocrx_word' id='word_1_201' title='bbox 1566 3077 1600 3121; x_wconf 80' lang='lat' dir='ltr'>se</span> 
     </span>
     <span class='ocr_line' id='line_1_24' title="bbox 366 3160 1600 3245; baseline -0.001 -20"><span class='ocrx_word' id='word_1_202' title='bbox 366 3164 508 3225; x_wconf 88' lang='lat' dir='ltr'>tueatur:</span> <span class='ocrx_word' id='word_1_203' title='bbox 531 3161 563 3225; x_wconf 91' lang='lat' dir='ltr'>id</span> <span class='ocrx_word' id='word_1_204' title='bbox 589 3161 675 3245; x_wconf 92' lang='lat' dir='ltr'>quod</span> <span class='ocrx_word' id='word_1_205' title='bbox 695 3161 789 3225; x_wconf 90' lang='lat' dir='ltr'>nobis</span> <span class='ocrx_word' id='word_1_206' title='bbox 808 3162 954 3225; x_wconf 87' lang='lat' dir='ltr'>videmur</span> <span class='ocrx_word' id='word_1_207' title='bbox 973 3164 1051 3225; x_wconf 92' lang='lat' dir='ltr'>satis</span> <span class='ocrx_word' id='word_1_208' title='bbox 1069 3162 1225 3245; x_wconf 84' lang='lat' dir='ltr'>probasse</span> <span class='ocrx_word' id='word_1_209' title='bbox 1244 3162 1276 3225; x_wconf 91' lang='lat' dir='ltr'>in</span> <span class='ocrx_word' id='word_1_210' title='bbox 1296 3184 1333 3226; x_wconf 88' lang='lat' dir='ltr'>eo</span> <span class='ocrx_word' id='word_1_211' title='bbox 1354 3162 1441 3245; x_wconf 91' lang='lat' dir='ltr'>quod</span> <span class='ocrx_word' id='word_1_212' title='bbox 1460 3160 1600 3225; x_wconf 85' lang='lat' dir='ltr'>diximus</span> 
     </span>
     <span class='ocr_line' id='line_1_25' title="bbox 366 3265 1601 3354; baseline -0.002 -22"><span class='ocrx_word' id='word_1_213' title='bbox 366 3269 531 3353; x_wconf 90' lang='lat' dir='ltr'>prooemio</span> <span class='ocrx_word' id='word_1_214' title='bbox 559 3290 585 3331; x_wconf 89' lang='lat' dir='ltr'>a.</span> <span class='ocrx_word' id='word_1_215' title='bbox 608 3267 692 3331; x_wconf 89' lang='grc'>1888</span> <span class='ocrx_word' id='word_1_216' title='bbox 713 3265 762 3353; x_wconf 88' lang='lat' dir='ltr'>(P.</span> <span class='ocrx_word' id='word_1_217' title='bbox 780 3285 793 3330; x_wconf 92' lang='lat'>1</span> <span class='ocrx_word' id='word_1_218' title='bbox 811 3290 842 3352; x_wconf 89' lang='lat' dir='ltr'>p.</span> <span class='ocrx_word' id='word_1_219' title='bbox 862 3266 927 3331; x_wconf 83' lang='lat'>395</span> <span class='ocrx_word' id='word_1_220' title='bbox 942 3265 997 3354; x_wconf 88' lang='lat' dir='ltr'>ss.)</span> <span class='ocrx_word' id='word_1_221' title='bbox 1025 3270 1060 3330; x_wconf 94' lang='lat' dir='ltr'>in</span> <span class='ocrx_word' id='word_1_222' title='bbox 1087 3288 1151 3350; x_wconf 91' lang='lat' dir='ltr'>quo</span> <span class='ocrx_word' id='word_1_223' title='bbox 1181 3271 1354 3333; x_wconf 90' lang='lat' dir='ltr'>extremam</span> <span class='ocrx_word' id='word_1_224' title='bbox 1377 3271 1503 3353; x_wconf 87' lang='lat' dir='ltr'>partem</span> <span class='ocrx_word' id='word_1_225' title='bbox 1526 3266 1601 3331; x_wconf 91' lang='lat' dir='ltr'>inde</span> 
     </span>
     <span class='ocr_line' id='line_1_26' title="bbox 367 3373 1710 3458; baseline -0.002 -18"><span class='ocrx_word' id='word_1_226' title='bbox 367 3396 387 3439; x_wconf 86' lang='lat' dir='ltr'>a</span> <span class='ocrx_word' id='word_1_227' title='bbox 408 3398 437 3440; x_wconf 82' lang='lat' dir='ltr'>v.</span> <span class='ocrx_word' id='word_1_228' title='bbox 457 3375 501 3439; x_wconf 88' lang='grc'>94</span> <span class='ocrx_word' id='word_1_229' title='bbox 524 3397 542 3438; x_wconf 90' lang='lat' dir='ltr'>a</span> <span class='ocrx_word' id='word_1_230' title='bbox 565 3373 685 3438; x_wconf 90' lang='lat' dir='ltr'>criticis</span> <span class='ocrx_word' id='word_1_231' title='bbox 708 3377 741 3437; x_wconf 91' lang='lat' dir='ltr'>et</span> <span class='ocrx_word' id='word_1_232' title='bbox 758 3373 988 3457; x_wconf 89' lang='lat' dir='ltr'>interpretibus</span> <span class='ocrx_word' id='word_1_233' title='bbox 1008 3374 1091 3439; x_wconf 85' lang='lat' dir='ltr'>male</span> <span class='ocrx_word' id='word_1_234' title='bbox 1110 3373 1254 3437; x_wconf 85' lang='lat' dir='ltr'>habitam</span> <span class='ocrx_word' id='word_1_235' title='bbox 1273 3374 1506 3458; x_wconf 87' lang='lat' dir='ltr'>interpretandi</span> <span class='ocrx_word' id='word_1_236' title='bbox 1525 3396 1602 3438; x_wconf 89' lang='lat' dir='ltr'>cura</span> <span class='ocrx_word' id='word_1_237' title='bbox 1707 3446 1710 3451; x_wconf 81' lang='lat'>.</span> 
     </span>
     <span class='ocr_line' id='line_1_27' title="bbox 368 3478 1603 3565; baseline 0 -20"><span class='ocrx_word' id='word_1_238' title='bbox 368 3483 530 3548; x_wconf 86' lang='lat' dir='ltr'>vindicare</span> <span class='ocrx_word' id='word_1_239' title='bbox 559 3480 749 3545; x_wconf 88' lang='lat' dir='ltr'>studuimus.</span> <span class='ocrx_word' id='word_1_240' title='bbox 786 3478 825 3543; x_wconf 89' lang='lat' dir='ltr'>In</span> <span class='ocrx_word' id='word_1_241' title='bbox 849 3502 913 3563; x_wconf 92' lang='lat' dir='ltr'>quo</span> <span class='ocrx_word' id='word_1_242' title='bbox 937 3480 1024 3563; x_wconf 90' lang='lat' dir='ltr'>quod</span> <span class='ocrx_word' id='word_1_243' title='bbox 1047 3479 1214 3564; x_wconf 88' lang='lat' dir='ltr'>stropham</span> <span class='ocrx_word' id='word_1_244' title='bbox 1236 3480 1397 3565; x_wconf 86' lang='lat' dir='ltr'>ultimam,</span> <span class='ocrx_word' id='word_1_245' title='bbox 1424 3482 1460 3545; x_wconf 89' lang='lat' dir='ltr'>in</span> <span class='ocrx_word' id='word_1_246' title='bbox 1483 3502 1547 3564; x_wconf 91' lang='lat' dir='ltr'>qua</span> <span class='ocrx_word' id='word_1_247' title='bbox 1570 3485 1603 3545; x_wconf 91' lang='lat' dir='ltr'>et</span> 
     </span>
     <span class='ocr_line' id='line_1_28' title="bbox 369 3585 1633 3673; baseline -0.002 -19"><span class='ocrx_word' id='word_1_248' title='bbox 369 3589 438 3673; x_wconf 90' lang='lat' dir='ltr'>ipse</span> <span class='ocrx_word' id='word_1_249' title='bbox 461 3588 665 3653; x_wconf 88' lang='lat' dir='ltr'>Hermannus</span> <span class='ocrx_word' id='word_1_250' title='bbox 688 3609 789 3651; x_wconf 89' lang='lat' dir='ltr'>unum</span> <span class='ocrx_word' id='word_1_251' title='bbox 812 3609 950 3672; x_wconf 86' lang='lat' dir='ltr'>versum,</span> <span class='ocrx_word' id='word_1_252' title='bbox 973 3587 1071 3651; x_wconf 87' lang='lat' dir='ltr'>alium</span> <span class='ocrx_word' id='word_1_253' title='bbox 1094 3585 1257 3670; x_wconf 89' lang='lat' dir='ltr'>Hauptius</span> <span class='ocrx_word' id='word_1_254' title='bbox 1279 3589 1494 3670; x_wconf 86' lang='lat' dir='ltr'>transposuit,</span> <span class='ocrx_word' id='word_1_255' title='bbox 1516 3592 1602 3652; x_wconf 90' lang='lat' dir='ltr'>recte</span> <span class='ocrx_word' id='word_1_256' title='bbox 1631 3626 1633 3631; x_wconf 92' lang='lat'><em>-</em></span> 
     </span>
     <span class='ocr_line' id='line_1_29' title="bbox 369 3693 1602 3779; baseline -0.002 -20"><span class='ocrx_word' id='word_1_257' title='bbox 369 3695 523 3778; x_wconf 90' lang='lat' dir='ltr'>scriptam</span> <span class='ocrx_word' id='word_1_258' title='bbox 551 3698 583 3757; x_wconf 94' lang='lat' dir='ltr'>et</span> <span class='ocrx_word' id='word_1_259' title='bbox 611 3693 645 3758; x_wconf 91' lang='lat' dir='ltr'>in</span> <span class='ocrx_word' id='word_1_260' title='bbox 669 3694 747 3757; x_wconf 88' lang='lat' dir='ltr'>duas</span> <span class='ocrx_word' id='word_1_261' title='bbox 769 3714 924 3776; x_wconf 90' lang='lat' dir='ltr'>personas</span> <span class='ocrx_word' id='word_1_262' title='bbox 945 3697 1099 3779; x_wconf 90' lang='lat' dir='ltr'>poscente</span> <span class='ocrx_word' id='word_1_263' title='bbox 1123 3695 1281 3758; x_wconf 90' lang='lat' dir='ltr'>sententia</span> <span class='ocrx_word' id='word_1_264' title='bbox 1304 3694 1510 3759; x_wconf 80' lang='lat' dir='ltr'>distributam</span> <span class='ocrx_word' id='word_1_265' title='bbox 1533 3715 1602 3758; x_wconf 88' lang='lat' dir='ltr'>esse</span> 
     </span>
     <span class='ocr_line' id='line_1_30' title="bbox 336 3798 1411 3887; baseline 0.001 -26"><span class='ocrx_word' id='word_1_266' title='bbox 336 3855 339 3860; x_wconf 18' lang='lat' dir='ltr'>a</span> <span class='ocrx_word' id='word_1_267' title='bbox 370 3801 578 3885; x_wconf 89' lang='lat' dir='ltr'>exposuimus</span> <span class='ocrx_word' id='word_1_268' title='bbox 602 3798 646 3887; x_wconf 84' lang='lat' dir='ltr'>(p.</span> <span class='ocrx_word' id='word_1_269' title='bbox 667 3800 731 3864; x_wconf 84' lang='lat'>398</span> <span class='ocrx_word' id='word_1_270' title='bbox 742 3798 781 3886; x_wconf 88' lang='lat' dir='ltr'>s.)</span> <span class='ocrx_word' id='word_1_271' title='bbox 1408 3815 1411 3819; x_wconf 74' lang='grc'><em>“</em></span> 
     </span>
     <span class='ocr_line' id='line_1_31' title="bbox 395 3906 1644 3990; baseline 0.004 -20"><span class='ocrx_word' id='word_1_272' title='bbox 395 3906 459 3972; x_wconf 86' lang='grc'>105</span> <span class='ocrx_word' id='word_1_273' title='bbox 504 3907 631 3990; x_wconf 78' lang='lat' dir='ltr'>Aspice,</span> <span class='ocrx_word' id='word_1_274' title='bbox 654 3908 806 3989; x_wconf 72' lang='lat' dir='ltr'>emmputt</span> <span class='ocrx_word' id='word_1_275' title='bbox 826 3908 967 3971; x_wconf 81' lang='lat' dir='ltr'>tremulis</span> <span class='ocrx_word' id='word_1_276' title='bbox 988 3906 1108 3971; x_wconf 78' lang='lat' dir='ltr'>alteria</span> <span class='ocrx_word' id='word_1_277' title='bbox 1130 3907 1271 3989; x_wconf 58' lang='lat' dir='ltr'>Mesenis</span> <span class='ocrx_word' id='word_1_278' title='bbox 1616 3934 1644 3975; x_wconf 82' lang='lat' dir='ltr'>so</span> 
     </span>
     <span class='ocr_line' id='line_1_32' title="bbox 504 4013 1472 4099; baseline -0.002 -20"><span class='ocrx_word' id='word_1_279' title='bbox 504 4013 620 4096; x_wconf 72' lang='lat' dir='ltr'>Sponte</span> <span class='ocrx_word' id='word_1_280' title='bbox 640 4035 708 4094; x_wconf 84' lang='lat' dir='ltr'>sue,</span> <span class='ocrx_word' id='word_1_281' title='bbox 731 4015 807 4079; x_wconf 78' lang='lat' dir='ltr'>dum</span> <span class='ocrx_word' id='word_1_282' title='bbox 828 4016 911 4096; x_wconf 84' lang='lat' dir='ltr'>ferre</span> <span class='ocrx_word' id='word_1_283' title='bbox 933 4036 1045 4099; x_wconf 83' lang='lat' dir='ltr'>moror,</span> <span class='ocrx_word' id='word_1_284' title='bbox 1068 4016 1150 4080; x_wconf 77' lang='lat' dir='ltr'>ciae&#39;s</span> <span class='ocrx_word' id='word_1_285' title='bbox 1171 4016 1253 4097; x_wconf 76' lang='lat' dir='ltr'>epse:</span> <span class='ocrx_word' id='word_1_286' title='bbox 1277 4014 1389 4079; x_wconf 79' lang='lat' dir='ltr'>bouum</span> <span class='ocrx_word' id='word_1_287' title='bbox 1411 4014 1472 4079; x_wconf 76' lang='lat' dir='ltr'>sat!</span> 
     </span>
     <span class='ocr_line' id='line_1_33' title="bbox 505 4120 1389 4205; baseline -0.005 -17"><span class='ocrx_word' id='word_1_288' title='bbox 505 4123 617 4190; x_wconf 83' lang='lat' dir='ltr'>Nescio</span> <span class='ocrx_word' id='word_1_289' title='bbox 640 4123 718 4204; x_wconf 78' lang='lat' dir='ltr'>quid</span> <span class='ocrx_word' id='word_1_290' title='bbox 738 4128 816 4187; x_wconf 85' lang='lat' dir='ltr'>certe</span> <span class='ocrx_word' id='word_1_291' title='bbox 837 4128 888 4200; x_wconf 84' lang='lat' dir='ltr'>est,</span> <span class='ocrx_word' id='word_1_292' title='bbox 912 4127 939 4186; x_wconf 82' lang='lat' dir='ltr'>et</span> <span class='ocrx_word' id='word_1_293' title='bbox 960 4122 1073 4205; x_wconf 71' lang='lat' dir='ltr'>Hyles</span> <span class='ocrx_word' id='word_1_294' title='bbox 1095 4123 1131 4186; x_wconf 79' lang='lat' dir='ltr'>iu</span> <span class='ocrx_word' id='word_1_295' title='bbox 1153 4122 1262 4187; x_wconf 67' lang='lat' dir='ltr'>limiae</span> <span class='ocrx_word' id='word_1_296' title='bbox 1284 4120 1389 4185; x_wconf 81' lang='lat' dir='ltr'>latret</span> 
     </span>
     <span class='ocr_line' id='line_1_34' title="bbox 508 4226 1465 4312; baseline -0.004 -17"><span class='ocrx_word' id='word_1_297' title='bbox 508 4228 695 4295; x_wconf 78' lang='lat' dir='ltr'>Credimus?</span> <span class='ocrx_word' id='word_1_298' title='bbox 718 4251 763 4294; x_wconf 78' lang='lat' dir='ltr'>aa</span> <span class='ocrx_word' id='word_1_299' title='bbox 785 4231 840 4312; x_wconf 79' lang='lat' dir='ltr'>qui</span> <span class='ocrx_word' id='word_1_300' title='bbox 862 4234 981 4308; x_wconf 74' lang='lat' dir='ltr'>emeat,</span> <span class='ocrx_word' id='word_1_301' title='bbox 1004 4230 1067 4311; x_wconf 75' lang='lat' dir='ltr'>ipsi</span> <span class='ocrx_word' id='word_1_302' title='bbox 1089 4228 1151 4294; x_wconf 78' lang='lat' dir='ltr'>sebi</span> <span class='ocrx_word' id='word_1_303' title='bbox 1172 4230 1297 4293; x_wconf 76' lang='lat' dir='ltr'>somate</span> <span class='ocrx_word' id='word_1_304' title='bbox 1318 4226 1465 4311; x_wconf 66' lang='lat' dir='ltr'>dapum?</span> 
     </span>
     <span class='ocr_line' id='line_1_35' title="bbox 372 4334 1604 4421; baseline -0.005 -19"><span class='ocrx_word' id='word_1_305' title='bbox 372 4338 521 4402; x_wconf 85' lang='lat' dir='ltr'>universe</span> <span class='ocrx_word' id='word_1_306' title='bbox 549 4335 678 4421; x_wconf 89' lang='lat' dir='ltr'>quidem</span> <span class='ocrx_word' id='word_1_307' title='bbox 702 4336 796 4400; x_wconf 90' lang='lat' dir='ltr'>nobis</span> <span class='ocrx_word' id='word_1_308' title='bbox 818 4357 966 4402; x_wconf 88' lang='lat' dir='ltr'>assensus</span> <span class='ocrx_word' id='word_1_309' title='bbox 989 4340 1039 4400; x_wconf 90' lang='lat' dir='ltr'>est</span> <span class='ocrx_word' id='word_1_310' title='bbox 1061 4334 1275 4419; x_wconf 84' lang='lat' dir='ltr'>Ribbeckius,</span> <span class='ocrx_word' id='word_1_311' title='bbox 1303 4334 1358 4398; x_wconf 92' lang='lat' dir='ltr'>sed</span> <span class='ocrx_word' id='word_1_312' title='bbox 1382 4334 1469 4418; x_wconf 91' lang='lat' dir='ltr'>quod</span> <span class='ocrx_word' id='word_1_313' title='bbox 1492 4353 1604 4397; x_wconf 85' lang='lat' dir='ltr'>versus</span> 
     </span>
     <span class='ocr_line' id='line_1_36' title="bbox 372 4440 1554 4528; baseline -0.004 -19"><span class='ocrx_word' id='word_1_314' title='bbox 372 4445 453 4509; x_wconf 88' lang='lat' dir='ltr'>istos</span> <span class='ocrx_word' id='word_1_315' title='bbox 475 4445 510 4508; x_wconf 91' lang='lat' dir='ltr'>in</span> <span class='ocrx_word' id='word_1_316' title='bbox 533 4443 679 4528; x_wconf 85' lang='lat' dir='ltr'>Vergilio</span> <span class='ocrx_word' id='word_1_317' title='bbox 703 4464 761 4508; x_wconf 90' lang='lat' dir='ltr'>suo</span> <span class='ocrx_word' id='word_1_318' title='bbox 785 4465 812 4507; x_wconf 88' lang='lat' dir='ltr'>a.</span> <span class='ocrx_word' id='word_1_319' title='bbox 833 4441 921 4507; x_wconf 84' lang='grc'>1894</span> <span class='ocrx_word' id='word_1_320' title='bbox 943 4442 978 4505; x_wconf 91' lang='lat' dir='ltr'>in</span> <span class='ocrx_word' id='word_1_321' title='bbox 1000 4441 1086 4506; x_wconf 91' lang='lat' dir='ltr'>hunc</span> <span class='ocrx_word' id='word_1_322' title='bbox 1110 4442 1241 4507; x_wconf 92' lang='lat' dir='ltr'>modum</span> <span class='ocrx_word' id='word_1_323' title='bbox 1264 4440 1405 4506; x_wconf 87' lang='lat' dir='ltr'>edendos</span> <span class='ocrx_word' id='word_1_324' title='bbox 1430 4440 1554 4506; x_wconf 80' lang='lat' dir='ltr'>curavit</span> 
     </span>
     <span class='ocr_line' id='line_1_37' title="bbox 508 4548 1394 4633; baseline -0.003 -18"><span class='ocrx_word' id='word_1_325' title='bbox 508 4552 591 4616; x_wconf 83' lang='lat' dir='ltr'>AM.</span> <span class='ocrx_word' id='word_1_326' title='bbox 622 4551 753 4633; x_wconf 80' lang='lat' dir='ltr'>Aspice:</span> <span class='ocrx_word' id='word_1_327' title='bbox 775 4551 928 4631; x_wconf 69' lang='lat' dir='ltr'>compsit</span> <span class='ocrx_word' id='word_1_328' title='bbox 948 4548 1090 4614; x_wconf 69' lang='lat' dir='ltr'>tremulis</span> <span class='ocrx_word' id='word_1_329' title='bbox 1111 4548 1231 4613; x_wconf 70' lang='lat' dir='ltr'>ultuma</span> <span class='ocrx_word' id='word_1_330' title='bbox 1252 4548 1394 4630; x_wconf 79' lang='lat' dir='ltr'>flammis</span> 
     </span>
     <span class='ocr_line' id='line_1_38' title="bbox 506 4653 1606 4741; baseline -0.006 -17"><span class='ocrx_word' id='word_1_331' title='bbox 506 4663 612 4741; x_wconf 78' lang='lat' dir='ltr'>sponte</span> <span class='ocrx_word' id='word_1_332' title='bbox 633 4678 700 4738; x_wconf 84' lang='lat' dir='ltr'>sue,</span> <span class='ocrx_word' id='word_1_333' title='bbox 723 4660 798 4723; x_wconf 84' lang='lat' dir='ltr'>dum</span> <span class='ocrx_word' id='word_1_334' title='bbox 818 4658 902 4739; x_wconf 73' lang='lat' dir='ltr'>serre</span> <span class='ocrx_word' id='word_1_335' title='bbox 923 4677 1035 4734; x_wconf 84' lang='lat' dir='ltr'>meror,</span> <span class='ocrx_word' id='word_1_336' title='bbox 1058 4657 1139 4721; x_wconf 78' lang='lat' dir='ltr'>eiuts</span> <span class='ocrx_word' id='word_1_337' title='bbox 1160 4657 1234 4737; x_wconf 81' lang='lat' dir='ltr'>ipse</span> <span class='ocrx_word' id='word_1_338' title='bbox 1271 4653 1387 4720; x_wconf 88' lang='lat' dir='ltr'><strong><em>DOM.</em></strong></span> <span class='ocrx_word' id='word_1_339' title='bbox 1410 4653 1523 4719; x_wconf 73' lang='lat' dir='ltr'>borum</span> <span class='ocrx_word' id='word_1_340' title='bbox 1545 4654 1606 4719; x_wconf 79' lang='lat' dir='ltr'>stt!</span> 
     </span>
     <span class='ocr_line' id='line_1_39' title="bbox 507 4762 1337 4847; baseline -0.005 -17"><span class='ocrx_word' id='word_1_341' title='bbox 507 4768 608 4830; x_wconf 70' lang='lat' dir='ltr'>amoto</span> <span class='ocrx_word' id='word_1_342' title='bbox 630 4766 708 4847; x_wconf 77' lang='lat' dir='ltr'>quid</span> <span class='ocrx_word' id='word_1_343' title='bbox 730 4770 841 4843; x_wconf 83' lang='lat' dir='ltr'>certest,</span> <span class='ocrx_word' id='word_1_344' title='bbox 865 4770 894 4828; x_wconf 84' lang='lat' dir='ltr'>et</span> <span class='ocrx_word' id='word_1_345' title='bbox 915 4763 1021 4846; x_wconf 76' lang='lat' dir='ltr'>Hyles</span> <span class='ocrx_word' id='word_1_346' title='bbox 1042 4764 1078 4827; x_wconf 79' lang='lat' dir='ltr'>ia</span> <span class='ocrx_word' id='word_1_347' title='bbox 1100 4762 1211 4827; x_wconf 76' lang='lat' dir='ltr'>ltmiee</span> <span class='ocrx_word' id='word_1_348' title='bbox 1233 4762 1337 4826; x_wconf 79' lang='lat' dir='ltr'>latret</span> 
     </span>
     <span class='ocr_line' id='line_1_40' title="bbox 509 4867 1445 4954; baseline -0.003 -18"><span class='ocrx_word' id='word_1_349' title='bbox 509 4871 685 4937; x_wconf 69' lang='lat' dir='ltr'>cedimus?</span> <span class='ocrx_word' id='word_1_350' title='bbox 708 4893 752 4936; x_wconf 81' lang='lat' dir='ltr'>aa</span> <span class='ocrx_word' id='word_1_351' title='bbox 769 4873 825 4954; x_wconf 77' lang='lat' dir='ltr'>qui</span> <span class='ocrx_word' id='word_1_352' title='bbox 843 4876 961 4949; x_wconf 79' lang='lat' dir='ltr'>emant,</span> <span class='ocrx_word' id='word_1_353' title='bbox 983 4871 1049 4951; x_wconf 78' lang='lat' dir='ltr'>ipsi</span> <span class='ocrx_word' id='word_1_354' title='bbox 1070 4869 1132 4934; x_wconf 79' lang='lat' dir='ltr'>sibi</span> <span class='ocrx_word' id='word_1_355' title='bbox 1154 4870 1278 4933; x_wconf 81' lang='lat' dir='ltr'>somnio</span> <span class='ocrx_word' id='word_1_356' title='bbox 1301 4867 1445 4950; x_wconf 68' lang='lat' dir='ltr'>tepent?</span> 
     </span>
    </p>
   </div>
   <div class='ocr_carea' id='block_1_3' title="bbox 0 0 2003 5725">
    <p class='ocr_par' dir='ltr' id='par_1_3' title="bbox 0 0 2003 5725">
     <span class='ocr_line' id='line_1_41' title="bbox 0 0 2003 5725; baseline 0 0"><span class='ocrx_word' id='word_1_357' title='bbox 0 0 2003 5725; x_wconf 95' lang='lat' dir='ltr'> </span> 
     </span>
    </p>
   </div>
  </div>
 </body>
</html>
