3967 5725
444 700 446 705 -
492 666 542 715 DE
560 664 770 716 PRAEOEPTO
791 664 946 727 QUODAM
964 664 1133 716 ANONYMI
1151 665 1239 715 ΠΕΡΙ
1256 664 1472 717 masalman.
1534 662 1599 728 567

365 848 430 911 que
462 848 520 890 nos
554 826 616 891 boc
644 847 772 909 quoque
800 826 1004 891 verissimum
1034 825 1102 890 eius
1130 847 1206 889 usus
1234 827 1416 909 exemplum
1443 825 1599 891 habemus

364 956 463 1018 quem
487 926 652 997 declarare'
670 932 879 1001 instituimus.

457 1040 517 1103 His
537 1041 693 1123 exemplis
718 1039 745 1104 si
768 1062 832 1123 qua
850 1040 929 1103 fides
949 1044 1007 1122 est,
1028 1041 1093 1104 iam
1112 1039 1280 1122 constabit,
1298 1039 1382 1103 nibil
1399 1040 1600 1124 frequentius

365 1170 437 1212 esse
461 1148 546 1231 apud
570 1146 742 1231 scriptores
767 1145 903 1212 Graecos
926 1146 977 1211 his
996 1146 1244 1230 pronominibus
1267 1146 1395 1212 iunctis.
1427 1146 1466 1211 In
1485 1169 1549 1231 qua
1565 1170 1600 1212 re

365 1258 475 1319 tamen
489 1276 529 1318 ne
543 1254 624 1318 illud
639 1254 768 1337 quidem
783 1254 1013 1339 negligendum
1027 1257 1076 1317 est
1085 1275 1326 1337 nonnumquam
1341 1253 1478 1318 alterum
1491 1257 1601 1318 utrum

364 1384 478 1427 eorum
501 1362 730 1446 pronominum
750 1362 817 1426 sive
840 1360 943 1425 αὐτὸν
966 1362 1035 1425 sive
1057 1360 1187 1426 ἐκεῖνον
1209 1359 1320 1425 abesse
1342 1360 1498 1444 potuisse,
1520 1360 1599 1425 odeo

366 1472 511 1533 nostrum
537 1468 565 1533 si
584 1490 711 1532 sensum
732 1469 928 1532 consulimus
947 1470 1062 1532 melius
1081 1467 1232 1552 abfuisse,
1249 1472 1286 1533 ut
1304 1468 1512 1551 perspicuum
1531 1489 1600 1531 esse

364 1577 480 1660 possit,
500 1576 587 1659 quod
605 1576 716 1640 iuncta
733 1576 811 1659 poni
832 1575 945 1658 solent,
964 1575 1000 1638 in
1018 1597 1055 1639 eo
1075 1574 1338 1640 consuetudinem
1357 1574 1517 1658 quandam
1537 1596 1600 1638 ser-

364 1682 472 1747 monis
497 1680 610 1746 Graeci
637 1683 783 1768 agnosci,
807 1704 825 1745 a
848 1686 961 1746 nostro
984 1704 1074 1746 more
1097 1682 1248 1746 alienam:
1272 1682 1359 1765 quod
1383 1703 1455 1746 eum
1478 1682 1524 1745 ita
1547 1681 1600 1769 sit,

365 1811 405 1853 eo
429 1790 532 1875 magis
552 1789 728 1853 cavendum
747 1793 805 1873 est,
827 1811 868 1853 ne
888 1788 974 1872 quod
994 1811 1087 1872 saepe
1106 1788 1177 1853 fieri
1196 1788 1280 1853 solet
1297 1793 1408 1853 nostro
1428 1788 1640 1855 inducentem

365 1918 462 1961 sensu
475 1896 685 1985 ,abripiamur
706 1896 741 1959 in
764 1916 896 1959 errores.

456 2002 502 2068 Ut
519 2003 687 2067 redeamus
706 2002 835 2067 tandem
854 2002 984 2066 adeam
1004 2025 1101 2086 quam
1120 2003 1295 2087 agebamus
1313 2003 1516 2085 sententiam,
1534 2004 1597 2066 iam

365 2132 469 2195 nemo,
483 2114 643 2194 putamus,
653 2109 846 2175 infitiabitur
855 2109 953 2174 verba
967 2107 1146 2194 ἐπιχώριον
1154 2110 1243 2197 αὐτῷ
1255 2108 1368 2197 ἐκείνῳ
1382 2113 1469 2174 recte
1479 2110 1599 2193 scripta

363 2221 490 2282 etcum
510 2239 605 2301 quem
623 2216 703 2281 baec
726 2217 918 2301 pronomina
936 2216 1106 2302 designant
1125 2216 1252 2282 defectu
1273 2217 1428 2280 orationis
1446 2215 1598 2280 haustum

363 2346 443 2389 esse,
476 2322 547 2388 Hoc
566 2324 652 2387 enim
671 2324 818 2409 exempla
836 2323 1023 2406 docuerunt,
1041 2345 1114 2387 eum
1132 2324 1184 2387 vel
1203 2344 1267 2406 eos,
1286 2345 1424 2406 quorum
1443 2323 1505 2387 ista
1524 2344 1598 2407 pro·

362 2431 496 2495 nomina
504 2432 663 2517 legentem
674 2430 855 2513 admonent,
870 2435 952 2513 ante,
967 2452 1062 2515 saepe
1074 2430 1220 2514 proxime
1234 2434 1309 2494 ante
1322 2431 1506 2495 nominatos
1520 2452 1598 2495 esse.

365 2536 479 2621 Itaque
497 2537 560 2602 hoc
577 2539 708 2602 nomine
722 2559 788 2601 non
806 2540 916 2621 inepta
931 2541 1031 2620 erant,
1050 2559 1131 2621 quae
1149 2558 1209 2602 nos
1225 2536 1303 2601 olim
1317 2558 1598 2622 proposueramus,

365 2651 423 2732 (τῷ
431 2640 467 2709 δὲ
479 2644 560 2731 ξένῳ
569 2644 780 2722 ἀποδιδόναι)
790 2646 852 2727 τὴν
858 2643 1038 2729 ἐπιχώριον
1045 2645 1134 2733 αὐτῷ
1140 2643 1266 2733 ἐκείνῳ,
1274 2649 1307 2709 et
1313 2644 1393 2709 haec
1401 2650 1485 2709 certe
1493 2666 1600 2710 emen·¹

362 2750 461 2815 dandi
471 2752 554 2816 ratio
564 2750 749 2835 praestabat
758 2750 808 2834 iis,
818 2773 899 2836 quae
909 2750 1104 2835 Bernaysius
1115 2754 1189 2815 ante
1198 2773 1257 2815 nos
1272 2754 1456 2835 temptarat,
1470 2756 1503 2815 et
1517 2774 1598 2835 quae

362 2858 662 2943 posteaKaibelius,
670 2858 726 2943 qui
735 2881 776 2923 ne
786 2859 968 2924 admonitus
977 2859 1106 2943 quidem
1115 2880 1148 2923 se
1158 2858 1475 2925 retineriaviadevia
1483 2859 1598 2925 voluit.
1611 2890 1638 2929 ιι

454 2964 499 3030 At
521 2988 607 3051 vero,
629 2973 664 3032 ut
686 2967 790 3033 νιναδα
812 2974 926 3050 eqomet
948 2969 1075 3033 caedum
1099 2989 1176 3046 meu,
1200 2968 1307 3051 inquit
1329 2967 1496 3052 Horatius,
1520 2967 1599 3033 fate-

362 3097 437 3138 mur
454 3074 489 3137 in
508 3074 573 3138 illis
592 3095 721 3158 quoque
744 3079 885 3139 erratum
909 3097 979 3140 esse
997 3097 1101 3158 neque
1125 3097 1163 3138 ea
1181 3079 1266 3138 stare
1285 3096 1389 3159 posse.
1423 3075 1525 3159 Saepe
1544 3077 1598 3140 ad-

362 3181 548 3245 monuimus
563 3165 792 3262 adulescentes,
806 3203 944 3264 quorum
955 3181 1062 3246 studia
1069 3203 1181 3266 regere
1191 3180 1381 3263 solebamus
1395 3185 1432 3245 ut
1441 3183 1475 3244 in
1485 3203 1599 3246 manca

362 3289 511 3351 oratione
526 3308 598 3351 eum
613 3289 838 3369 supplementa
852 3292 1051 3369 quaeruntur
1065 3291 1198 3351 caveant
1211 3308 1252 3351 ne
1271 3286 1414 3351 addendo
1435 3287 1533 3351 simul
1547 3310 1598 3353 co·

362 3397 484 3478 gantur
497 3414 625 3456 movere
640 3415 722 3476 quae
736 3392 855 3457 tradita
869 3397 1010 3458 exstant:
1029 3394 1152 3457 nullam
1166 3415 1261 3477 posse
1274 3393 1372 3457 fidem
1386 3393 1505 3458 habere
1524 3417 1597 3479 sup-

363 3502 526 3582 plementa
545 3521 626 3583 quae
640 3500 701 3563 hac
715 3499 902 3564 condicione
917 3501 1058 3564 orationi
1071 3501 1280 3565 inculcentur.
1303 3500 1377 3565 Hoc
1390 3505 1597 3586 praeceptum

362 3629 384 3670 a
402 3607 495 3672 nobis
514 3608 688 3692 migratum
707 3611 764 3673 est.
787 3604 827 3669 ln
845 3608 917 3672 istis
936 3608 1022 3672 enim
1041 3607 1266 3672 additamentis
1286 3604 1323 3672 dt
1341 3608 1509 3692 particula,
1528 3611 1597 3672 tan-

362 3715 434 3778 tula
447 3735 520 3797 vox,
538 3713 686 3798 neglecta
700 3717 763 3798 est3
779 3735 860 3798 quae
875 3715 962 3798 quod
976 3713 1156 3779 abiicienda
1169 3735 1236 3779 non
1249 3715 1322 3799 fuit,
1335 3714 1399 3779 nisi
1412 3719 1545 3800 propter
1560 3737 1597 3780 ea

362 3842 446 3904 quae
461 3820 523 3904 ipsi
538 3821 720 3905 adiecimus,
741 3821 930 3907 gravissima
943 3823 1036 3886 testis
1051 3821 1185 3905 exstitit,
1200 3822 1347 3905 quamvis
1362 3823 1540 3890 iustissima
1554 3823 1596 3888 sit

362 3922 536 4012 sententia,
564 3929 741 3993 orationem
764 3950 872 3992 veram
896 3949 960 3992 non
984 3950 1053 3993 esse
1081 3929 1151 3993 istis
1175 3928 1408 4013 supplementis
1430 3933 1595 3993 resartam.
1610 3957 1638 3997 ιι

453 4033 567 4118 Itaque
589 4035 648 4100 buc
670 4057 733 4101 ναι
755 4039 905 4117 successu,
928 4037 997 4101 ulta
1017 4038 1241 4120 upprediumur
1263 4037 1324 4114 νιά,
1348 4039 1385 4099 ut
1409 4037 1455 4101 ait
1473 4035 1596 4121 Davus3

362 4165 558 4227 quamquam
577 4143 663 4207 viam
682 4144 812 4209 omnino
832 4144 963 4209 eandam
983 4143 1191 4208 insistendam
1211 4143 1366 4227 ducimus,
1386 4164 1455 4208 eam
1473 4143 1597 4208 scilicet

361 4273 428 4335 qua
450 4251 521 4315 fieri
544 4251 647 4334 possit
670 4257 707 4316 ut
730 4251 827 4330 ξένου
850 4253 955 4334 notio,
979 4273 1078 4334 quam
1102 4251 1215 4315 abesse
1240 4272 1305 4314 non
1328 4272 1423 4334 posse
1447 4250 1596 4333 diximus,

360 4363 440 4443 apta
463 4358 608 4425 oratione
632 4363 664 4423 et
687 4380 769 4442 quae
787 4358 914 4423 traditis
933 4357 1042 4423 verbis
1061 4361 1171 4441 parcat
1189 4359 1372 4442 recipiatur.
1405 4357 1477 4422 Hoc
1495 4357 1597 4442 igitur

259 4465 262 4472 ’
362 4464 494 4530 videant
517 4466 540 4530 ii
565 4466 591 4528 si
616 4466 671 4549 qui
694 4464 773 4528 haec
796 4464 907 4550 legent
929 4471 1038 4529 utrum
1063 4485 1149 4528 nunc
1170 4464 1266 4529 nobis
1291 4466 1463 4550 contigerit
1486 4486 1595 4528 necne.

361 4569 571 4655 Suspicamur
593 4572 679 4636 enim
702 4570 780 4635 haec
803 4571 881 4634 olim
904 4574 1026 4657 scripta
1047 4571 1149 4636 fuisse

497 4679 630 4743 Λεῑιὸν
643 4678 883 4766 κωμῳδοποιὸν
896 4680 958 4761 τὴν
971 4680 1113 4760 πάτριον
1127 4678 1232 4743 αὑτοῦ
1242 4683 1397 4761 γλῶσσαν
1410 4688 1480 4753 τοῖς
1492 4696 1596 4758 προσ-

498 4787 599 4861 ώποις
621 4783 842 4870 περιτιθέναι,
867 4787 967 4869 (πλὴν
989 4793 1034 4873 τῷ
1055 4784 1136 4873 ξένῳ
1160 4785 1200 4850 οὐ
1224 4786 1348 4868 ταύτην
1371 4783 1595 4875 ἀποδιδόναι),

496 4893 556 4975 τὴν
581 4887 617 4955 δὲ
641 4892 818 4976 ἐπιχώριον
841 4891 930 4979 αὐτῷ
955 4890 1077 4980 ἐκείνῳ.
