3967 5725
409 651 475 716 502
631 653 705 704 mx.
722 652 839 703 mnnx
856 651 1072 702 nucmonun
1089 650 1324 703 marmanum
1344 652 1422 702 ιοοι.

408 814 552 901 vulgaria
575 818 625 879 est
648 814 683 878 in
703 811 757 877 his
779 810 977 878 ὑποθέσεων
1000 813 1145 897 reliquiis
1170 834 1251 896 qnae
1274 811 1371 877 hodie
1389 815 1530 896 exstant3
1554 811 1640 896 quod

409 944 511 1009 genus
540 923 575 986 in
596 919 856 1006 Ἀριστοφάνους
883 927 1112 1005 γραμματικοῦ
1134 917 1297 984 ὑποθέσει
1320 919 1355 983 in
1377 917 1543 1003 Euripidis
1564 916 1642 984 Ore·

408 1034 493 1093 stem
506 1049 572 1093 non
590 1026 695 1093 solum
714 1025 759 1114 (p.
776 1026 850 1112 136,
868 1027 889 1091 6
908 1024 963 1113 Κ.)
984 1025 1137 1090 scribitur
1155 1025 1174 1109 ἡ
1193 1021 1255 1107 μέν
1274 1027 1377 1109 σκηνὴ
1396 1034 1457 1090 τοῦ
1476 1023 1644 1109 δράματος

407 1136 579 1202 ὑπόκειται
602 1133 640 1200 ἐν
653 1133 772 1218 Ἄργει,
798 1133 885 1217 quod
907 1154 1002 1218 saepe
1027 1131 1175 1197 similiter
1198 1132 1347 1216 occurrit,
1370 1132 1545 1197 sedetiam
1568 1130 1642 1220 (12)

408 1244 492 1328 πρὸς
509 1245 550 1308 τδι
573 1251 634 1307 τοῦ
647 1239 886 1326 Ἀγαμέμνονος
904 1241 1057 1324 βασίλεια
1074 1239 1245 1305 ὑπόκειται
1263 1237 1413 1324 Ὀρέστης
1431 1239 1567 1324 κάμνων
1587 1238 1643 1304 καὶ

408 1352 559 1432 κείμενος
576 1350 641 1415 ὑπὸ
660 1351 780 1433 μανίας
798 1346 852 1412 ἐπί
869 1347 1048 1429 κλινιδίου,
1070 1349 1102 1410 et
1120 1347 1156 1411 in
1173 1345 1335 1412 ὑποθέσει
1354 1346 1500 1430 equitum
1518 1344 1645 1411 Aristo·

408 1457 525 1542 phanis
543 1453 588 1544 (p.
603 1456 634 1539 3,
652 1455 674 1519 2
692 1452 741 1542 Ζ.)
760 1455 930 1520 ὑπόκειται
949 1454 987 1518 δὲ
1006 1453 1050 1529 ὡς
1069 1453 1266 1537 Παφλαγὼν
1284 1455 1450 1536 νεώνητος
1468 1454 1642 1518 δουλεύων
1660 1455 1680 1511 5

408 1573 454 1654 τῷ
474 1567 579 1651 Δήμφ
603 1563 658 1628 καί
680 1563 907 1647 προαγόμενος
929 1558 1003 1643 παρ’
1031 1559 1120 1648 αὐτῷ
1139 1561 1380 1643 περιττότερον,
1405 1560 1436 1624 h.
1460 1581 1486 1624 e.
1509 1561 1644 1626 ὑπόκει-

408 1697 463 1737 ται
486 1671 668 1749 δουλεύων,
691 1669 726 1732 id
753 1668 839 1752 quod
866 1689 965 1752 prave
993 1665 1223 1753 distinguendo
1248 1666 1446 1731 obscuratur.
1480 1665 1584 1743 Quare
1607 1668 1644 1732 in

366 1801 396 1842 ro
409 1777 569 1864 principio
593 1779 722 1841 nostrae
743 1772 938 1850 ὑποθέσεως
964 1773 1052 1858 quod
1069 1774 1191 1859 legitur
1209 1773 1380 1838 ὑπόκειται
1400 1768 1475 1856 ὧδε,
1498 1776 1644 1858 τροφεὺς

410 1880 543 1961 δεικνὺς
570 1891 615 1970 τῷ
635 1881 769 1968 Ὀρέστη
790 1883 832 1946 τὰ
856 1880 893 1946 έν
912 1878 1020 1966 ’Ἀργει
1040 1883 1261 1965 corrumpunt,
1287 1879 1315 1944 si
1334 1879 1391 1964 qui
1410 1902 1482 1944 cum
1500 1879 1642 1967 Bergkio

409 1993 559 2057 δείκνυσι
582 1989 648 2076 legi
670 1987 797 2054 malunt
818 1988 1047 2072 Ρτοδεικνύς,
1076 1987 1163 2071 quod
1189 2008 1256 2052 non
1279 1986 1427 2052 obstante
1455 1981 1519 2052 ὧδε
1541 1986 1643 2073 parti-

409 2100 481 2163 cula
504 2097 696 2181 interposita
718 2095 759 2160 ab
775 2095 955 2160 ,ὑπόκειται
978 2116 1172 2178 suspensum
1196 2098 1254 2159 est.

498 2203 562 2270 Sed
593 2204 673 2269 haec
705 2205 806 2269 altera
836 2223 911 2286 pars
940 2201 1018 2286 quid
1045 2200 1111 2265 sibi
1137 2201 1218 2266 velit
1244 2200 1482 2285 requirentibus
1510 2206 1644 2286 apparet

408 2311 506 2376 verba
533 2311 664 2395 quidem
692 2309 848 2394 quaedam
876 2309 988 2374 eadem
1012 2328 1081 2373 esse
1105 2329 1179 2373 cum
1202 2309 1438 2393 prioreparte,
1466 2308 1531 2372 sed'
1545 2303 1667 2373 iniis

409 2419 520 2502 etiam,
547 2440 629 2501 quae
657 2440 731 2484 oum
753 2416 811 2481 illa
834 2416 1017 2481 communia
1040 2414 1151 2500 habet,
1180 2415 1243 2480 alia
1266 2420 1299 2480 et
1321 2415 1416 2499 plura
1438 2416 1560 2501 afferri,
1590 2417 1644 2502 agi

408 2529 515 2589 autem
546 2524 677 2610 proprie
709 2523 746 2587 de
777 2522 964 2589 condicione
992 2525 1061 2589 eius
1090 2523 1146 2607 qui
1176 2520 1194 2588 ὑ
1222 2525 1428 2607 προλογίζων
1455 2524 1644 2608 πρεσβύτης

408 2629 655 2717 παιδαγωγὸς*)
680 2629 807 2713 dicitur,
830 2651 927 2712 quem
952 2631 1090 2714 scriptor
1112 2629 1238 2716 τροφέα
1261 2650 1339 2714 esse,
1365 2627 1487 2695 Orestis
1511 2631 1643 2712 scilicet,

408 2737 558 2823 affirmat,
580 2737 643 2802 hoc
666 2757 704 2800 ea
726 2736 765 2800 de
784 2757 888 2819 eausa,
913 2737 988 2819 quia
1007 2758 1102 2820 quem
1122 2737 1270 2820 superior
1288 2757 1364 2820 pars
1382 2737 1432 2802 bi·
1453 2737 1644 2821 simpliciter

367 2843 534 2930 ιοτροφέα
557 2844 639 2909 dixit
663 2840 713 2931 (l)
736 2845 881 2928 aceperis
904 2844 1039 2920 δεικνὺς
1065 2867 1092 2909 τ.
1111 2841 1155 2908 ’0.
1182 2846 1214 2909 et
1238 2841 1288 2931 (3)
1312 2842 1437 2909 δέδωκε
1459 2853 1504 2933 τῷ
1524 2855 1644 2931 τροφεῖ

407 2953 507 3037 vulgo
530 2953 746 3035 παιδαγωγὸν
769 2949 934 3015 vocabant.
973 2948 1077 3027 Quare
1096 2949 1159 3016 hoe
1178 2951 1330 3017 intererat
1348 2950 1435 3017 hunc
1453 2953 1643 3037 πρεσβύτην

408 3061 641 3143 παιδαγωγόν,
673 3080 768 3143 quem
801 3080 874 3124 curn
906 3057 1031 3123 duobus
1064 3057 1324 3123 adulescentibus
1356 3058 1578 3124 advenientem
1610 3062 1643 3124 et

408 3168 579 3253 prologum
608 3165 796 3231 recitantem
825 3165 1027 3248 spectabant,
1057 3165 1194 3230 fortasse
1222 3164 1337 3229 habitu
1368 3187 1496 3250 quoque
1524 3168 1642 3231 παιδα-

408 3274 520 3358 γωγὸν
552 3294 623 3338 esse
653 3272 870 3357 agnoscebant
902 3269 956 3359 (cf.
984 3294 1193 3357 personarum
1225 3271 1428 3360 laterculus),
1460 3294 1500 3336 ex
1527 3277 1642 3358 poetae

408 3386 523 3465 mente,
552 3381 608 3465 qui
634 3401 811 3462 numquam
839 3380 1054 3463 παιδαγωγὸν
1082 3379 1233 3463 appellat,
1260 3400 1327 3443 non
1349 3380 1564 3463 παιδαγωγὸν
1586 3380 1642 3445 scd

408 3486 534 3572 τροφέα
556 3508 626 3551 esse
644 3485 768 3551 Orestis
791 3486 865 3550 oum
887 3486 1028 3570 pondere
1053 3486 1192 3569 quodam
1216 3486 1310 3570 quasi
1328 3487 1548 3551 controversia
1565 3490 1642 3551 nata

407 3596 591 3678 asseverari,
616 3592 795 3659 rationibus
818 3592 945 3676 additis,
969 3593 1053 3657 unde
1076 3592 1198 3659 factum
1221 3596 1271 3657 est
1293 3597 1330 3659 ut
1349 3593 1506 3677 quaedam
1525 3593 1642 3659 iterum

407 3701 463 3765 sed
485 3700 613 3785 plenius
635 3703 849 3765 narrarentur.

497 3806 585 3872 Haeo
604 3828 641 3872 eo
661 3806 796 3873 oonsilio
815 3806 1030 3891 disputantur,
1053 3810 1090 3871 ut
1111 3808 1244 3891 patefiat
1262 3808 1347 3872 hanc
1365 3807 1498 3873 alteram
1516 3812 1642 3893 partem

367 3936 394 3976 ιο
407 3937 473 3980 non
496 3915 605 3999 inepte
628 3914 788 3998 superiori
810 3913 955 3997 potuisse
978 3913 1107 3979 adnecti
1130 3918 1163 3978 et
1185 3915 1245 3978 has
1269 3915 1347 3979 duaa
1368 3937 1467 3980 unum
1486 3919 1519 3980 et
1537 3920 1643 3982 totum

408 4021 572 4086 conficere.
610 4018 673 4084 Sed
700 4024 738 4084 ut
763 4018 826 4084 hoo
853 4019 1068 4099 addubitetur‚
1096 4020 1178 4085 illud
1206 4024 1353 4104 apertum
1384 4025 1433 4087 est
1455 4022 1642 4106 attendenti,

408 4129 520 4195 ambae
542 4126 719 4213 particulae
742 4129 869 4191 tantum
893 4126 1003 4191 abesse
1026 4130 1064 4191 ut
1086 4126 1249 4206 ὑπόθεσις
1267 4129 1333 4193 sint
1347 4126 1536 4214 Ἠλέκτρας,
1561 4150 1643 4213 quae

409 4236 527 4302 dicitur
541 4234 576 4299 in
590 4233 809 4317 inscriptione,
823 4236 860 4298 ut
877 4255 944 4298 non
961 4232 1101 4298 referant
1119 4234 1183 4299 nisi
1203 4238 1427 4321 argumentum
1445 4233 1584 4320 prologi,
1603 4258 1643 4301 ex

407 4365 473 4427 quo
501 4362 574 4408 oum
602 4341 665 4406 alia
692 4343 821 4424 sumpta
843 4344 926 4426 aunt,
951 4341 1039 4406 velut
1063 4339 1150 4424 quod
1173 4342 1360 4427 πρεσβύτης
1383 4342 1502 4407 dicitur
1524 4343 1643 4407 παιδα-

407 4450 516 4533 γωγὸς
542 4448 594 4514 τοί
621 4449 766 4534 τροφεύς
792 4468 832 4511 ex
854 4446 1001 4513 versibus
1025 4446 1068 4511 42
1093 4469 1148 4531 aq,
1177 4452 1247 4514 tum
1271 4470 1353 4532 quae
1376 4450 1482 4514 estin
1506 4453 1643 4533 utraque

406 4560 499 4641 parte
527 4577 652 4622 summa
680 4555 856 4620 sententiae
884 4574 923 4619 ex
951 4552 1097 4620 versibus
1129 4554 1167 4618 11
1194 4576 1263 4639 sqq.
1292 4555 1376 4621 ὅθεν
1398 4573 1435 4621 σε
1458 4556 1583 4642 πατρὸς
1606 4555 1643 4623 aa

496 4714 560 4784 '18)
577 4710 654 4768 Haec
668 4711 709 4767 sio
723 4710 867 4782 iungenda
881 4713 959 4779 σοιτίς
979 4710 1014 4766 cl'.
1029 4711 1058 4765 in
1074 4708 1210 4767 ὑποθέσει
1224 4710 1301 4766 Pluti
1315 4712 1514 4784 Aristophanis
1528 4713 1643 4769 πλάττει

407 4802 565 4874 πρεσβύτην
583 4802 648 4858 τινὰ
667 4801 790 4872 γεωργὸν
809 4800 953 4871 Χρεμύλον
971 4799 1096 4871 τοὺνομα
1116 4801 1145 4855 et
1158 4800 1188 4854 in
1204 4800 1347 4871 Euripidis
1367 4802 1466 4857 Medea
1481 4808 1515 4857 68
1533 4801 1642 4859 τέκνων

408 4889 499 4945 ὀπαδὲ
517 4893 631 4963 πρέσβυ.
