3967 5725
492 646 541 696 DE
559 645 657 697 VOCE
677 628 940 698 CONTROVERSA
957 647 997 697 IN
1015 647 1193 699 PLATONIS
1211 647 1418 700 PHAEDONE.
1506 647 1570 710 213

340 806 459 870 licebat
486 807 631 872 seiuncta
657 807 757 871 fuerit
780 829 852 871 cum
875 793 921 871 ita
944 807 1105 874 describat
1127 806 1274 874 Socrates
1297 806 1364 895 (52,
1384 808 1419 896 9)
1444 799 1478 875 ολ
1499 809 1574 894 ἀφι-
1625 763 1630 772 ’

340 910 463 999 κάμένη
480 912 622 999 ὑπάρχει
641 913 725 1000 αὐτῇ
743 914 916 997 εὐδαίμονι
933 906 1029 998 εἶναι,
1047 915 1174 1000 πλάνης
1188 913 1243 980 καὶ
1258 915 1373 993 ἀνοίας
1386 913 1442 981 καί
1457 919 1574 1001 φόβων

340 1017 396 1084 καί
418 1019 545 1105 ἀγρίων
564 1016 699 1105 ’ἐράτων
721 1021 776 1085 καί
799 1032 867 1086 τῶν
890 1024 1000 1086 ἀλλων
1018 1033 1129 1088 κακῶν
1147 1033 1214 1088 τῶν
1232 1022 1456 1108 ἀνθρωπείων
1474 1022 1575 1107 ἀπηλ-

288 1149 324 1204 11
341 1126 502 1212 λαγμένη,
526 1131 558 1191 et
584 1127 662 1192 huic
689 1128 813 1192 animae
839 1132 982 1212 opponat
1005 1127 1141 1194 alterum
1164 1151 1266 1217 genus
1290 1151 1399 1194 carum
1423 1152 1504 1214 quae
1527 1130 1574 1194 in-

339 1233 426 1297 vitae
454 1255 487 1298 sc
515 1235 656 1318 separari
684 1257 703 1298 e
730 1235 920 1318 corporibus
943 1257 1056 1320 passae
1079 1239 1156 1300 sunt
1178 1240 1211 1300 et
1233 1235 1317 1301 hano
1340 1237 1574 1321 separationem

340 1340 513 1406 clementer
539 1341 676 1406 tolerare
703 1364 769 1407 non
796 1346 934 1426 possunt
961 1341 1006 1429 (p.
1026 1342 1083 1428 53,
1102 1343 1138 1430 2)
1167 1343 1254 1408 οὕτω
1280 1344 1322 1427 δὴ
1345 1341 1489 1428 ἔχουσαν
1512 1349 1576 1409 οίει

339 1450 464 1533 ψυχὴν·
484 1449 589 1532 αὐτὴν
618 1446 696 1514 καθ’
728 1446 833 1532 αὑτὴν
861 1451 1022 1534 εἰλικρινῆ
1050 1448 1311 1536 ἀπαλλάξεσθαι;
1338 1489 1382 1496 -
1403 1449 1499 1515 Ἀλλά
1528 1451 1575 1515 δι·

341 1553 542 1640 ειλημμένην
569 1579 606 1637 γε
634 1546 724 1639 οἶμαι
752 1554 817 1621 ὑπὸ
840 1565 901 1622 τοῦ
924 1557 1183 1641 σωματοειδοῦς,
1212 1556 1230 1623 ὃ
1254 1557 1338 1644 αὐτῇ
1360 1556 1381 1639 ἡ
1405 1557 1518 1642 ὁμιλία
1540 1580 1575 1622 τε

340 1660 396 1727 καί
419 1660 580 1739 ξυνουσία
600 1671 662 1728 τοῦ
681 1648 831 1747 σώματος
850 1663 906 1728 διά
925 1665 962 1730 τὸ
982 1661 1034 1729 ἀεί
1053 1661 1201 1741 ξυνεῖναι
1220 1664 1275 1729 καί
1294 1665 1350 1729 διά
1368 1665 1429 1748 τὴν
1448 1665 1576 1748 πολλὴν

339 1768 479 1853 μελέτην
508 1767 680 1854 ἐνεποίησε
709 1767 892 1854 ξύμφντον.
915 1809 959 1816 -
979 1768 1157 1855 Ἐμβριθδς
1185 1770 1225 1836 δέ
1249 1795 1287 1857 γε
1314 1781 1414 1837 τοῦτο
1443 1777 1575 1837 οἴεσθαι
1589 1799 1616 1840 ιο

340 1878 402 1962 χρὴ
432 1869 517 1941 εἶναι
545 1874 613 1942 καί·
627 1878 716 1961 βαρὺ
744 1878 798 1942 καί
826 1879 948 1961 γεῶδες
974 1876 1030 1942 καὶ
1058 1877 1199 1963 ὁρατόν·ι
1223 1877 1240 1943 ὃ
1267 1880 1307 1963 δὴ
1332 1876 1386 1943 καλ
1410 1876 1532 1963 ἔχουσα
1555 1877 1575 1961 ἡ

340 1984 476 2067 τοιαύτη
495 1984 585 2069 ψυχὴ
604 1984 786 2068 βαράνεταί
801 2006 836 2048 τε
854 1981 909 2048 καὶ
928 1982 1056 2050 ἕλκεται
1074 1986 1175 2050 πάλιν
1194 1987 1242 2062 είς
1260 1986 1319 2051 τὸν
1338 1985 1459 2070 ὁρατὸν
1473 1986 1581 2050 τόπον

341 2093 437 2179 φόβῳ
462 2099 523 2155 τοῦ
547 2089 680 2168 ἀειδοῦς
702 2113 738 2154 τε
759 2087 815 2154 καί
830 2087 940 2155 Ἅιδου
964 2083 1019 2177 (of.
1038 2114 1068 2175 p.
1090 2091 1168 2176 107,
1190 2091 1575 2177 15-108,1313ekk.)

340 2197 488 2262 -haec
511 2220 584 2263 cum
608 2199 651 2261 sit
674 2195 817 2262 Socratis
841 2198 1010 2281 sententia,
1033 2197 1276 2284 intelligiturne,
1299 2197 1487 2283 philosophi
1510 2198 1576 2261 ani·

340 2326 439 2368 mam·
449 2325 515 2368 non
532 2303 600 2368 boc
622 2303 728 2369 solum
751 2325 846 2390 agere
869 2308 902 2368 et
924 2305 1085 2387 meditari,
1114 2309 1150 2369 ut
1173 2308 1300 2370 mortua
1313 2307 1379 2389 sit,
1401 2305 1464 2369 boc
1486 2309 1535 2369 est
1558 2327 1582 2369 a

342 2432 478 2495 corpore
498 2414 629 2496 secrete,
648 2410 704 2475 sed
720 2415 766 2495 ut,
785 2416 913 2476 mortua
932 2433 1006 2478 cum
1025 2411 1075 2496 sit,
1094 2412 1208 2476 lubens
1228 2412 1298 2497 ipsa
1314 2433 1372 2496 per
1386 2433 1455 2477 sese
1469 2412 1576 2477 vivere

340 2520 447 2602 possit
470 2517 559 2583 nullo
579 2540 685 2583 rerum
705 2540 931 2602 corporearum
951 2518 1109 2582 desiderio
1129 2518 1302 2584 sollicitata
1318 2523 1374 2584 aut
1393 2523 1577 2605 aggravata,

341 2625 404 2691 hoc
437 2622 487 2690 est
514 2647 584 2690 eam
612 2611 752 2709 μελετᾶν
778 2624 939 2690 τεθνάναι
967 2625 1111 2713 ῥᾳδίωςῗ
1147 2625 1191 2690 nt
1219 2627 1372 2710 quoniam
1399 2626 1462 2692 hoc
1491 2626 1577 2710 quod

342 2734 450 2797 anima
472 2733 633 2797 τεθνάναι
657 2731 783 2818 dicitm,
806 2733 914 2796 vivere
937 2737 987 2797 est
1010 2733 1064 2798 sed
1087 2733 1194 2799 vivere
1214 2734 1358 2818 corporis
1378 2734 1576 2819 operimento

342 2845 454 2925 exuto,
482 2862 551 2905 eam
579 2839 731 2924 animam,
758 2864 855 2925 quam
879 2838 1027 2907 Socrates
1051 2841 1209 2926 praedicit
1230 2842 1290 2907 τὸν
1313 2843 1432 2908 λοιπὸν
1454 2842 1578 2926 χρόνον
1592 2871 1617 2911 ao

341 2950 422 3029 μετὰ
445 2954 537 3013 θεῶν
561 2949 690 3030 διάγειν
714 2945 876 3035 (5214),
903 2949 1056 3013 nimirum
1083 2948 1206 3035 ῥηιδίως
1228 2950 1334 3013 vivere
1357 2948 1441 3027 vult,
1469 2970 1578 3032 quem·

343 3040 515 3119 admodum
539 3054 612 3139 ῥεῖα
636 3053 680 3140 (h.
700 3076 726 3119 e.
749 3054 882 3132 ἀπόνως
905 3053 1074 3141 ἀμόχθως)
1099 3057 1237 3135 ζώοντες
1260 3058 1351 3138 θεοί,
1377 3077 1458 3140 quos
1481 3058 1578 3139 poeta

343 3160 436 3245 dicit,
464 3161 520 3245 qui
549 3161 593 3226 dii
622 3160 778 3244 quidquid
806 3165 905 3246 agant
932 3162 1068 3247 ῥηιδίως
1095 3166 1226 3248 agentes
1253 3162 1333 3229 facit
1360 3160 1414 3248 (cf.
1438 3161 1578 3227 Bekkeri

343 3266 710 3354 sched.Hom.1176),
736 3290 777 3331 ne
805 3268 949 3333 dicamus
977 3268 1114 3332 eundem
1133 3267 1295 3334 Ἠλύσιον
1317 3269 1435 3334 πεδίον
1458 3269 1505 3331 ita
1528 3267 1580 3331 de«

342 3375 476 3461 pingere
495 3379 532 3438 ut
550 3374 596 3439 ibi
611 3374 751 3460 ῥηίστην
763 3375 881 3458 βιοτὴν
894 3373 1009 3440 πέλειν
1023 3374 1235 3461 ἀνθρώποισι
1250 3375 1336 3441 dicat
1349 3372 1421 3463 (Od.
1436 3393 1473 3439 1v
1487 3372 1576 3461 565).

432 3480 526 3546 Nihil
548 3481 693 3546 videmur
715 3480 809 3546 nobis
833 3482 988 3565 attulisse,
1012 3483 1098 3565 quod
1118 3504 1183 3546 non
1202 3482 1298 3573 plane
1317 3482 1485 3547 conveniat
1505 3506 1578 3549 oum

344 3586 489 3656 Socratis
512 3590 678 3671 sententia,
703 3610 784 3673 quae
807 3588 904 3653 etiem
925 3586 1084 3673 pluribus,
1108 3590 1135 3653 si
1157 3610 1287 3653 necesse
1307 3594 1400 3672 essct,
1423 3590 1583 3655 declarari*

343 3700 462 3779 posset.
499 3695 615 3780 Neque
643 3700 751 3761 tamen
777 3716 818 3759 ne
844 3694 906 3761 hac
934 3694 1062 3779 quidem
1086 3696 1222 3782 ratione,
1251 3719 1314 3781 qua
1337 3696 1431 3762 modo
1456 3696 1583 3783 ῥᾳδίως·

344 3802 647 3888 interpretabamur,
681 3802 946 3887 acquiescendum
978 3824 1047 3867 esse
1080 3804 1257 3887 opinamur.
1304 3802 1578 3896 Quemadmodum

345 3911 429 3976 enim
453 3914 527 3975 ante
550 3910 689 3974 diximus
713 3910 835 3996 ῥᾳδίως
857 3931 923 3974 non
946 3909 1120 3975 desiderari
1144 3911 1172 3973 si
1195 3910 1329 3995 abesset,
1353 3910 1399 3975 sic
1417 3910 1578 3975 τεθνάναι
1592 3936 1618 3976 eo

344 4038 404 4082 nec
430 4018 493 4082 hoc
521 4018 583 4082 sibi
612 4016 769 4083 adiectum
792 4018 928 4101 requirit
950 4021 983 4081 et
1006 4017 1142 4102 quodvis
1166 4016 1418 4082 additamentum
1441 4016 1577 4102 respuit,

235 4170 238 4178 .
345 4123 378 4187 id
402 4126 586 4216 quodcum
609 4146 647 4189 ee
669 4124 820 4209 probant,
846 4146 928 4208 quae
951 4124 1097 4209 proxime
1120 4125 1333 4207 insequuntur
1356 4124 1397 4189 οὐ
1421 4121 1508 4189 τοῦτ’
1537 4122 1579 4188 ἀν

346 4237 396 4316 εἴη
415 4231 531 4317 μελέτη
551 4233 713 4315 θανάτου,
732 4235 801 4296 tum
814 4232 917 4317 magis
931 4232 1080 4295 universa
1094 4232 1264 4315 sententia3
1277 4253 1356 4325 ¹nam
1372 4229 1459 4315 quod
1473 4230 1579 4295 anima

347 4336 463 4405 dicitur
489 4339 595 4424 μηδὲν
619 4348 679 4404 τοῦ
703 4339 852 4423 σώματος
875 4336 1138 4422 ξυνεφέλκουσα,
1165 4338 1222 4403 ἀτε
1245 4334 1347 4428 οὐδὲν
1369 4345 1578 4403 κοινωνοῦσα
1672 4374 1674 4378 -

347 4445 435 4536 αὐτῷ
463 4445 501 4512 ἐν
532 4454 578 4534 τῷ
601 4448 663 4533 βίῳ
692 4444 814 4511 ἑκοῦσα
842 4436 942 4527 εἶναι,
975 4443 1058 4509 ἀλλά
1085 4446 1258 4529 φεύγουσα
1285 4445 1366 4511 αὐτὸ
1394 4442 1449 4509 καί
1477 4461 1578 4528 συνη-

347 4552 530 4637 θροισμένη
563 4552 646 4636 αὐτὴ
678 4554 726 4629 είς
755 4551 875 4635 αὑτήν,
911 4551 1064 4617 nimirum
1096 4557 1236 4635 μελετᾶν
1266 4552 1428 4617 τεθνάναι
1461 4552 1580 4617 dicitur

349 4655 402 4741 (cf.
422 4682 519 4745 supra
540 4660 662 4745 16,18;
681 4657 816 4747 24,12),
835 4658 954 4743 quippe
973 4680 1055 4743 quae
1074 4658 1137 4723 hoc
1155 4658 1335 4745 meditetur,
1354 4662 1482 4723 mortua
1501 4680 1580 4741 csse,

349 4760 423 4832 dum
446 4768 536 4832 vivit.
571 4750 620 4831 Ut
642 4766 798 4850 quidquid
821 4765 956 4830 addatur
979 4765 1019 4830 ad
1042 4765 1211 4851 τεθνάναι,
1235 4788 1304 4830 eam
1327 4767 1392 4831 vim
1415 4764 1503 4830 vocis
1522 4766 1578 4829 im-

348 4873 450 4940 minui
476 4876 585 4959 potius
614 4876 646 4938 et
673 4873 789 4938 elevari
818 4894 911 4956 quam
937 4873 1049 4958 augeri
1071 4877 1231 4957 appareat.
1268 4871 1308 4937 In
1331 4894 1430 4956 caque
1453 4894 1487 4936 re
1511 4872 1580 4937 sola
