3967 5725
470 672 520 723 DE
539 672 750 725 PRAECEPTO
771 672 926 733 QUODAM
943 671 1112 722 ANONYMI
1129 672 1217 722 ΠΕΡΙ
1235 671 1449 723 mmmmm.
1510 669 1575 734 563

434 833 634 897 Permultum
663 838 712 898 est
739 834 772 896 id
801 855 901 917 genus
929 833 1016 915 apud
1044 831 1253 899 Plutarchum
1282 836 1347 897 tam
1376 834 1409 897 in
1438 835 1578 897 vitarum

343 940 436 1004 libris
460 962 556 1024 quam
580 941 614 1003 in
634 941 762 1025 seriptis
782 939 968 1024 moralibus,
990 940 1088 1023 velut,
1106 944 1144 1004 ut
1161 961 1265 1023 pauoa
1283 962 1322 1002 ex
1341 944 1477 1024 utraque
1496 942 1578 1006 serie

345 1047 539 1131 scriptorum
563 1048 745 1130 afferamus,
770 1049 803 1111 in
826 1048 893 1112 vita
915 1047 1063 1131 Pompeii
1086 1045 1128 1132 (o.
1142 1046 1195 1129 24,
1209 1045 1245 1131 6)
1269 1046 1308 1111 de
1330 1048 1509 1131 piratarum
1532 1050 1579 1112 in·

345 1155 482 1219 solantia
506 1176 604 1239 agens
629 1155 742 1219 scribit

477 1262 631 1344 ἥρπασαν
655 1260 696 1326 δέ
715 1284 794 1327 ποτε
813 1260 868 1326 καὶ
888 1264 1094 1344 στρατηγοὺς
1112 1262 1175 1326 δύο
1195 1258 1370 1337 Σεξτίλιον
1388 1261 1443 1327 καὶ
1462 1266 1578 1328 Βελλῖ-

478 1392 540 1432 νον
568 1366 604 1433 ἐν
637 1380 708 1445 ταῖς
739 1370 1005 1452 περιπορφύροις
1032 1366 1086 1432 καὶ
1119 1370 1198 1444 τοὺς
1230 1368 1394 1452 ὑπηρέτας
1425 1370 1491 1453 άμα
1524 1369 1578 1435 καὶ
1631 1432 1635 1435 .

478 1476 713 1561 ῥαβδοφόρους
736 1474 859 1563 ᾤχοντο
884 1478 958 1539 σὺν
982 1475 1116 1550 αὐτοῖς
1139 1473 1310 1551 ἐκείνοις
1334 1477 1477 1559 ἔχοντες,

433 1587 466 1647 et
488 1584 522 1646 in
545 1582 719 1668 Pelopidae
742 1582 810 1647 vita
834 1581 872 1667 (o.
888 1582 940 1666 28,
956 1583 991 1668 2)

478 1689 547 1756 ἐπεὶ
571 1688 608 1756 δὲ
630 1694 709 1767 τοὺς
732 1686 793 1775 μέν
816 1692 980 1773 Φεραίους
1000 1689 1018 1754 ὁ
1038 1692 1229 1766 Πελοπίδας
1248 1688 1476 1772 ὀδυρομένους
1497 1716 1578 1775 παρ-

478 1795 587 1862 εκάλει
615 1805 759 1881 θαρρεῖν
788 1799 832 1874 ὡς
859 1806 924 1861 νῦν
952 1797 1093 1877 μάλιστα
1121 1797 1289 1873 δώσοντος
1316 1806 1377 1861 τοῦ
1407 1799 1577 1881 τυράννου
1593 1821 1619 1861 ιο

478 1906 585 1987 δίκην,
609 1906 693 1989 πρὸς
716 1904 754 1969 δὲ
778 1904 900 1969 αὐτὸν
922 1902 1080 1969 ἐκεῖνον
1099 1902 1293 1979 ἀποστείλας
1311 1900 1423 1985 έλεγεν
1442 1906 1486 1980 ὡς
1504 1907 1578 1969 dm-

476 2016 537 2088 πός
566 2010 634 2077 ἐστι
662 2014 742 2088 τοὺς
770 2008 832 2093 μὲν
860 2010 1003 2087 ἀθλίους
1031 2013 1168 2086 πολίτας
1188 2012 1405 2094 ..στρεβλῶν
1431 2010 1486 2075 καὶ
1517 2036 1577 2095 φο-

476 2120 594 2200 νεύων,
618 2119 721 2184 αὐτοῦ
747 2115 784 2183 δὲ
807 2119 1006 2202 φειδόμενος
1029 2122 1096 2182 κτλ.
1143 2116 1190 2181 Of.
1205 2117 1281 2182 ibid.
1297 2116 1349 2201 35,
1364 2118 1394 2181 4.

432 2223 469 2289 In
494 2225 670 2290 moralibus
695 2230 803 2291 autem
829 2226 958 2309 seriptis
982 2223 1074 2289 talia:
1099 2224 1137 2288 de
1156 2224 1227 2289 aud.
1242 2228 1327 2308 poet.
1343 2247 1373 2308 p.
1388 2224 1460 2288 aaa
1474 2222 1578 2311 (voli

477 2355 507 2415 p.
523 2330 574 2416 54,
592 2332 632 2397 19
647 2330 756 2419 Bern.)

477 2438 540 2504 ἀπὸ
564 2450 631 2504 τῶν
654 2446 746 2505 θεῶν
769 2440 949 2525 ἀρχώμεθα
966 2439 1147 2527 διδάσκειν
1170 2440 1248 2514 τοὺς
1272 2437 1370 2515 νέους
1398 2440 1449 2504 ὅτι
1473 2451 1577 2523 χρῶν-

476 2558 622 2622 ταιτοῑς
645 2558 712 2611 τῶν
735 2554 827 2612 θεῶν
855 2547 1019 2631 ὀνόμασιν
1042 2546 1075 2610 ολ
1097 2546 1229 2627 ποιηταὶ
1258 2540 1337 2610 ποτέ
1365 2542 1426 2626 μὲν
1449 2546 1579 2611 αὐτῶν

478 2653 641 2720 ἐκείνων
664 2653 889 2738 ἐφαπτόμενοι
917 2662 955 2738 τῇ
980 2652 1109 2739 ἐννοίᾳ,
1136 2653 1217 2718 ποτὲ
1243 2649 1279 2717 δέ
1304 2654 1463 2737 δυνάμεις
1486 2654 1579 2729 τινὰς

474 2755 523 2825 ὧν
546 2762 577 2826 ολ
602 2760 678 2826 θεοὶ
702 2761 839 2845 δοτῆρές
862 2764 925 2826 είσι
947 2811 976 2826 ..
996 2760 1311 2845 προσαγορεύοντες.

431 2871 470 2934 de
489 2874 547 2934 rat.
567 2871 638 2935 aud.
658 2893 687 2954 p.
703 2870 769 2934 lae
794 2867 821 2954 (1
835 2893 865 2952 p.
883 2870 956 2953 106,
974 2868 1055 2954 113.)
1591 2895 1618 2935 ao

476 2978 509 3041 ol
535 2978 653 3042 πολλοὶ
682 2979 835 3062 χαίρουσι
863 2987 933 3054 τοῖς
961 2979 1164 3060 φιλοσόφοις
1193 2977 1268 3059 περί
1292 2977 1404 3043 ἄλλων
1427 2977 1577 3058 διαλεγο-

475 3083 587 3165 μένοις
610 3085 665 3148 καλ
688 3085 932 3167 θαυμάζουσιν·
958 3082 1001 3148 dv
1025 3085 1061 3149 dt
1084 3086 1164 3158 τοὺς
1187 3084 1310 3158 ἄλλους
1328 3080 1427 3158 ἐάσας
1446 3082 1463 3148 ὁ
1483 3084 1578 3164 φιλό-

478 3209 583 3274 σοφος
612 3191 748 3268 αὐτοῖς
776 3189 947 3267 ἐκείνοις
976 3191 1045 3276 ἰδίᾳ
1073 3189 1334 3274 παρρησιάζηται
1357 3237 1391 3253 ..
1414 3189 1468 3252 καὶ
1497 3188 1578 3252 ὑπο-

476 3301 652 3384 μιμνησκη,
677 3301 966 3383 δυσχεραίνουσιν.

433 3405 472 3468 de
491 3405 574 3470 adul.
593 3430 622 3492 p.
639 3407 681 3473 56
693 3407 713 3471 f.
734 3404 761 3492 (Ι
775 3429 805 3490 p.
822 3406 896 3489 137,
910 3404 954 3468 20
963 3403 1016 3490 B.)

476 3514 529 3578 διὸ
544 3512 733 3597 φυλακτέον
749 3510 818 3577 ἐστὶ
836 3513 978 3595 μάλιστα
997 3513 1056 3576 τὸν
1074 3512 1197 3574 κόλακα
1215 3510 1291 3590 περὶ
1310 3511 1389 3585 τοὺς
1408 3507 1575 3598 ἐπαίνους,

476 3621 557 3707 ὅπερ
581 3619 662 3700 οὐδ’
691 3621 812 3686 αὐτὸν
835 3619 992 3684 ἐκείνου
1017 3617 1174 3701 λέληθεν,
1201 3615 1283 3682 ἀλλὰ
1307 3617 1417 3692 δεινὸς
1440 3615 1488 3682 ὢν
1512 3640 1576 3700 φυ-

475 3729 655 3793 λάττεσθαι
678 3729 716 3793 τὸ
741 3727 892 3792 ὕποπτον
910 3732 977 3791 κτλ.

430 3837 468 3901 de
488 3835 625 3920 Pythiae
645 3857 727 3901 orae.
746 3858 777 3919 p.
792 3834 889 3898 4041)
915 3831 991 3920 (vol.
1006 3850 1045 3895 111
1059 3855 1089 3916 p.
1104 3831 1157 3915 53,
1174 3827 1255 3916 ΤΒ.)

475 3941 545 4009 ἔστι
566 3941 594 4007 δ’
619 3942 798 4026 οὐδέτερον
816 3940 1021 4024 παράλογον,
1039 3942 1145 4022 μόνον
1164 3936 1206 4002 dcv
1225 3936 1331 4021 ὀρθάς
1350 3934 1405 4001 καλ
1424 3938 1575 4019 καθαρὰς
1589 3961 1616 4000 ao

476 4048 551 4135 περὶ
584 4059 644 4115 τοῦ
673 4057 758 4114 θεοῦ
787 4049 884 4126 δόξας
917 4045 1042 4133 ἔχωμεν
1075 4043 1129 4111 καὶ
1161 4046 1205 4130 μὴ
1239 4047 1424 4128 νομίζωμεν
1455 4043 1576 4106 αὐτὸν

476 4157 631 4223 ἐκεῖνον
659 4150 745 4221 εἶναι
773 4158 833 4220 τὸν
860 4156 901 4219 τά
929 4158 989 4238 ε”πη
1015 4151 1217 4219 συντιθέντα
1244 4153 1410 4235 πρότερον
1432 4148 1487 4214 καὶ
1511 4158 1576 4214 νῦν

474 4265 709 4349 ὑποβάλλοντα
733 4272 772 4349 τῇ
797 4266 914 4349 Πυθίη
938 4263 1017 4337 τοὺς
1040 4259 1216 4347 χρησμούς.

430 4372 469 4436 de
489 4372 549 4436 def.
570 4393 653 4436 orac.
672 4394 702 4456 p.
717 4371 815 4436 422d
838 4369 915 4456 (vol.
931 4386 969 4432 111
983 4391 1014 4452 p.
1032 4367 1105 4451 101,
1121 4368 1162 4431 15
1172 4364 1223 4451 B.)

475 4478 599 4564 ἐλέγχει
624 4477 653 4543 δ’
678 4479 782 4543 αὐτὸν
805 4476 822 4542 ὁ
842 4488 909 4541 τῶν
927 4478 1062 4559 κόσμων
1080 4474 1223 4558 ἀριθμὸς
1242 4472 1304 4536 οὐκ
1324 4472 1372 4536 ὢν
1392 4471 1576 4554 Αἰγύπτιος

474 4585 545 4652 οὐδ
569 4584 678 4662 Ἰνδὸς
700 4585 784 4652 ἀλλὰ
808 4585 962 4668 Δωριεὺς
985 4581 1050 4646 άπὸ
1074 4582 1241 4662 Σικελίας,
1268 4577 1391 4661 ἀνδρὸς
1411 4575 1575 4661 Ἱμεραίου

473 4696 622 4778 τοῦνομα
650 4698 839 4777 Πέτρωνος·
874 4691 997 4755 αὐτοῦ
1027 4685 1089 4772 μὲν
1123 4686 1279 4751 ἐκείνου
1312 4684 1482 4769 βιβλίδιον
1514 4683 1575 4748 οὐκ

475 4800 626 4884 ιἰυέγνων
650 4799 723 4865 οὐδ’
750 4792 826 4865 οίδα
850 4798 1105 4884 διασῳζόμενον.

429 4909 505 4973 ibid.
525 4931 555 4993 p.
570 4907 661 4973 435a
680 4904 756 4992 (vol.
776 4923 815 4969 111
829 4929 859 4988 p.
877 4902 949 4986 133,
966 4900 1049 4987 8Β.)

1308 5004 1360 5056 36*
