3967 5725
581 669 761 721 SERMONIS
780 668 975 722 PLATONICI
995 669 1291 721 OBSERVATIONES
1310 669 1345 722 Π.
1531 667 1596 734 389

363 851 432 894 esse
455 828 683 914 insipientiam,
707 832 763 896 sed
784 808 941 914 quiahoc
959 832 1167 914 consequitur
1185 853 1225 896 ex
1244 831 1312 895 eius
1330 832 1511 896 rationibus
1531 833 1599 916 qui-

363 937 424 1001 bus
448 941 514 1000 tam
539 941 613 1002 ante
637 959 733 1021 quam
756 941 869 1021 postea
891 938 1050 1020 exposuit,
1072 937 1156 1002 nihil
1179 939 1282 1023 magis
1307 939 1417 1003 decere
1439 938 1599 1023 sapientes

364 1050 459 1128 quam
496 1065 614 1130 magna
649 1043 738 1108 luera
764 1045 876 1134 „faeere
908 1066 947 1108 ex
975 1045 1133 1128 sapientia
1161 1044 1247 1132 (vide
1270 1068 1301 1130 p.
1326 1045 1405 1130 388,
1431 1047 1447 1109 1
1478 1045 1599 1132 allata).

362 1149 433 1215 Hau
461 1152 547 1214 enim
576 1152 727 1235 opinione
755 1151 882 1217 imbuto
910 1161 1054 1216 veterum
1082 1174 1164 1236 quae
1191 1154 1327 1217 refertur
1354 1153 1483 1219 vivendi
1506 1154 1599 1239 ratio,

363 1280 427 1342 qua
444 1258 608 1344 negligere
626 1259 736 1343 potius
755 1279 851 1342 quam
870 1278 1058 1322 conservare
1073 1262 1105 1322 et
1119 1280 1236 1344 augere
1250 1261 1469 1343 possessiones
1483 1262 1597 1347 solent,

361 1386 429 1429 non
451 1368 560 1449 potest
581 1365 645 1429 nisi
668 1366 770 1429 multa
793 1364 921 1449 ἀμαθία
944 1365 1055 1429 videri.
1092 1363 1206 1450 Itaque
1228 1371 1378 1449 putamus
1397 1371 1482 1430 reete
1502 1368 1599 1433 scribi

361 1483 430 1536 τῶν
452 1472 623 1558 προτέρων
646 1471 775 1556 λέγεται
798 1473 904 1556 πολλὴ
928 1471 1056 1553 ἀμαθία
1079 1473 1169 1537 κατὰ.
1185 1474 1244 1537 τὸν
1263 1474 1325 1538 σὸν
1344 1476 1446 1556 λόγον
1465 1473 1496 1538 h.
1511 1497 1536 1542 e.
1559 1475 1598 1538 de

362 1577 525 1643 veteribus
553 1579 692 1643 traditur
716 1601 797 1663 quae
820 1583 870 1644 est
892 1601 1010 1664 magna
1032 1579 1218 1664 insipientia
1240 1602 1279 1645 ex
1306 1583 1362 1644 tua
1384 1581 1517 1646 ratione.
1554 1581 1599 1645 Et

361 1685 425 1750 hoo
448 1687 647 1770 aptiuserat
669 1707 742 1750 oum
765 1686 837 1769 ipsa
858 1687 1049 1752 formatum
1068 1691 1201 1772 propter
1220 1709 1257 1752 ea
1276 1708 1357 1771 quae
1376 1688 1599 1773 insequuntur,

362 1791 498 1876 λέγουσι
521 1790 636 1858 δὲκαὶ
659 1794 735 1879 περὶ
758 1795 870 1858 ἄλλων
893 1805 961 1859 τῶν
982 1799 1135 1858 παλαιῶν
1158 1793 1253 1875 ἕτερα
1275 1787 1422 1859 τοιαῦτα.
1583 1824 1584 1827 “
1613 1816 1639 1856 ιο

453 1899 591 1983 Λέγεται
625 1901 722 1964 tutati
757 1922 881 1964 sumus:
914 1900 993 1984 quid
1022 1901 1121 1965 verba
1147 1899 1223 1986 περὶ
1246 1899 1488 1985 Ἀναξαγόρουῗ
1521 1923 1598 1965 eane

361 2006 549 2092 putabimus
572 2008 606 2070 in
629 2009 774 2092 margine
793 2007 943 2090 apposita
960 2007 1070 2090 fuisse,
1094 2012 1131 2072 ut
1149 2011 1226 2072 nota
1245 2012 1332 2073 esset
1350 2008 1394 2072 ibi
1416 2007 1454 2071 de
1472 2007 1599 2072 Anaxa·

362 2136 441 2201 gora
468 2114 555 2200 agi‘l
577 2113 671 2191 Quod
699 2115 726 2178 si
754 2115 941 2198 statuimus,
968 2134 1075 2178 nonne
1102 2114 1219 2178 mirum
1244 2115 1345 2178 videri
1370 2115 1477 2198 debet,
1505 2113 1598 2178 illum

359 2221 474 2286 neseio.
499 2243 595 2305 quem
623 2222 685 2285 hoo
708 2243 773 2286 uno
796 2223 869 2285 loco
894 2222 1076 2306 argumenti
1099 2221 1253 2285 indicium
1277 2222 1405 2304 feoisse,
1432 2243 1499 2285 non
1522 2220 1598 2307 περὶ

362 2330 508 2413 Γοργίου
532 2332 589 2392 aut
610 2327 687 2413 περὶ
707 2328 881 2412 Προδίκου
906 2324 950 2415 (p.
970 2329 1002 2412 2,
1020 2328 1072 2392 21.
1092 2325 1161 2416 26),
1183 2350 1243 2393 nec
1265 2326 1341 2409 περὶ
1360 2327 1599 2409 Νεοπτολέμου

359 2432 415 2498 καὶ
439 2434 609 2520 Νέστορος
632 2433 675 2521 (p.
696 2434 730 2519 8,
749 2435 785 2520 2)
814 2456 919 2518 neque
947 2435 1027 2499 adeo
1055 2433 1130 2520 περὶ
1163 2433 1367 2521 Φειδιόυ’,(ρ.
1390 2435 1444 2518 13,
1467 2432 1523 2523 12)
1547 2436 1599 2499 ad·

360 2543 540 2626 scripsisse,
568 2564 677 2606 verum
705 2564 806 2606 unum
835 2540 911 2624 περὶ
931 2539 1157 2624 Ἀναξαγόρου
1181 2539 1321 2606 Socratis
1345 2543 1522 2606 sententiae
1546 2542 1599 2605 ad-

359 2649 498 2714 levissa‘l
535 2647 598 2714 Sed
626 2648 791 2714 videamus
821 2648 938 2732 quibus
965 2644 1070 2714 causis
1093 2648 1150 2713 illa
1173 2649 1237 2713 duo
1261 2648 1359 2713 verba
1381 2649 1420 2713 de
1444 2671 1502 2715 suo
1526 2648 1597 2714 loco

359 2756 537 2821 deiicienda
565 2758 723 2820 censeant.
761 2753 831 2832 Qua
855 2755 893 2819 de
916 2757 950 2822 re
973 2755 1181 2820 Heindorfius
1205 2755 1251 2820 ita
1274 2755 1415 2838 disserit,
1443 2761 1481 2820 ut
1504 2755 1596 2820 ‘ferri

359 2879 456 2947 posse
471 2866 574 2950 neget
598 2862 760 2947 duplicem
784 2864 963 2949 genitivum
985 2874 1054 2929 τῶν
1076 2863 1249 2948 προτέρων
1272 2868 1305 2927 et
1323 2862 1540 2950 Ἀναξαγόρου
1564 2867 1596 2927 et
1610 2885 1637 2924 ao

360 2971 619 3035 molestissimam
649 2980 726 3035 mox
752 2970 893 3035 nominis
922 2970 1125 3036 iterationem
1150 2976 1219 3035 esse
1242 2970 1381 3035 affirmet
1400 2968 1598 3055 Ἀναξαγόρᾳ

361 3100 421 3163 pro
433 3077 533 3165 Ιαὐτῷ
553 3076 604 3141 vel
626 3078 755 3166 τούτῳ.’
780 3076 885 3153 Quare
904 3075 1144 3161 Sydenhamum
1167 3078 1285 3161 probat
1309 3078 1364 3161 qui
1383 3077 1487 3142 deleto
1503 3076 1598 3142 Ἀνα-

362 3183 508 3269 ξαγόροῖυ
529 3184 659 3249 nomine
681 3184 854 3269 προτέραν
876 3183 952 3267 πέρι
975 3186 1132 3267 reposuit:
1155 3196 1223 3247 τῶν
1247 3185 1309 3265 γὰρ
1333 3182 1505 3268 προτέραν
1522 3184 1598 3265 πέρι

359 3291 488 3374 λέγεται
503 3312 547 3356 π.
567 3290 607 3355 ἆ..
636 3290 724 3367 Quae
751 3292 965 3355 conformatio
994 3292 1054 3357 etsi
1082 3291 1145 3355 hoo
1172 3290 1249 3355 boni
1277 3290 1389 3372 habet,
1417 3293 1454 3353 ut
1476 3288 1512 3353 in
1535 3290 1598 3353 ista

358 3397 572 3483 ambiguitate
599 3396 675 3480 περὶ
704 3396 808 3484 (πέρι)
836 3398 1088 3482 praepositionis
1117 3396 1210 3461 facile
1234 3396 1444 3482 intelligatur,
1464 3393 1598 3473 Ἀναξα-

360 3507 466 3591 γόρου
487 3526 606 3569 nomen
629 3505 714 3569 unde
736 3508 848 3569 natum
872 3507 905 3569 et
926 3505 990 3568 huo
1013 3504 1140 3569 illatum
1165 3505 1215 3587 sit,
1238 3507 1345 3568 tamen
1368 3504 1423 3568 isti
1445 3504 1597 3587 orationi,

358 3611 638 3696 quaeHeindorfio
653 3609 880 3699 perplacuit*)‚
894 3610 1022 3676 dubites
1037 3634 1077 3675 an
1091 3632 1158 3674 non
1172 3609 1379 3695 praeferenda
1396 3611 1439 3674 sit
1452 3610 1594 3675 Beklreri

356 3718 464 3801 ratio,÷
482 3739 549 3782 non
566 3716 786 3803 Ἀναξαγόρου
814 3718 869 3782 sed
897 3717 973 3803 περὶ
991 3716 1216 3803 Ἀναξαγόρου
1240 3717 1404 3782 eiicientis.
1442 3715 1506 3780 Sed
1528 3716 1593 3781 hoo

357 3829 434 3889 utut
451 3829 508 3908 est,
526 3824 622 3889 nobis
641 3825 849 3909 expendenda
867 3829 943 3890 sunt
958 3824 1137 3889 Heindorlii
1157 3828 1354 3911 argumenta,
1375 3824 1430 3907 qui
1449 3826 1589 3907 primum

356 3933 538 4018 geminatos
556 3933 728 4018 genetivos.
742 3932 912 3997 aoousavit.
950 3930 1013 4009 Qui
1032 3936 1140 3996 tamen
1159 3931 1237 3995 adeo
1256 3931 1381 3995 diuersa
1400 3934 1476 3995 sunt
1494 3951 1590 3995 eausa
1611 3950 1638 3989 so

356 4043 393 4103 et,
412 4038 610 4125 condicione,
632 4043 669 4103 ut
693 4061 787 4126 aegre
809 4038 973 4125 intelligas
992 4038 1025 4101 in
1045 4039 1084 4103 iis
1105 4039 1284 4104 coniunctis
1304 4059 1385 4121 quae
1404 4059 1472 4101 esse
1491 4037 1590 4101 offen·

358 4146 407 4211 sio
430 4146 542 4229 possit.
578 4146 710 4211 Etenim
734 4147 773 4210 de
794 4148 911 4211 veteris
930 4147 1045 4210 aetatis
1065 4145 1264 4230 sapientibus
1283 4144 1329 4208 ita
1348 4144 1416 4230 agit
1435 4143 1583 4209 Socrates

356 4256 394 4317 ut
417 4251 643 4340 Anaxagoram
672 4254 778 4317 exiis
802 4253 941 4336 exempli
964 4274 1060 4317 eausa
1083 4252 1195 4337 eligat,
1223 4254 1257 4317 in
1281 4274 1344 4336 quo
1368 4251 1498 4315 illorum
1522 4272 1592 4334 per·

356 4361 543 4424 versitatem
571 4359 700 4425 vivendi
729 4359 877 4424 ostendat
906 4363 938 4422 et
966 4363 1084 4442 carpat.
1122 4358 1195 4423 Nisi
1222 4360 1294 4443 quis
1318 4359 1401 4423 forte
1425 4357 1537 4421 haeret
1559 4357 1594 4420 in

357 4467 508 4550 eoquod
522 4468 690 4553 genetivus
709 4468 770 4531 iste
788 4467 961 4552 partitivns
979 4466 1205 4550 praemittatur
1223 4465 1409 4546 sententiae,
1430 4475 1497 4528 τῶν
1515 4484 1593 4547 προ-

357 4574 474 4656 τέρπν’·
486 4572 562 4658 περὶ
581 4573 798 4660 Ἀναξαγόρου
824 4573 952 4657 λέγεται
974 4578 1042 4638 κτλ.
1081 4571 1144 4637 Sed
1168 4574 1200 4636 id
1223 4577 1260 4636 ut
1279 4573 1333 4636 vix
1352 4573 1447 4635 aliter
1464 4570 1593 4634 institui

358 4682 476 4767 potuit,
499 4682 545 4745 ita
569 4681 789 4765 exemplorum
815 4681 878 4745 fide
901 4679 1138 4764 comprobatur,
1161 4678 1302 4764 Hippiae
1325 4678 1456 4744 maioris
1480 4701 1509 4762 p.
1529 4677 1596 4761 2‚4

410 4867 412 4870 ·
430 4862 436 4887 r
452 4840 516 4908 ⁸27)
534 4838 634 4907 Neque
653 4855 687 4892 ea
705 4837 900 4907 vituperabilis
920 4840 971 4906 est,
990 4837 1067 4892 velut
1086 4836 1115 4890 in
1134 4836 1237 4905 Lyside
1255 4836 1360 4906 legitur
1377 4854 1404 4904 p.
1421 4841 1464 4901 64,
1479 4841 1512 4888 20
1531 4836 1596 4903 περὶ

357 4926 565 4999 Δημοκράτους
583 4928 632 4982 καὶ
650 4927 773 4989 Λύσιδος
791 4936 840 4981 τοῦ
859 4926 978 4981 πάππου
998 4927 1047 4980 καὶ
1065 4924 1181 4980 πάντων
1199 4924 1277 4994 πέρι
1295 4934 1351 4979 τῶν
1369 4922 1524 4993 προγόνων.
