3967 5725
350 654 401 704 DE
411 652 557 704 GENERE
566 650 722 714 Quonam
730 649 884 701 DICENDI
893 650 1046 702 GRAECIS
1056 650 1291 714 Rousulsouu
1301 649 1498 703 satfflnsffl.
1517 649 1583 712 445

349 813 561 893 desideratur,
583 811 635 876 bis
658 810 762 878 causis
786 809 916 876 adducti
938 833 1009 876 eam
1033 811 1218 896 opinionem
1237 811 1443 897 concepimus
1462 816 1499 876 ut
1517 833 1585 876 ver-

351 920 429 985 bum
456 918 538 984 illud
563 939 632 983 non
657 939 756 1002 prava
782 918 940 1002 seriptum
963 917 1020 982 sed
1042 939 1139 1001 prave
1163 919 1267 984 alieno
1294 918 1367 985 loeo
1391 917 1585 984 collocatum

350 1026 582 1092 existimemus.
628 1023 710 1090 Cum
732 1024 819 1089 enim
841 1045 1022 1090 sermonem
1046 1046 1142 1109 supra
1168 1025 1371 1109 propositum
1394 1028 1427 1090 et
1450 1025 1587 1110 expliea-

351 1139 422 1199 tum
444 1133 592 1218 proxime
614 1131 807 1216 praecedant
829 1130 928 1196 verba
950 1131 1029 1196 baec
1059 1129 1192 1211 ‘uuaz
1215 1132 1332 1214 tepuit,
1360 1131 1426 1196 ‘sed
1446 1133 1587 1215 medua

350 1261 432 1322 pree
448 1245 567 1305 restent
583 1241 638 1304 uic
649 1244 805 1322 poterunt,
828 1240 857 1304 ei
874 1239 930 1303 boc
946 1238 1125 1304 inchoatum
1145 1239 1328 1325 reliqueris,
1351 1238 1425 1303 inde
1443 1238 1586 1324 suspicio

352 1351 430 1412 ueta
452 1351 502 1413 ast
523 1347 657 1429 eupolim
679 1345 822 1433 glossam
846 1365 914 1410 esse
937 1345 978 1409 ad
998 1347 1139 1428 eapediri
1159 1345 1355 1430 adscriptam
1377 1341 1415 1410 in
1433 1347 1587 1432 margine,

351 1477 393 1520 ex
416 1476 518 1538 eoque
535 1454 618 1536 loco,
639 1457 678 1518 ut
695 1454 743 1537 fit,
764 1454 800 1517 in
822 1452 1007 1518 inferiorem
1025 1453 1133 1518 locum
1153 1452 1291 1518 delatam
1309 1457 1344 1518 et
1363 1474 1437 1518 eum
1456 1452 1587 1536 quidem

351 1561 410 1645 qui
433 1562 496 1628 hoe
518 1565 684 1646 tamquam
706 1561 884 1625 embolium
902 1560 1072 1626 manifesto
1091 1559 1242 1626 excludit.
1280 1559 1352 1636 Quo
1370 1559 1506 1626 consilio
1525 1559 1587 1624 hoe

350 1667 550 1752 adscriptum
569 1671 721 1753 putemus
739 1668 768 1732 si
787 1669 960 1751 quaeritur,
979 1689 1027 1752 eo,
1045 1667 1320 1752 respondebimus,
1338 1668 1425 1752 quod
1442 1667 1588 1732 inchoate

350 1775 505 1842 dicuntur
523 1797 606 1859 qnae
622 1776 721 1840 medie
739 1779 823 1853 sunt,
846 1773 1115 1859 quemadmodum
1135 1773 1246 1840 Cicero
1264 1774 1316 1839 rel
1333 1776 1369 1839 in
1387 1774 1482 1839 rebus
1501 1774 1587 1838 litte
1602 1796 1628 1836 ro

352 1883 446 1948 rariis
468 1883 616 1948 inchoato
637 1902 676 1948 oc
695 1883 795 1947 radic
817 1881 990 1965 copulavit,
1012 1885 1050 1944 ut
1072 1882 1206 1963 erpetui
1233 1881 1328 1946 alicui
1352 1880 1467 1946 melius
1488 1902 1587 1964 quam

351 1990 495 2071 expediri
516 1991 547 2053 ei
570 1989 658 2072 quod
682 1989 860 2054 inchoatum
883 1988 1002 2053 dieitur
1024 1989 1145 2073 opponi
1167 1988 1323 2052 videatur.

445 2094 567 2171 Quodsi
589 2095 677 2160 hune
696 2095 805 2160 lusum
821 2116 893 2160 csse
912 2095 1133 2180 appellabunt,
1155 2099 1263 2160 tamen
1280 2094 1404 2160 dabunt
1422 2115 1588 2180 speramus

352 2225 420 2268 non
439 2203 650 2269 inficetiorem
668 2224 737 2267 esse
755 2201 843 2269 huno
860 2204 968 2267 lusum
986 2202 1027 2267 iis
1046 2223 1128 2286 quos
1143 2203 1197 2266 alii
1216 2204 1364 2268 luserunt
1378 2202 1434 2267 sed
1451 2201 1589 2266 fortasse

351 2311 451 2395 paulo
471 2309 568 2375 etiam
585 2309 834 2394 prudentiorem.
867 2307 931 2374 Sed
948 2313 1031 2374 esto:
1050 2308 1111 2374 hac
1129 2313 1220 2392 parte
1239 2308 1465 2396 redintegrata,
1483 2309 1589 2373 iamne

352 2418 523 2482 manifesta
542 2421 618 2482 sunt
637 2417 768 2482 omnia?
799 2415 894 2481 Nihil
912 2416 1029 2500 minus,
1048 2418 1225 2501 opinamur.
1247 2417 1389 2504 Etenim
1409 2438 1491 2501 quae
1511 2416 1590 2482 dicit

352 2522 464 2607 Scipio
489 2524 641 2590 ‘Taetrum
655 2523 802 2609 (scilicet
823 2521 929 2588 Aratii
953 2524 1103 2588 carminis
1127 2523 1232 2589 simile
1255 2524 1353 2589 habet
1370 2523 1451 2590 haee
1470 2521 1588 2610 oratio)

350 2638 388 2696 ut
404 2634 464 2696 rite
481 2632 521 2696 ab
539 2653 573 2697 eo
591 2632 716 2696 discredi
727 2632 893 2714 priuupio
911 2633 1076 2713 cupiemus
1088 2653 1178 2713 quem
1191 2653 1290 2697 uuum
1303 2633 1444 2698 omnium
1463 2633 1589 2697 dmum

351 2745 382 2803 et
402 2739 564 2804 homiuum
586 2759 687 2821 repere
709 2759 773 2803 esse
794 2759 899 2804 omues
921 2740 1003 2803 doeti
1024 2739 1199 2821 indoctique
1219 2737 1426 2805 wuemtirmt’
1446 2758 1518 2804 cum
1537 2761 1589 2803 ex·

352 2845 516 2931 cipiantur
538 2844 579 2911 ab
601 2845 653 2912 his
678 2845 811 2928 ‘Ques’
836 2847 940 2929 iuquit
962 2846 1100 2913 Laeua.
1146 2847 1191 2913 Et
1212 2847 1266 2913 ille
1289 2846 1377 2931 ‘quid
1402 2867 1503 2913 censes
1525 2848 1590 2913 uisi
1604 2866 1630 2907 so

352 2955 436 3036 quod
457 2960 501 3019 est
524 2959 596 3019 aute
617 2954 767 3037 oeuloss',
794 2956 975 3019 necessario
1004 2955 1069 3019 iam
1093 2956 1271 3039 quaeritur,
1302 2954 1379 3038 quid
1403 2954 1466 3019 sibi
1488 2956 1589 3021 velint

353 3064 411 3125 aut
442 3081 507 3142 quo
538 3060 719 3125 referautrr
747 3060 827 3125 haec
854 3082 936 3145 quae
964 3061 1145 3146 interrogat
1167 3060 1295 3126 Laelius
1323 3066 1356 3127 et
1384 3082 1465 3146 quae
1493 3063 1589 3127 inter-

354 3167 483 3251 roganti
506 3165 554 3231 illi
576 3167 823 3251 respondentur:
851 3168 958 3249 Quid?
980 3168 1085 3250 iuquit
1102 3166 1240 3233 Boetius.
1277 3168 1322 3232 Et
1339 3168 1406 3232 ille:
1429 3169 1507 3249 quid
1525 3186 1590 3232 eeu-

351 3293 401 3339 ses
423 3274 489 3339 atsi
510 3275 592 3355 quod
612 3279 657 3339 est
678 3279 751 3339 aab
773 3272 935 3360 calesu)
985 3273 1110 3350 Quibus
1134 3273 1264 3358 quidem
1287 3274 1459 3339 transitum
1483 3274 1590 3358 parari

352 3384 489 3465 apparet
512 3380 553 3444 ad
574 3402 613 3444 ea
635 3402 718 3464 quae
742 3381 891 3466 deinceps
910 3381 1009 3446 latius
1028 3383 1247 3464 exponuntur:
1270 3382 1335 3446 aive
1351 3380 1427 3445 boec
1444 3382 1488 3445 ud
1504 3380 1591 3445 utili·

353 3492 449 3553 tutem
469 3488 740 3553 concauitate
762 3494 837 3553 aaut
857 3510 879 3553 a
895 3487 1099 3571 principibus
1120 3508 1225 3552 rerum
1242 3486 1456 3570 mutuorum,
1479 3494 1514 3553 ut
1536 3508 1591 3553 reu

347 3599 517 3677 puteretcu
538 3614 622 3660 uuus
643 3615 706 3661 esse
727 3596 765 3660 iu
786 3595 877 3674 coele,
902 3599 934 3659 et
958 3616 1040 3677 quae
1064 3597 1254 3677 sequuntur:
1278 3616 1351 3659 nam
1376 3594 1454 3659 satis
1476 3599 1525 3661 est
1543 3595 1591 3658 in-

355 3700 464 3784 dicari,
487 3701 521 3764 in
545 3723 610 3785 qua
632 3703 792 3767 sententia
813 3700 1006 3785 explicanda
1023 3699 1103 3765 haec
1120 3704 1295 3765 versentur.
1334 3700 1397 3765 Sed
1420 3701 1486 3785 illa,
1508 3722 1590 3785 quae

353 3808 528 3873 transitum
551 3830 665 3893 parare
688 3808 827 3873 diximus
850 3806 1002 3890 adhaec,
1026 3807 1186 3891 quomodo
1210 3807 1281 3891 ipsa
1298 3811 1472 3872 nascantur
1489 3830 1529 3871 ex
1548 3807 1589 3871 iis

355 3936 438 3999 quae
461 3919 717 3999 praecesserunt,
743 3937 859 4000 parum
881 3914 1088 3999 perspicuum
1112 3918 1174 3997 est,
1202 3936 1263 3980 nec
1285 3915 1364 3979 satis
1386 3913 1590 4000 intelligitur,
1604 3932 1631 3973 ao

355 4020 437 4085 illud
463 4023 542 4102 quid
569 4044 633 4107 quo
661 4023 732 4088 solo
755 4022 858 4087 Laelii
884 4021 1098 4108 interrogatio
1129 4021 1399 4105 contineturque
1424 4022 1591 4105 pertineat,

355 4128 384 4191 ai
412 4128 541 4211 quidem
570 4128 602 4193 in
631 4129 853 4214 superioribus
879 4127 963 4193 nihil
991 4132 1054 4214 est,
1085 4150 1149 4213 quo
1172 4127 1284 4193 referri
1307 4129 1420 4214 possit.
1465 4126 1591 4212 Inque

355 4256 390 4300 re
413 4235 604 4319 interpretes
627 4234 769 4300 Tulliani
792 4258 851 4302 nos
874 4234 958 4299 nihil
981 4235 1143 4315 adiuvant,
1168 4236 1224 4320 qui
1246 4235 1302 4301 hic
1320 4240 1357 4301 ut
1376 4256 1470 4320 saepe
1489 4235 1591 4299 videri

303 4344 341 4400 15
356 4342 472 4405 volunt
493 4342 675 4428 intelligere
697 4363 780 4425 quae
802 4365 868 4408 non
892 4342 1094 4427 intelligunt:
1117 4344 1169 4407 vel
1192 4364 1246 4407 eos
1271 4343 1299 4407 si
1323 4342 1395 4426 quis
1419 4342 1511 4406 adead
1535 4342 1591 4423 qui

356 4448 417 4513 hos
440 4449 541 4513 libros
565 4446 753 4514 Germanice
775 4452 954 4531 verterunt,
976 4449 1076 4514 verba
1099 4448 1160 4514 sibi
1183 4448 1253 4514 dari
1276 4451 1450 4535 cognoscet
1472 4468 1532 4511 nec
1554 4467 1591 4510 ea

357 4554 462 4639 magis
481 4559 592 4639 aperta
610 4576 679 4621 esse
694 4553 881 4621 Germanice
901 4577 997 4640 quam
1016 4555 1147 4620 fuerunt
1164 4556 1287 4621 Latine.
1324 4553 1437 4639 Itaque
1457 4557 1591 4637 tempte-

447 4730 510 4798 ⁸24)
530 4730 583 4800 [De
602 4730 736 4785 orationis
755 4729 846 4784 forma
864 4730 1118 4797 cf.Brut.46,170
1142 4731 1210 4785 Tem
1225 4732 1341 4797 Brutus,
1360 4731 1427 4801 quid
1446 4737 1477 4785 tu
1495 4730 1590 4802 ipitur,

359 4819 459 4886 iuquit,
477 4818 577 4873 trebues
595 4821 656 4875 istis
674 4820 793 4875 externis
807 4820 889 4888 quasi
901 4818 1077 4874 oratoribus?
1104 4816 1178 4891 Quid
1192 4836 1288 4887 cemes,
1307 4821 1430 4889 iuquam,
1449 4821 1506 4875 uisi
1519 4820 1591 4873 idem

359 4907 434 4976 quod
450 4908 576 4973 artonis,
589 4915 701 4977 praeter
719 4925 806 4963 rusum
824 4908 894 4979 equ]
