3967 5725
807 613 857 665 DE
879 614 998 667 ovmn
1014 612 1145 665 resne.
1556 610 1600 674 89

368 777 520 841 calcetur.
570 776 632 853 Qui
660 774 792 841 nomina
820 775 970 840 videntur
991 797 1189 859 numerasse,
1218 776 1448 839 sententiarum
1476 776 1601 841 confor-

369 883 545 948 mationem
568 882 676 948 minus
700 884 885 966 attendisse,
910 904 974 975 qua
997 888 1106 948 tamen
1128 883 1271 946 nascitur
1291 903 1329 945 ea
1357 904 1453 966 quam
1478 882 1602 967 vitupe·

368 989 501 1067 rendam
532 990 654 1055 ducunt
690 990 863 1054 earundem
897 1011 1010 1055 vocum
1041 988 1253 1053 iterationem.
1299 988 1428 1053 Etenim
1461 990 1602 1073 primum

369 1100 466 1181 poeta
494 1098 609 1179 facien
638 1097 809 1181 dupliciter
837 1101 869 1160 et
897 1118 971 1161 cum
999 1097 1125 1182 generis
1151 1096 1312 1161 nobilitate
1338 1100 1371 1159 et
1399 1116 1471 1160 cum
1499 1098 1604 1161 wainni

361 1182 556 1289 ⁸ingeniique
580 1204 709 1269 dotibus
733 1202 981 1289 comparandam
1006 1204 1097 1288 dicit,
1127 1203 1240 1268 deinde
1263 1204 1343 1267 haec
1365 1205 1441 1281 tria,
1464 1203 1601 1269 formam

311 1316 352 1373 1⁰
367 1310 571 1377 nobilitatem
595 1310 775 1397 ingenium,
804 1332 886 1395 quas
913 1311 1011 1375 simul
1034 1311 1139 1375 inesse
1161 1303 1195 1375 in
1217 1309 1339 1375 Marcia
1365 1310 1449 1394 vult,
1477 1310 1604 1397 colligit

369 1440 497 1502 unaque
525 1419 684 1483 sententia
710 1418 851 1502 reponit:
878 1420 914 1483 in
936 1418 996 1483 illa
1018 1419 1065 1482 Et
1088 1439 1186 1501 penne
1208 1424 1236 1482 et
1260 1419 1360 1499 facies
1385 1420 1606 1501 tapetiumque

370 1525 473 1590 simul.
510 1524 576 1591 Ubi
599 1524 654 1589 hic
677 1525 919 1610 reprehensioni
937 1526 1029 1590 locus
1049 1524 1122 1589 est?
1158 1523 1244 1600 Quin
1263 1524 1350 1607 quod
1369 1524 1516 1608 exposita
1535 1547 1604 1590 sen·

310 1618 313 1625 ¹
370 1632 473 1695 tentia
494 1654 605 1697 rursus
629 1632 777 1715 refertur,
800 1632 852 1696 vel
875 1632 1015 1696 maxime
1038 1630 1189 1697 Ouidiani
1211 1631 1311 1697 moris
1335 1636 1392 1716 est,
1416 1653 1511 1716 quem
1530 1654 1602 1695 cum

369 1740 472 1803 multa
494 1738 675 1829 ostendant,
697 1738 786 1803 velut
810 1761 890 1823 quae
914 1756 950 1803 lv
969 1738 1035 1803 543
1058 1740 1211 1826 leguntur

435 1834 438 1839 ¹
552 1848 632 1911 Tota
655 1846 765 1911 domus
788 1846 870 1911 laetu
893 1852 944 1925 eet,
967 1847 1024 1911 boc
1045 1853 1090 1911 est
1111 1853 1268 1928 materque
1283 1853 1435 1929 paterque

597 1953 753 2034 Nataque.
776 1959 837 2017 tres
860 1953 911 2017 illi
933 1960 997 2018 tata
1018 1955 1106 2036 fuere
1129 1955 1247 2032 damna

369 2063 439 2124 tum
463 2061 645 2145 exemplum
669 2060 703 2123 in
727 2065 870 2125 extremo
895 2061 1001 2144 capite
1024 2060 1129 2144 primo
1152 2062 1305 2145 positum,
1328 2060 1413 2125 unde
1431 2061 1525 2124 nobis
1548 2055 1605 2124 aliss

371 2167 450 2250 quid
473 2166 611 2232 subsidii
634 2169 667 2232 in
692 2166 890 2232 defendendo
913 2167 977 2233 hoo
999 2166 1072 2231 loco
1094 2167 1164 2231 fore
1188 2167 1421 2252 praediximuS,

553 2276 655 2356 Anser
679 2275 771 2339 Vesta
794 2276 884 2339 dican.
908 2276 1032 2358 coenati
1056 2276 1148 2339 Vesta
1169 2281 1290 2356 recepta
1312 2281 1357 2339 est

424 2446 429 2460 ,
550 2434 552 2443 ,
598 2382 734 2447 In'rnine.
758 2384 804 2447 sic
825 2383 902 2447 insti
924 2384 1106 2447 constituere
1120 2388 1239 2464 patres,

554 2489 696 2554 Phoebus
718 2489 958 2569 intepentem,
987 2489 1096 2554 Vestae
1114 2510 1195 2571 pana
1217 2489 1317 2553 altera
1340 2492 1436 2568 ausit,

604 2597 693 2678 Quod
715 2602 852 2679 annunt
873 2596 948 2676 illis,
971 2598 1081 2662 tertius
1101 2598 1169 2678 epae
1191 2602 1299 2661 tenet>

555 2702 641 2767 State
664 2703 837 2768 Palatinae
859 2703 970 2769 laurus
986 2710 1209 2785 praetentaque
1231 2690 1343 2785 wana

587 2809 652 2888 Stet
670 2811 795 2876 domus:
818 2816 957 2876 annuos
979 2816 1041 2877 nes
1062 2810 1152 2876 baba
1173 2833 1241 2876 una
1264 2813 1342 2878 deos.

370 2918 518 2993 Laudato
545 2921 652 2982 autem
681 2917 785 2982 tribus
812 2919 958 3001 partibus
987 2918 1110 2983 Marcia
1138 2919 1224 3003 quod
1251 2920 1465 3003 praedicatam
1492 2920 1607 2984 faciem

371 3029 583 3090 excusaturus
606 3029 702 3109 poeta
725 3026 759 3089 in
781 3023 868 3090 bunc
891 3026 1024 3090 modum
1047 3027 1226 3090 orationem
1250 3027 1417 3091 continuat
1445 3047 1500 3092 nec
1525 3023 1609 3110 quod

372 3133 544 3198 laudamus
563 3134 710 3212 foranum,
734 3139 767 3196 tu
789 3139 879 3214 turpe
894 3134 1026 3214 putaris
1048 3137 1117 3216 cet,
1139 3133 1202 3197 hoc
1221 3155 1321 3219 genus
1340 3134 1494 3198 redeundi
1511 3135 1608 3199 inter-

371 3239 480 3323 posito
518 3237 657 3304 disticho
694 3239 860 3323 aliquanto
899 3242 1006 3324 aptius
1038 3241 1139 3306 fuisse
1171 3241 1327 3305 sentimus
1360 3263 1457 3323 quam
1494 3242 1607 3305 eodem

372 3347 493 3410 omisso
517 3345 545 3410 si
568 3345 647 3410 haec
669 3345 735 3410 illis
754 3350 790 3411 in
808 3369 871 3430 qua
883 3369 950 3429 par
965 3349 1065 3429 facies
1082 3347 1242 3413 mWiate
1259 3367 1319 3413 caca
1337 3348 1490 3412 continuo
1510 3347 1609 3412 subii-

373 3456 528 3530 cerentur.
583 3453 731 3537 Denique
765 3455 917 3538 quoniam
951 3455 989 3520 de
1021 3455 1268 3521 internoscenda
1301 3452 1416 3519 Ovidio
1449 3459 1481 3518 et
1510 3449 1607 3520 interss

371 3562 518 3644 polatore
548 3561 664 3647 agitur,
693 3583 760 3626 non
789 3562 1018 3647 negligendum
1050 3567 1098 3628 est
1127 3562 1256 3648 insigne
1283 3561 1427 3626 variandi
1455 3554 1608 3647 studium,

373 3664 489 3738 Ouidio
521 3667 672 3752 inprimis
701 3669 848 3754 dignum,
887 3691 950 3751 quo
981 3671 1086 3749 forino
1120 3673 1153 3733 et
1182 3671 1293 3749 fanu,
1339 3669 1467 3734 unimus
1498 3672 1531 3732 et
1557 3670 1609 3733 in-

370 3776 512 3856 ueniunt„
531 3797 651 3854 nornen
672 3796 779 3858 penna,
802 3775 951 3840 nobilitas
972 3777 1058 3839 inter
1076 3797 1110 3840 se
1128 3775 1306 3840 miscentur
1324 3780 1357 3840 et
1374 3779 1606 3859 permutantur.

463 3881 492 3946 3.
511 3882 560 3947 Dc
574 3881 748 3948 Fabiorum
766 3883 901 3946 interitu
920 3905 1002 3965 quae
1016 3887 1125 3947 narrat
1139 3882 1274 3947 Ovidius
1289 3882 1476 3947 insecundo
1491 3881 1607 3947 Petrus
1622 3898 1651 3940 aa

371 3987 419 4060 ita
442 3987 564 4052 edenda
587 3987 719 4054 curavit.

447 4094 511 4160 195
557 4097 647 4160 Haec
667 4098 731 4177 ficit
753 4097 811 4161 illa
834 4098 909 4180 dies,
932 4098 967 4160 in
989 4118 1053 4178 quaa
1077 4098 1254 4161 Veientibus
1275 4099 1377 4162 annis

603 4205 664 4268 Ter
685 4210 806 4272 ¹centurn
829 4203 928 4268 Fabii
950 4210 996 4268 ter
1018 4205 1150 4267 macine
1172 4205 1241 4268 duo.

563 4311 635 4378 Una
658 4312 768 4376 damula
789 4312 871 4376 eirea
894 4317 922 4374 et
943 4331 1022 4375 anua
1037 4317 1217 4391 aeramen
1237 4310 1342 4374 urbis:

602 4417 739 4483 Sumnnt
760 4419 888 4501 pentiles
910 4439 1004 4482 arna
1021 4419 1168 4499 professa
1190 4416 1312 4482 manus.

557 4526 731 4607 Epreditnn
753 4526 864 4590 castris
887 4525 975 4590 nites
996 4545 1161 4607 penmonis
1183 4524 1223 4588 ab
1246 4525 1353 4603 iem,

446 4633 513 4712 {200
561 4669 563 4674 .
602 4634 637 4696 Ε
657 4634 729 4714 quis
750 4634 814 4696 dun
836 4633 908 4714 fini
929 4633 1058 4713 quilebet
1079 4636 1172 4712 aptus
1193 4637 1268 4695 nat.

559 4739 736 4806 Carmentis
755 4745 864 4820 partae
886 4740 993 4804 dentre
1015 4745 1060 4803 est
1080 4739 1134 4801 via
1150 4741 1302 4819 nonina
1325 4741 1408 4803 iana.

603 4847 658 4911 Ire
674 4868 734 4928 per
756 4828 837 4911 banc
859 4845 932 4933 noli,
956 4846 1099 4929 nunquia
1121 4865 1168 4910 es:
1192 4867 1282 4911 amen
1304 4845 1400 4910 habu.
