3967 5725
430 1586 522 1658 XLI.
549 1584 720 1658 INDEX
747 1583 1065 1657 LEOTIONUM
1092 1584 1439 1657 AESTIVARUM
1466 1586 1564 1657 1895.
1613 1594 1617 1599 ’

342 1758 363 1815 3
471 1759 520 1825 De
552 1760 699 1825 versibus
731 1760 897 1825 nonnullis
925 1758 1115 1844 Sophocleis
1147 1760 1181 1824 in
1213 1760 1465 1825 controversiam
1492 1760 1616 1825 voeatis

379 1890 512 1956 agemus
535 1868 581 1932 ita
604 1868 825 1951 potissimum,
849 1870 886 1931 ut
908 1870 965 1931 aut
988 1867 1091 1951 ipsius
1114 1871 1229 1951 poetae
1251 1888 1330 1930 usus
1354 1866 1481 1932 dicendi
1504 1866 1615 1931 sedulo

379 1976 568 2039 observatus
587 1978 643 2039 aut
661 1974 798 2039 aliorum
818 1974 1022 2058 scriptorum,
1046 1974 1143 2037 etiam
1161 1974 1292 2059 longius
1311 1978 1519 2057 remotorum,
1537 1974 1616 2039 asci-

378 2085 430 2145 tae
453 2080 681 2145 similitudines
705 2081 740 2145 in
762 2080 823 2145 hac
845 2080 1081 2163 interpretandi
1100 2101 1198 2164 opera
1217 2080 1294 2163 quid
1314 2080 1441 2145 valeant
1459 2081 1616 2165 exemplis

378 2187 571 2272 quibusdam
604 2188 812 2253 declaremus.
857 2187 943 2253 Nam
975 2188 1179 2271 interpretes,
1211 2210 1271 2253 nec
1298 2188 1405 2252 solum
1434 2186 1616 2274 Sophoclei,

378 2295 476 2359 nimis
495 2317 590 2379 saepe
608 2295 655 2359 ita
673 2294 782 2359 officio
802 2316 860 2359 suo
880 2294 1064 2359 satisfacere
1082 2295 1269 2379 instituunt,
1292 2299 1329 2359 ut
1346 2294 1430 2359 nihil
1448 2297 1616 2380 scriptoris

379 2404 429 2468 sui
451 2424 574 2468 morem
597 2402 767 2485 persecuti,
789 2402 907 2466 nedum
932 2400 1069 2466 aliorum
1089 2404 1214 2466 ratione
1232 2406 1426 2486 comparata,
1450 2402 1559 2466 omnia
1577 2424 1617 2468 ex

378 2509 485 2573 verbis
512 2509 608 2593 ipsis,
636 2510 674 2573 de
702 2509 819 2593 quibus
848 2509 1063 2574 cummaxime
1090 2512 1204 2595 agunt,
1231 2513 1340 2593 petere
1367 2531 1462 2592 posse
1486 2509 1548 2573 sibi
1572 2510 1617 2573 vi-

377 2617 520 2681 deantur.
563 2614 646 2680 Sunt
669 2617 765 2681 etiam
789 2616 845 2701 qui
867 2616 930 2680 hoc
953 2637 1055 2703 genus
1078 2637 1182 2699 omne,
1205 2616 1292 2699 quod
1311 2618 1532 2701 exemplorum
1549 2639 1612 2682 usu
1628 2642 1654 2683 ιο

378 2724 517 2787 maxime
536 2724 729 2807 continetur⁷
746 2727 912 2807 tamquam
931 2722 1046 2789 inutile
1060 2727 1272 2807 aspemautur
1286 2727 1319 2789 et
1332 2723 1473 2788 ludibrio
1486 2724 1615 2808 habent,

378 2828 442 2896 sibi
469 2830 604 2896 fidentes
632 2834 664 2894 et
693 2830 732 2895 ad
761 2831 811 2896 sui
838 2830 960 2917 ingenii
986 2829 1120 2895 modum
1144 2831 1179 2896 in
1200 2834 1345 2896 veterum
1369 2832 1515 2897 oratioue
1538 2830 1617 2916 quid

378 2941 465 3003 recte
488 2938 566 3022 quid
589 2959 687 3023 prave
711 2938 831 3003 elatum
854 2937 966 3003 haberi
990 2937 1106 3002 debeat
1129 2939 1324 3003 dirimentes.
1366 2938 1396 3003 A
1421 2937 1538 3022 quibus
1556 2961 1616 3003 nos

379 3044 427 3108 ita
450 3044 657 3110 dissentimus
680 3050 726 3129 ut,
750 3067 946 3130 quamquam
970 3045 1049 3109 olim
1072 3067 1166 3130 saepe
1187 3046 1283 3110 multi
1301 3050 1378 3129 apta
1395 3048 1505 3130 inepta
1522 3045 1617 3110 utilia

380 3151 509 3217 inutilia
532 3174 646 3236 pamm
670 3152 805 3218 subacto
829 3152 950 3218 iudicio
969 3174 1141 3238 congerere
1161 3151 1317 3236 solebant,
1339 3156 1448 3218 tamen
1465 3157 1552 3216 recte
1570 3153 1617 3217 in·

380 3259 495 3323 stituta
518 3260 746 3343 exemplorum
763 3259 936 3324 selectione
959 3260 1014 3324 rix
1038 3281 1106 3324 esse
1129 3260 1292 3325 efficacius
1315 3263 1541 3343 argumentum
1559 3282 1616 3342 pu-

379 3369 486 3430 temus
515 3387 580 3449 quo
609 3370 665 3430 aut
689 3389 771 3451 quae
793 3366 870 3431 libri
893 3370 1005 3431 tenent
1029 3388 1101 3431 cum
1125 3365 1357 3432 addubitantur
1380 3368 1430 3431 sui
1454 3367 1616 3431 similibus

379 3473 547 3538 confirmes
571 3478 627 3538 aut
651 3473 837 3538 criticorum
859 3474 1029 3538 fastidiosa
1051 3473 1170 3538 iudicia
1193 3474 1339 3538 confutes
1363 3495 1435 3537 eum
1459 3495 1541 3557 quae
1563 3495 1617 3537 ne-

380 3584 459 3666 gant
482 3580 551 3644 fieri
575 3603 670 3665 posse
693 3603 788 3664 saepe
806 3583 842 3645 in
860 3582 1017 3665 proximis
1036 3582 1159 3645 intacta
1176 3579 1242 3666 legi
1261 3581 1428 3645 ostendere
1446 3581 1531 3645 lieet.
1564 3579 1580 3645 I
1604 3617 1617 3628 -

381 3686 517 3770 cipimus
540 3692 648 3752 autem
672 3710 691 3752 a
712 3688 938 3753 minutissimis
962 3687 1156 3772 quibusdam
1180 3687 1432 3771 quaestionibus.
1629 3712 1655 3752 ae

472 3796 499 3858 1.
532 3793 620 3870 Quae
642 3793 773 3859 Electra
795 3795 874 3859 dicit
897 3796 932 3860 in
954 3819 991 3860 ea
1015 3796 1110 3879 ῥήσει
1133 3817 1197 3879 qua
1221 3793 1454 3878 Chysothemin
1473 3816 1615 3859 sororem

379 3923 565 3986 permovere
593 3901 702 3967 studet
730 3900 842 3967 Oreste
869 3903 986 3968 mirera
1009 3906 1113 3967 morte
1136 3901 1307 3986 absumpto
1331 3904 1369 3965 ut
1391 3922 1500 3965 secum
1519 3899 1617 3987 Aegi-

381 4005 490 4072 sthum
513 4029 736 4094 percussorem
758 4010 860 4092 patris
883 4011 953 4074 neci
978 4010 1052 4074 dare
1076 4032 1116 4073 ne
1140 4009 1327 4073 extimescat
1350 4004 1393 4094 (r.
1413 4005 1494 4094 967)

594 4113 664 4181 ἀλλ’
692 4115 735 4199 ἢν
758 4115 878 4201 ἐπίσπῃ
902 4127 972 4192 τοῖς
996 4116 1087 4197 ἐμοῖς
1109 4117 1350 4200 βουλεύμασιν,

593 4234 728 4308 πρῶτον
750 4224 811 4307 μὲν
835 4222 1007 4305 εὐσέβειαν
1030 4222 1066 4288 ἐκ
1088 4225 1212 4308 πατρὸς
1234 4223 1321 4288 κάτω

594 4332 761 4406 θανόντος
784 4337 867 4396 οἴσει
892 4339 951 4395 τοῦ
975 4333 1177 4414 κασιγνήτου
1201 4329 1243 4394 b’
1266 4332 1332 4413 ἅμα

379 4440 413 4503 in
437 4439 476 4502 iis
495 4435 678 4502 Meinekius
701 4436 822 4521 duplici
845 4437 1067 4502 emendatione
1090 4458 1167 4500 usus
1191 4441 1249 4518 est,
1272 4459 1345 4501 cum
1364 4441 1419 4501 aut
1438 4436 1473 4502 ἐκ
1491 4439 1618 4521 πατρὸς

379 4542 466 4606 κάτω
490 4544 674 4620 κεύθοντος
692 4547 748 4607 aut
766 4543 853 4608 κάτω
872 4550 1027 4620 ναίοντος
1046 4542 1250 4607 scribendum
1268 4548 1472 4628 proponeret,
1490 4546 1616 4609 θανόν-

343 4658 364 4714 4
383 4671 438 4725 τος
461 4654 569 4715 autem
593 4650 644 4714 ‘ex
668 4650 776 4737 glossa
798 4650 1008 4715 interlineari'
1032 4649 1067 4713 iu
1087 4654 1211 4713 textum
1230 4649 1357 4714 illatum
1377 4673 1446 4716 esse
1465 4655 1615 4715 censeret.

380 4753 526 4840 Apparet
547 4757 625 4842 quid
643 4779 717 4821 eum
735 4758 886 4822 moverit:
909 4757 1118 4842 participium
1137 4757 1415 4840 circumspiciebat
1436 4779 1508 4822 oum
1526 4755 1614 4821 κάτω
1629 4782 1655 4820 ao

382 4863 468 4946 quod
491 4866 576 4929 reete
596 4864 749 4951 coniungi
767 4867 885 4948 posset.
924 4863 961 4928 ln
980 4887 1044 4948 qua
1063 4887 1097 4929 re
1116 4885 1311 4946 quamquam
1329 4886 1396 4929 non
1414 4885 1533 4947 paucos
1553 4863 1615 4927 sibi
