3967 5725
382 1598 506 1671 xcvi.
533 1587 699 1670 ruoux‘
714 1585 1005 1672 cuculorum
1024 1561 1355 1670 nepesinum
1370 1593 1538 1690 iseros.

311 1785 330 1840 8
383 1819 386 1825 -
436 1772 487 1836 De
504 1773 609 1838 tribus
627 1774 709 1837 locis
722 1772 873 1838 Herculis
886 1772 1084 1856 Euripideae
1100 1771 1296 1857 disputaturi
1315 1777 1434 1855 sumus,
1453 1773 1585 1838 adeam
1623 1833 1624 1836 ,

346 1902 407 1945 nos
428 1879 572 1945 fabulam
590 1879 979 1963 referentes-{dequain
998 1879 1165 1963 prooemio
1184 1879 1259 1944 anni
1278 1896 1483 1945 Mucooxom
1500 1902 1579 1946 non·

345 1989 437 2052 nulla
463 1986 685 2071 disseruimus,
712 2007 786 2051 cum
813 1985 1043 2071 adolescentes,
1072 1987 1127 2070 qui
1155 1985 1195 2050 ad
1217 1986 1275 2050 has
1298 1988 1425 2052 litteras
1447 2009 1481 2051 se
1504 1987 1587 2052 dare·

347 2098 510 2177 cuperent,
531 2094 744 2176 hortaremur,
766 2095 805 2156 ut
821 2092 857 2157 in
879 2093 976 2157 huius
999 2093 1183 2179 tragoediae
1202 2092 1345 2159 studium
1364 2115 1398 2157 se
1417 2095 1580 2158 insinuare

347 2202 480 2285 veilent,
507 2205 577 2265 tum
601 2200 741 2284 primum
765 2224 784 2265 a
807 2201 931 2286 collega
950 2200 1166 2282 iamuostrO,
1191 2197 1355 2266 Udolrico
1368 2200 1407 2264 de
1426 2199 1580 2266 Wilamo·

346 2307 672 2392 witz-Mocilendorff,
695 2307 800 2372 editae
823 2310 856 2371 et
878 2308 965 2372 omni
989 2328 1105 2392 genere
1129 2307 1317 2372 eruditionis
1342 2312 1480 2374 ornatae.
1517 2306 1581 2384 Qui

347 2437 397 2480 ex*
414 2437 478 2500 quo
502 2414 635 2480 eundem
657 2413 856 2500 tragoediam
879 2414 1004 2479 iteratio
1029 2414 1115 2478 curis
1137 2437 1156 2478 a
1179 2435 1213 2478 se
1235 2414 1434 2500 recognitam
1457 2414 1580 2500 publici

347 2522 426 2587 iuris
445 2523 532 2605 fecit,
550 2523 589 2586 de
603 2521 760 2607 Euripide
774 2524 807 2586 ct
820 2522 915 2587 bonis
929 2522 1047 2586 litteris
1062 2521 1183 2606 duplici
1197 2543 1346 2588 mensura
1359 2522 1439 2588 bene
1454 2521 1579 2588 meruit.

346 2627 467 2694 Nostra
489 2651 588 2714 parva
612 2633 687 2693 sunt
709 2649 769 2694 nec
793 2632 874 2712 quoe
897 2629 992 2693 istam
1016 2629 1169 2693 virtutem
1182 2629 1346 2694 aemulari
1367 2629 1501 2713 cupiant
1524 2632 1580 2693 aut
1594 2657 1628 2698 ro·

346 2737 486 2820 valeant,
514 2736 570 2802 sed
597 2758 634 2800 ea
661 2738 776 2801 tamen*
791 2735 911 2800 habent
932 2757 999 2802 non
1022 2736 1156 2822 indigna
1178 2736 1315 2800 fortasse
1339 2757 1421 2820 quae
1444 2758 1463 2800 a
1485 2735 1579 2802 nobis

346 2843 459 2928 primis
486 2843 582 2910 lineis
605 2842 756 2915 inchoata
778 2844 951 2920 intentiore
975 2842 1198 2909 observatione
1222 2842 1477 2909 exaedificentur.
1517 2841 1581 2907 Ne-

348 2972 408 3035 que
436 2951 521 3015 enim
549 2972 589 3015 ne
616 2973 701 3015 nunc
729 2950 860 3036 quidem
886 2956 951 3016 nos·
973 2951 1076 3015 doctis
1103 2951 1273 3015 scribimus
1296 2949 1350 3015 sed
1374 2949 1582 3035 discentibus,

347 3058 374 3123 si
393 3059 471 3143 quid
489 3058 573 3123 forte
591 3056 631 3121 iis
649 3058 802 3123 utilitatis
820 3060 880 3122 aut
894 3058 1094 3123 incitamenti
1113 3057 1331 3142 disputatione
1344 3061 1454 3123 nostra
1468 3058 1580 3123 afferre

346 3166 515 3250 possimus.
558 3164 757 3231 Exordimur
787 3168 947 3239 autema
974 3164 1128 3251 Megarae
1157 3166 1317 3249 oratioue,
1350 3186 1413 3249 qua
1441 3164 1579 3229 liberum

346 3294 484 3337 suorum.
501 3273 541 3336 ad
563 3272 675 3337 necem
698 3273 829 3336 iamiam
851 3271 1263 3337 subeundam'funebribus
1287 3275 1489 3355 comptorum
1512 3271 1580 3337 fata

347 3379 460 3444 acerba
487 3378 697 3464 conqueritur
723 3400 769 3444 ac
788 3378 942 3462 deplorat.
980 3378 1068 3455 Quae
1096 3379 1225 3463 quidem
1254 3379 1349 3463 ῥῆσις
1372 3378 1505 3463 pulchre
1518 3379 1580 3445 ,de-

346 3486 451 3570 pictos
474 3485 744 3551 commiserandae
767 3486 880 3550 metris
903 3507 1009 3550 mores
1032 3485 1139 3569 habet,
1162 3488 1241 3551 adeo
1260 3491 1300 3551 ut
1314 3486 1423 3551 nativa
1442 3486 1579 3570 quadam

346 3593 480 3673 veritate
512 3615 663 3657 sensuum
694 3592 830 3657 mirifice
857 3593 1020 3676 legentem
1049 3593 1154 3675 capiet
1182 3613 1218 3657 ac
1245 3596 1360 3658 teneat.
1383 3592 1450 3659 ‚ua
1478 3593 1580 3680 igitur

347 3698 420 3763 inde
443 3722 463 3779 a
484 3723 518 3764 r.⁴
532 3700 599 3765 460
621 3700 702 3765 haec
724 3698 894 3784 expromit.
1128 3694 1132 3700 ’

505 3802 527 3889 ἦ
549 3808 636 3872 πολύ
659 3813 697 3890 ys
721 3804 819 3889 δόξης
837 3804 997 3884 ἐξέπεσον,
1020 3806 1208 3888 εὐέλπιδος,
1285 3864 1287 3869 .

506 3914 548 3997 ἣν
570 3915 694 3995 πατρὸς
715 3913 811 3995 ὑμῶν
834 3913 870 3978 ἐκ
893 3916 1003 3997 λόγων
1025 3912 1104 3979 ποτ’,
1124 3916 1255 3997 ἥλιιισιιι
1314 3956 1319 3971 ,-
1356 3952 1358 3955 ·
1433 3946 1437 3955 ,
1503 3998 1505 4002 Ι

506 4018 561 4085 σοὶ
584 4020 646 4103 μὲν
668 4021 732 4104 γὰρ
747 4018 868 4104 *Αργος
890 4018 977 4105 ἔνεμ’
1007 4020 1024 4085 ὁ
1048 4019 1228 4085 κατθανὼν
1250 4022 1372 4105 πατήρ,
1436 4056 1460 4063 ·=
1585 4100 1587 4105 ‚

396 4182 399 4185 .
502 4126 712 4209 Εὐρυσθέως
736 4124 764 4189 d'
785 4124 924 4208 ἔμελλες
947 4128 1096 4211 οἰκήσειν
1119 4128 1256 4210 δόμους,
1301 4172 1306 4211 ;
1363 4156 1382 4190 a

347 4237 379 4297 et
406 4256 497 4317 quae·
514 4255 611 4317 porro
640 4233 752 4299 eodem
779 4236 891 4297 tenore
919 4235 1129 4318 exsequitur..
1149 4233 1235 4299 Nam
1263 4232 1357 4299 nobis
1384 4237 1525 4297 tantum]
1541 4233 1586 4297 dc?

346 4340 491 4405 versibus
513 4340 619 4425 primo
643 4345 676 4405 et
694 4340 1024 4405 secundodicendum
1044 4346 1099 4407 est.
1138 4340 1201 4417 Qui
1219 4363 1330 4405 versus
1349 4340 1396 4405 sic
1414 4340 1464 4421 uti
1482 4342 1587 4423 supro·

346 4448 459 4531 scripti
482 4451 567 4531 sunt,
588 4450 800 4531 posteaquam
823 4449 907 4513 hanc
929 4468 998 4513 esse
1021 4470 1130 4513 veram
1148 4452 1180 4512 et
1198 4448 1368 4533 pristinam
1387 4469 1498 4512 eorum
1513 4446 1584 4512 *for*

345 4576 431 4619 mam
459 4578 479 4619 a
505 4576 539 4619 se
566 4554 605 4617 de
632 4555 815 4619 coniectum
841 4559 1062 4639 recuperatum
1082 4555 1211 4639 primus
1233 4554 1394 4619 Henricus
1417 4553 1578 4619 Himelius

347 4657 394 4747 (m
410 4660 521 4726 libello
541 4660 580 4723 de
593 4660 759 4743 Euripidis
778 4661 813 4724 in
831 4660 1062 4745 componendis
1081 4660 1233 4725 diuerbiis
1252 4664 1319 4725 arte
1338 4684 1364 4725 a.
1384 4676 1579 4726 noccocxn

309 4766 435 4852 4edito
462 4789 492 4851 p.
516 4765 587 4853 25)
602 4766 791 4852 affirmavit,
813 4767 862 4831 ‘ab
889 4767 1041 4834 omnibus
1069 4766 1218 4852 deinceps
1247 4768 1438 4853 editoribus,
1465 4768 1578 4833 Kirch·
1592 4794 1627 4835 aa

346 4872 461 4938 hoffio.
475 4876 511 4939 in.
537 4873 653 4957 alterap
675 4873 845 4953 Wecklino
874 4874 908 4937 in
931 4873 1087 4960 Pflugkii,
1111 4873 1361 4954 Wilemowitzio
1386 4877 1419 4941 in
1442 4880 1579 4960 utreque
