3967 5725
363 1497 403 1568 n.
426 1495 599 1568 runnu
626 1494 945 1568 anemonen
972 1473 1574 1592 uranuunuunrssqrcoo.

317 1669 337 1724 ὅ
444 1671 634 1735 Lectionum
662 1668 914 1735 academicorum
941 1673 1088 1736 recensui
1115 1676 1153 1737 ut
1175 1659 1330 1738 consueto
1353 1693 1451 1736 more
1466 1671 1588 1756 aliquid

353 1777 563 1862 praefationis
585 1778 761 1842 litterariae
783 1778 1071 1863 praemitteremus,
1094 1778 1134 1843 ad
1154 1777 1341 1844 Ciceronem
1363 1779 1526 1861 rediimus,
1550 1780 1589 1843 de

353 1906 418 1968 quo
436 1885 593 1949 nonnulla
611 1884 728 1949 abhinc
747 1893 804 1949 sex
822 1907 946 1949 menses
965 1885 1076 1950 eadem
1096 1874 1263 1951 occasione
1280 1886 1497 1967 disseruimus,
1516 1907 1589 1950 cum

353 2014 422 2056 eam
445 1995 570 2076 partem
593 1990 826 2056 emendationis
844 1991 1013 2056 Tullianae
1037 1992 1191 2076 exemplis
1217 1979 1376 2058 declarare
1399 2002 1589 2058 conaremur

352 2108 434 2181 'quae
466 2098 678 2184 agnoscendis
705 2097 973 2182 eliminandisque
1002 2099 1226 2167 additamentis
1255 2099 1367 2166 alienis
1396 2101 1587 2164 continetur.

352 2204 449 2270 Nunc
464 2204 604 2270 'eandem
628 2226 756 2269 causam
779 2209 923 2290 repetere
946 2191 993 2270 ac
1006 2205 1156 2292 persequi
1179 2196 1467 2289 instituimus,scd
1486 2206 1532 2270 ita
1551 2210 1588 2270 ut

352 2314 500 2396 exempla
516 2315 663 2396 petamus
682 2333 748 2377 non
768 2333 808 2376 ex
827 2311 1027 2379 orationibus
1047 2312 1081 2375 in
1100 2303 1217 2396 quibus
1236 2316 1307 2377 tum
1326 2312 1466 2378 maxime
1484 2304 1587 2378 mora-

351 2418 483 2501 bamur,
497 2441 608 2483 verum
632 2439 672 2482 ex
694 2418 921 2503 philosophiae
944 2420 1073 2504 scriptis
1098 2420 1133 2484 in
1155 2419 1274 2502 quibus
1296 2419 1458 2505 ingeniosi
1483 2419 1587 2484 critici

350 2548 417 2591 non
443 2527 550 2591 minus
576 2547 672 2610 saepe
695 2548 765 2591 eam
789 2548 885 2610 quam
910 2527 1046 2591 dicimus
1070 2511 1279 2612 cupiditatem
1302 2513 1430 2591 delendi
1452 2536 1586 2610 prae'se
1602 2553 1627 2594 ιο

349 2634 468 2717 fenmt,
491 2655 561 2717 qua·
575 2633 613 2697 fit
632 2637 669 2698 ut
687 2634 844 2698 tollantur
860 2655 1103 2718 nonnumquam
1122 2617 1263 2718 quaefad
1283 2627 1585 2699 Ciceronis'morem

351 2761 508 2824 usumque
526 2739 679 2822 loquendi
698 2761 734 2804 ac
753 2740 912 2805 sentiendi
929 2740 1031 2805 relata
1048 2729 1176 2828 integra
1195 2761 1264 2807 esse
1283 2728 1340 2805 aut
1359 2740 1386 2805 si
1400 2762 1465 2824 qna
1478 2745 1586 2814 tamen

350 2849 475 2913 macula
502 2847 623 2912 violata
651 2834 719 2912 sint*
743 2857 781 2912 e'a
808 2833 873 2913 alio
897 2848 994 2913 modo
1018 2848 1172 2914 abstersa
1186 2849 1227 2914 ad
1249 2848 1419 2914 sanitatem
1442 2847 1586 2913 rovocari
1603 2866 1622 2900 11

349 2954 527 3019 videantur.
569 2952 631 3018 Sed
664 2956 770 3019 multa
797 2978 863 3020 non
893 2960 968 3020 sunt
997 2977 1079 3040 quae
1107 2957 1267 3021 afferimus
1295 2948 1399 3039 neque
1427 2955 1585 3040 gravitate

350 3062 417 3125 ulla
440 3065 496 3126 aut
519 3062 643 3125 inventi
665 3062 760 3126 laude
783 3064 965 3147 conspicue,
988 3086 1100 3128 verum
1123 3068 1231 3128 tamen
1252 3085 1290 3126 ee
1307 3063 1444 3127 fortasse
1463 3062 1498 3125 in
1517 3062 1584 3145 qui-

350 3168 410 3232 bus
443 3157 684 3233 demonstrandi
717 3157 901 3255 severitnte·
919 3170 1042 3253 aliquid
1069 3156 1196 3235 efficere
1223 3168 1327 3232 liceat.
1352 3158 1453 3232 ¹Nem
1483 3167 1585 3233 multa

350 3279 426 3340 sunt
453 3276 487 3338 in
514 3274 592 3339 hoc¹
604 3297 721 3361 genere
748 3276 884 3342 fidenter
910 3279 1017 3361 posita
1044 3281 1076 3341 et
1103 3298 1162 3361 per
1184 3275 1301 3340 multas
1325 3274 1501 3355 multomm
1521 3276 1585 3338 edi-

349 3383 455 3447 tiones
473 3369 660 3467 propagata,
679 3404 761 3466 quae
780 3384 886 3467 quivis
906 3384 962 3467 qui
980 3384 1076 3448 modo
1094 3404 1161 3448 non
1176 3386 1331 3466 occupata
1344 3384 1450 3445 mente
1464 3380 1584 3445 iudicet

349 3489 412 3553 sibi
438 3488 630 3573 persuadeat
653 3511 728 3553 vera
750 3511 817 3554 non
840 3512 909 3554 esse
933 3490 996 3555 sed
1012 3490 1121 3553 favore
1145 3489 1283 3573 quodam
1306 3487 1450 3573 retineri,
1469 3493 1584 3553 ¹tamen

350 3595 382 3659 vi
409 3595 655 3681 argumentandi
683 3597 925 3681 rationibusque
953 3597 992 3660 ad
1020 3597 1275 3680 persuadendum
1299 3596 1456 3680 appositis
1480 3596 1583 3660 redar-
1599 3622 1625 3661 ro

349 3722 447 3786 gnere
470 3722 536 3765 non
558 3703 676 3786 possis:
700 3707 733 3766 et
755 3701 849 3767 nobis
872 3703 955 3767 hanc
976 3704 1083 3788 legem
1107 3703 1294 3787 scripsimus
1317 3706 1354 3766 ut
1372 3724 1412 3766 ne
1431 3722 1583 3786 umquam

347 3828 408 3891 pro
432 3809 527 3873 certis
551 3809 760 3892 venditemus,
784 3832 866 3893 quae
889 3808 1164 3874 nisi'verisimilia
1186 3807 1229 3897 (si
1247 3806 1369 3895 tamen)
1387 3808 1500 3871 haberi
1518 3826 1584 3873 n'on

348 3914 488 3999 possint,
520 3916 637 3981 nedum
669 3916 748 3979 viris
780 3916 913 3980 eruditis
941 3921 975 3980 et
1003 3916 1091 3981 omni
1118 3917 1213 3981 laude
1240 3913 1422 4001 insignibus
1450 3914 1583 3998 obloqui

348 4021 522 4086 audeamus
540 4024 604 4087 nisi
622 4023 686 4087 fide
704 4026 972 4109 argumentorum
987 4026 1021 4089 et
1040 4016 1260 4108 exemplorum
1278 4021 1495 4087 stabilimento
1511 4013 1584 4085 con·

348 4128 467 4193 firmati
500 4133 533 4194 et
554 4129 675 4194 adiuti.
711 4125 834 4213 ltaque
861 4151 964 4214 pauca
993 4132 1159 4213 acquirere
1186 4131 1214 4194 si
1241 4147 1412 4213 possumus
1441 4130 1583 4193 contenti

349 4234 565 4301 difficiliorem
584 4238 680 4301 istam
699 4240 732 4300 et
750 4237 883 4301 arduam
902 4258 1031 4320 operam
1050 4236 1248 4301 acutioribus
1267 4240 1304 4301 ut
1321 4259 1381 4321 par
1397 4240 1445 4299 est
1460 4256 1583 4299 sumen-

349 4340 422 4407 dam
445 4344 666 4427 relinquimus,
688 4343 947 4408 adolescentibus
971 4334 1088 4426 autem,
1112 4344 1229 4427 quibus
1246 4336 1331 4408 *haec
1352 4342 1532 4425 scribimus,
1555 4342 1583 4405 si

347 4450 405 4531 qui
427 4449 512 4514 forte
536 4451 686 4515 adhunc
709 4451 897 4535 scriptorem
920 4450 1068 4534 tendant,
1091 4442 1260 4515 suademus
1283 4450 1369 4513 idem
1392 4449 1479 4532 quod
1502 4470 1583 4518 sem·

348 4576 415 4639 per,
434 4560 471 4620 ut
486 4557 630 4641 impensa
644 4547 1019 4643 observandidiligentia
1033 4558 1197 4621 excutiant
1210 4558 1300 4641 prius
1315 4546 1412 4641 quam
1426 4560 1582 4641 temptare

350 4662 506 4745 incipiant
534 4668 565 4728 et
588 4664 650 4727 hoc
674 4664 735 4728 sibi
759 4664 879 4744 dicant,
907 4663 1052 4728 libidinis
1076 4663 1206 4731 licentia
1222 4666 1332 4729 multa
1354 4666 1389 4728 in
1410 4656 1462 4728 his
1482 4657 1581 4729 rebui
1597 4688 1623 4729 eo

348 4768 491 4833 affectari
520 4770 576 4835 sed
604 4756 732 4835 stabile
750 4770 836 4855 quod
863 4772 907 4834 sit
933 4770 1017 4835 nihil
1039 4772 1103 4835 nisi
1126 4771 1237 4835 iudicii
1250 4766 1444 4835 'sinceritate
1466 4771 1581 4855 parari.

348 4872 417 4940 Sed
438 4876 645 4963 aggredimur
668 4877 708 4940 ad
732 4899 808 4941 rem.
932 4883 953 4940 .'
1208 4907 1210 4909 ·
1299 4892 1304 4902 ·
