3967 5725
392 638 458 704 352
591 644 623 695 u.
642 643 758 694 moax
776 643 991 696 uucmoruu
1008 643 1250 694 mensuum
1269 639 1438 706 resumam.

390 808 521 890 gerunt:
546 824 684 888 quorum
706 807 817 870 tamen
838 827 933 870 nemo
957 805 1167 882 additamenti
1186 825 1314 870 causam
1333 807 1366 868 et
1384 803 1556 869 consilium
1573 804 1627 867 vel

389 910 489 976 verbo
518 910 676 976 declarare
699 932 797 976 ausus
819 915 881 996 est,
907 912 964 977 sed
986 912 1178 978 auctoritate
1200 909 1311 998 magni
1333 911 1395 976 viri
1417 911 1499 974 moti
1521 915 1625 975 sustu-

390 1018 498 1084 lerunt
527 1039 609 1102 quae
631 1017 771 1105 intelligi
795 1040 861 1084 non
883 1023 1045 1103 poterant.
1081 1019 1126 1084 llt
1149 1022 1225 1084 sunt
1248 1039 1324 1082 sane
1347 1017 1409 1082 ista
1432 1015 1531 1082 verba
1552 1038 1625 1100 puc-

389 1127 480 1190 m‘am
503 1145 588 1190 mors
608 1124 724 1190 ebidem
743 1132 788 1192 eat
805 1126 898 1192 valde
917 1125 1061 1192 obscura
1099 1125 1163 1191 Sed
1181 1127 1330 1191 minusne
1348 1124 1484 1189 obscura
1502 1125 1625 1190 suntsi
1752 1135 1756 1140 ’

390 1231 431 1296 ab
459 1230 613 1299 cicerone
644 1232 891 1298 abiudicantur?
921 1238 954 1298 et
986 1233 1043 1318 qui
1073 1255 1110 1297 ea
1137 1236 1265 1318 praeter
1291 1235 1430 1297 mentem
1460 1229 1624 1297 Ciceronis

390 1339 519 1423 adiecit,
546 1339 670 1404 nihilne
693 1340 830 1405 sensisse
853 1340 1043 1425 putabitur?
1079 1339 1212 1405 Frustra
1236 1340 1432 1424 quaerimus:
1459 1339 1544 1404 nihil
1565 1360 1625 1404 nos

390 1446 544 1530 adiuvant
571 1447 771 1533 interpretes.
808 1447 878 1513 Nos
906 1469 982 1512 vero
1010 1451 1199 1513 cumctamur
1226 1447 1378 1512 damnare
1406 1469 1544 1531 quorum
1565 1467 1626 1511 nec

390 1576 519 1619 sensum
547 1575 606 1620 nec
633 1555 790 1620 rationem
819 1555 1017 1639 dispicimus.
1054 1554 1190 1620 Accedit
1216 1555 1366 1619 alterum:
1394 1575 1476 1638 quae
1503 1557 1626 1619 restant

389 1660 456 1726 illis
484 1661 599 1727 deletis
618 1667 731 1744 pertua
758 1663 841 1727 cuitu
862 1669 990 1745 praesto
1017 1669 1072 1742 est,
1105 1669 1264 1728 aeteruum
1291 1662 1373 1727 uait
1398 1663 1552 1728 mutendi
1578 1683 1626 1728 re·
1642 1679 1680 1735 lu

351 1768 593 1851 receptaculum,
624 1773 761 1852 possunt
794 1770 850 1834 illa
882 1769 1011 1854 quidem
1043 1769 1183 1857 intelligi
1215 1791 1274 1835 nec
1304 1769 1420 1835 vitiosa
1448 1774 1536 1854 sunt,
1561 1769 1624 1835 sed

389 1878 498 1940 tamen
525 1896 591 1940 non
617 1875 714 1940 nimis
743 1877 859 1940 scitum
888 1879 938 1940 est
964 1875 1028 1941 hcc
1056 1876 1183 1942 dicendi
1210 1898 1326 1962 genus3
1356 1876 1443 1961 qnod
1471 1875 1624 1960 quoniam

389 2004 456 2047 non
482 1983 529 2046 ita
555 1981 711 2047 traditum
739 1987 788 2048 est
815 1982 872 2047 sed
898 1987 1011 2048 nostro
1039 1983 1167 2048 decreto
1195 1987 1338 2068 partum,
1371 1982 1499 2048 dubites
1518 2005 1622 2067 ¹quam

276 2091 281 2098 “
390 2087 576 2155 Ciceronem
600 2089 711 2154 decere
734 2089 829 2154 dicas
866 2088 954 2166 Quae
978 2111 1053 2156 cum
1074 2091 1121 2156 ita
1139 2091 1213 2176 sint,
1237 2091 1355 2156 mirum
1373 2111 1439 2156 non
1458 2095 1507 2155 est
1524 2090 1623 2156 fuisse

390 2197 447 2281 qui
473 2196 508 2261 in
530 2196 720 2261 Bentleiana
742 2195 867 2261 ratione
888 2217 954 2261 non
978 2219 1048 2262 esse
1071 2198 1307 2282 persistendum
1329 2198 1393 2263 rati
1415 2197 1496 2262 alios
1519 2219 1623 2264 emen-

390 2304 487 2369 dandi
510 2304 623 2369 modos
646 2304 937 2388 circumspicerent.
973 2302 1050 2370 urit
1073 2306 1129 2389 qui
1151 2305 1265 2370 Mem
1284 2303 1453 2370 delendum
1473 2308 1624 2389 censeret,

388 2412 539 2494 quautam
557 2431 641 2476 mers
659 2416 703 2477 est
720 2416 879 2475 aeteruum
897 2410 980 2475 catal
997 2413 1152 2477 saeuiendi
1164 2411 1396 2495 ceommundum,
1414 2411 1501 2476 haud
1515 2411 1625 2495 inepta

390 2518 558 2601 sententia,
581 2517 636 2583 sed
660 2538 724 2581 non
749 2521 884 2601 apparet
905 2518 991 2582 unde
1014 2519 1111 2583 istam
1132 2517 1324 2603 particulam
1347 2519 1518 2584 accessisse
1541 2518 1624 2583 dica-.

389 2647 470 2689 mus.
507 2623 600 2688 Alius
623 2646 689 2689 non
712 2623 828 2689 ibidem
850 2623 906 2688 sed
928 2645 1013 2690 mors
1036 2624 1147 2691 abesse
1165 2625 1291 2710 maluit,
1315 2647 1380 2710 qua
1398 2625 1528 2709 dempta
1546 2645 1623 2689 voce

390 2731 506 2797 crescit
528 2752 593 2795 nou
617 2731 774 2796 minuitur
792 2729 966 2796 difficultas
985 2731 1102 2797 ibidem
1119 2732 1297 2817 particulae
1315 2731 1536 2816 explicandae:
1560 2753 1623 2815 quo

348 2863 376 2904 so
389 2837 476 2904 enim
507 2838 697 2904 referimus?
736 2835 850 2923 Itaque
873 2836 1125 2926 Wesenbergius
1159 2838 1211 2926 (ut
1241 2841 1306 2906 iam
1336 2843 1410 2915 unte
1437 2835 1622 2926 Nissenius)

390 2946 542 3031 quoniam
570 2946 685 3012 ibidem
712 2946 851 3011 maxime
880 2946 1008 3012 obstare
1035 2946 1197 3031 probabili
1225 2948 1401 3013 sententiae
1429 2950 1462 3011 et
1485 2948 1624 3013 orationi

389 3053 568 3137 videbatur,
590 3052 674 3119 hano
696 3054 889 3138 particulam
908 3053 1166 3141 aggrediendam,
1188 3075 1299 3119 rerum
1316 3075 1383 3119 non
1402 3050 1624 3137 obiiciendum,

389 3160 445 3226 sed
473 3160 694 3248 corrigendam
722 3182 792 3226 esse
814 3159 952 3225 censuit:
980 3182 1020 3224 ex
1044 3160 1158 3226 dialem
1182 3162 1287 3227 effecit
1309 3162 1447 3244 quidem,
1475 3164 1623 3244 quautam

388 3288 474 3334 mors
498 3269 625 3352 qraidem
647 3273 691 3334 est
712 3289 744 3333 a.
761 3288 785 3333 s.
808 3268 1045 3349 receptaculum,
1075 3267 1130 3332 sed
1153 3268 1230 3352 quia
1252 3289 1336 3334 mors
1357 3290 1422 3333 non
1447 3270 1526 3334 satis
1549 3272 1623 3353 apte

389 3398 426 3440 ea
449 3374 611 3460 particula
630 3374 739 3441 addita
760 3374 833 3440 acui
855 3374 1039 3458 videbatur,
1066 3376 1267 3460 transposuit
1290 3377 1415 3458 quidem
1438 3380 1471 3441 et
1494 3376 1624 3462 scripsit

388 3483 538 3565 quautam
560 3483 685 3563 pue'ciem
708 3502 792 3548 mers
814 3487 858 3548 est
873 3503 905 3546 a.
923 3503 948 3547 s.
965 3482 1199 3565 receptaculum,
1224 3485 1255 3547 et
1274 3483 1332 3547 has
1351 3483 1430 3547 duas
1448 3483 1623 3568 partiamus

370 3586 578 3677 ¹Ciceronem
606 3610 700 3673 saepe
728 3589 879 3674 copulare
902 3588 1014 3654 multis
1038 3588 1194 3673 exemplis
1217 3589 1375 3673 probavit.
1412 3588 1522 3675 Atque
1544 3590 1623 3655 haec

389 3696 569 3761 emendatio
593 3698 770 3761 multorum
793 3695 942 3781 plausum
965 3695 1043 3760 tulit
1065 3718 1124 3780 per
1141 3695 1323 3781 multasque
1342 3696 1499 3762 editiones
1518 3718 1624 3763 recen-

388 3804 508 3869 tiorum
528 3804 723 3888 criticorum,
741 3802 895 3884 Tischeri
914 3800 1042 3886 Sorofii,
1060 3801 1181 3885 Heluii,
1197 3802 1374 3888 Meissneri,
1392 3803 1431 3869 al.
1447 3806 1624 3891 propagata

347 3933 375 3974 so
389 3914 461 3975 est..
483 3909 628 3987 Quorum
657 3910 827 3975 consensui
856 3911 1028 3994 quominus
1052 3909 1239 3976 accedamus
1262 3909 1365 3975 multa
1387 3933 1446 3977 nos
1469 3912 1623 3975 retinent:

390 4040 429 4083 ex
456 4018 572 4082 ebidem
599 4017 726 4083 efficere
753 4017 891 4098 quiden,
920 4038 984 4101 quo
1013 4016 1097 4082 nihil
1125 4038 1206 4102 opus
1234 4021 1316 4101 erut,
1344 4021 1376 4081 et
1398 4017 1462 4084 hoc
1485 4019 1561 4102 quia
1584 4039 1622 4082 eo

389 4124 461 4190 loco
489 4123 636 4209 ineptum
663 4128 713 4190 est
739 4127 949 4208 transponere
977 4127 1010 4189 et
1038 4125 1175 4189 scribere
1197 4126 1348 4207 quereiam
1370 4125 1508 4207 quideme,
1536 4124 1623 4209 quod

388 4232 468 4297 item
486 4231 601 4297 inutile
620 4236 697 4315 erat,
715 4254 811 4317 quam
830 4230 960 4296 tandem
978 4230 1240 4315 probabilitatem
1256 4226 1375 4295 habere
1390 4231 1526 4296 dicimus
1540 4232 1624 4296 hanc

389 4339 580 4405 emendandi
603 4338 782 4404 rationem?
805 4342 842 4402 ut
865 4338 1046 4422 mittamus,
1071 4359 1112 4403 ne
1135 4339 1212 4402 satis
1236 4340 1311 4422 apte
1334 4337 1463 4422 quidem
1487 4341 1623 4403 mortem

390 4445 453 4510 dici
480 4468 549 4511 esse
576 4446 814 4531 receptaculum
842 4444 925 4509 nihil
952 4444 1124 4530 sentiendi3
1157 4449 1242 4509 certe
1269 4444 1469 4529 probabilius
1496 4444 1624 4510 videtur

389 4552 477 4635 quod
502 4550 613 4617 Cicero
641 4552 680 4617 de
707 4552 905 4619 divinatione
927 4550 1029 4637 1172,
1050 4552 1115 4616 150
1142 4553 1189 4616 ait
1210 4553 1393 4635 perfupt'um
1415 4551 1537 4617 videaur
1559 4572 1624 4617 cm-

389 4659 480 4723 nium
512 4658 653 4725 utum
680 4666 709 4725 et
734 4659 980 4725 caluminam
1009 4679 1072 4725 esse
1099 4678 1226 4725 sommus
1253 4662 1310 4723 aut
1337 4658 1423 4742 quod
1450 4657 1536 4722 idem
1562 4680 1623 4742 pro

390 4762 515 4829 Cluent.
530 4765 582 4849 61,
599 4766 660 4829 171
685 4766 758 4831 bruc
778 4771 906 4832 mertem
924 4765 1104 4831 maturabat
1122 4766 1278 4843 iuimicus,
1302 4765 1385 4847 quod
1401 4764 1451 4830 illi
1468 4785 1568 4830 cuma
1586 4767 1624 4831 ia

388 4871 485 4938 malis
516 4864 584 4937 erat
607 4874 790 4956 pufupium
815 4873 1015 4939 calamitatis.
1058 4871 1120 4939 Sed
1143 4871 1283 4937 editores
1306 4872 1480 4958 gaudentes
1503 4872 1627 4937 habere·
