3967 5725
646 602 696 650 DE
713 602 944 653 EMENDANDO
963 602 1122 654 VALERIO
1141 603 1295 654 MAXIMO.
1349 655 1352 659 ,
1528 602 1592 667 145

307 758 345 818 12
359 766 429 825 rent
445 762 587 827 univoci
606 762 773 846 scripsisse
792 762 901 847 itaque
925 763 1034 828 edidit.
1063 762 1152 839 Quae
1175 785 1241 828 non
1263 766 1428 851 inelegans
1447 769 1497 830 est
1515 767 1592 831 scri-

360 872 470 951 ptura,
500 868 652 952 quoniam
675 872 734 934 um'
756 872 822 935 coci
843 892 998 955 perquam
1022 874 1096 954 apte
1123 877 1236 952 septem
1264 873 1441 938 cumulatim
1470 873 1591 957 opponi

359 974 517 1039 videntur
555 975 617 1041 Sed
645 998 742 1060 quarn
769 978 984 1042 necessarium
1012 977 1111 1041 fuerit
1137 978 1200 1043 hoc
1224 979 1310 1062 quod
1333 1000 1399 1043 non
1426 981 1591 1065 inelegans

360 1102 429 1145 esse
457 1081 612 1168 largimur
644 1083 870 1149 addubitamus
903 1088 1075 1169 propterca
1105 1085 1192 1169 quod
1222 1086 1405 1151 creberrimi
1434 1109 1512 1152 usus
1542 1092 1592 1153 est

360 1188 445 1271 apud
472 1187 638 1254 Valerium
668 1212 845 1274 pronomen
874 1191 939 1269 ille,
971 1196 1009 1256 ut
1041 1191 1201 1276 significet
1229 1197 1302 1257 ante
1331 1216 1412 1277 quae
1441 1194 1591 1278 deinceps

359 1296 443 1359 enim
470 1297 629 1379 particula
656 1297 848 1381 interposita
875 1298 1054 1363 accuratius
1082 1298 1287 1388 expositurus
1315 1305 1371 1365 est.
1413 1300 1526 1384 Velut,
1554 1305 1592 1365 ut

357 1424 427 1466 rem
451 1404 654 1467 notissimam
678 1406 833 1489 exemplis
856 1405 969 1490 paucis
993 1406 1198 1490 declaremus,

494 1511 568 1593 449,
588 1511 609 1574 3
627 1511 709 1595 Ape,
735 1512 794 1577 illa
821 1534 916 1594 quam
944 1513 1141 1579 exsecrabilis
1163 1514 1301 1578 militum
1323 1516 1495 1580 temeritas:
1516 1516 1591 1597 fecit

493 1619 577 1682 enim
599 1624 635 1682 ut
656 1618 697 1682 A.
716 1618 854 1684 Albium
877 1671 883 1683 .
909 1672 915 1683 .
940 1670 946 1684 .
970 1620 1130 1703 lapidibus
1152 1620 1344 1698 adiunctam

492 1724 607 1808 4516
631 1725 731 1790 illam
754 1747 822 1792 aero
844 1727 991 1793 ultionem
1015 1733 1044 1792 ct
1064 1734 1190 1793 senatus
1212 1734 1241 1793 et
1262 1748 1427 1795 coriscum
1449 1731 1589 1794 omniurn
1605 1755 1632 1797 rc

493 1832 693 1914 approbarit:
716 1854 786 1897 mm
809 1836 892 1897 enim
915 1834 1085 1900 Adrianus
1107 1837 1186 1900 maes
1208 1836 1369 1900 Romanos
1391 1857 1455 1919 eqs.

492 1939 631 2024 413,15
658 1940 726 2005 Illa
753 1962 822 2005 aero
847 1942 967 2022 plorice
994 1943 1152 2023 cupiditas
1178 1942 1347 2024 sacrilma:
1378 1946 1522 2007 inventus
1548 1949 1593 2007 est

493 2048 576 2111 enim
599 2048 654 2130 qui
675 2047 806 2113 Dianae
828 2048 986 2130 Ephesiae
1008 2048 1155 2130 templum
1178 2050 1341 2115 incendere
1362 2050 1449 2115 uellet
1472 2071 1536 2132 eqs.

356 2157 415 2218 aut
439 2154 526 2237 quod
549 2154 647 2218 etiam
670 2156 803 2239 propius
827 2154 916 2219 illius
939 2154 1004 2219 loci
1027 2155 1066 2219 de
1089 2178 1153 2240 quo
1182 2156 1318 2222 dicimus
1346 2156 1591 2221 similitudinem

356 2261 493 2347 attingit
515 2260 590 2343 295,
612 2262 651 2324 17

496 2368 639 2449 Quantus
660 2370 711 2434 laic
732 2371 768 2433 in
790 2370 961 2453 sapientia,
989 2375 1095 2435 tantus
1113 2372 1149 2435 in
1172 2372 1274 2435 armis
1295 2371 1478 2437 Alexander
1500 2372 1591 2437 illam

491 2462 591 2541 vocem
613 2476 757 2541 umaro
779 2477 894 2541 aruir:
917 2475 1023 2542 aaa
1046 2478 1129 2542 aaa
1148 2498 1210 2542 uu
1229 2479 1298 2542 nm
1316 2483 1344 2543 a
1361 2479 1458 2543 armo
1470 2479 1591 2560 poan

489 2585 633 2649 uirtutem
657 2586 724 2649 eius
746 2589 866 2665 experto
886 2589 977 2666 atque
993 2586 1062 2649 idco
1081 2590 1252 2666 ctpartem
1270 2588 1359 2667 repni
1378 2588 1484 2651 Tamo
1503 2592 1591 2651 tenus

491 2696 592 2755 monte
615 2697 643 2755 et
663 2692 768 2775 (iliam
792 2694 826 2756 in
850 2692 1087 2757 matrimonium
1111 2712 1180 2757 cum
1204 2693 1302 2757 decies
1324 2698 1445 2757 centum
1463 2694 1592 2758 mitulus

491 2798 640 2864 tamntum
652 2799 824 2882 pollicente,
848 2818 917 2864 cnm
937 2798 1133 2865 Parmmim
1152 2799 1282 2866 dixisset
1298 2820 1339 2879 se,
1361 2802 1391 2866 si
1408 2800 1591 2866 Aleuander
1604 2826 1632 2866 n

490 2913 572 2985 esset,
595 2927 726 2972 usurum
749 2927 786 2971 ea
809 2908 993 2986 condicione,
1016 2907 1177 2988 respondit
1200 2908 1239 2971 ‘ct
1256 2928 1308 2989 epo
1326 2913 1435 2986 uterer,
1457 2910 1487 2972 si
1506 2908 1590 2973 Par·

491 3016 616 3078 menmn
639 3015 753 3079 assem?

354 3120 455 3185 Illam
488 3122 573 3185 enirn
604 3141 705 3186 nocem
738 3143 834 3204 quam
864 3121 959 3185 initio
989 3120 1184 3184 narrationis
1215 3119 1294 3185 dicit
1323 3119 1472 3185 Valerius
1505 3121 1590 3184 infra

301 3270 303 3274 .
356 3227 486 3291 demum
509 3249 574 3293 non
597 3229 644 3292 ita
666 3229 778 3312 paucis
802 3228 979 3293 interiectis
1004 3228 1183 3292 immixtam
1203 3228 1380 3292 narrationi
1399 3228 1499 3293 affert.
1536 3227 1589 3292 Ad

355 3355 430 3398 eum
453 3335 584 3400 modum
607 3335 658 3401 alli
680 3336 747 3400 uoci
770 3333 917 3400 Africani
940 3336 1020 3400 dicit
1042 3335 1209 3400 inhaerere
1231 3334 1327 3399 Marii
1351 3335 1538 3399 consulatus
1557 3340 1589 3400 et

354 3440 552 3526 triumphoS,
580 3443 653 3507 dein
684 3465 780 3527 quam
810 3465 923 3508 vocem
950 3441 1114 3528 intelligat
1141 3443 1215 3506 inde
1242 3443 1390 3506 avertis
1414 3442 1459 3506 ad
1479 3463 1589 3525 rapum

355 3549 441 3614 enim
463 3569 558 3631 usqne
579 3550 739 3615 narrando
763 3550 958 3634 exsequitur.

444 3654 506 3721 Illa
518 3678 594 3721 vero
608 3659 690 3721 ratio
706 3680 770 3741 qna
784 3679 851 3720 rem
862 3656 1019 3742 agendam
1029 3655 1159 3738 indicat,
1173 3655 1287 3720 deinde
1296 3677 1365 3720 eam
1376 3678 1443 3720 rem
1454 3655 1494 3719 ab
1505 3657 1588 3720 enim

353 3763 513 3849 particula
536 3764 694 3848 explicare
717 3764 842 3848 incipit,
866 3785 930 3846 quo
953 3764 1153 3846 frequentior
1175 3766 1226 3826 est
1248 3763 1333 3846 apud
1353 3760 1526 3846 Valerium,
1549 3783 1587 3826 eo

356 3872 459 3957 magis
478 3863 654 3936 diffidimus
669 3870 862 3936 correctioni
874 3870 973 3955 vulgo
988 3875 1135 3955 receptas
1148 3887 1187 3933 111
1202 3869 1232 3952 2,
1246 3871 1266 3932 2
1282 3867 1371 3956 (112,
1386 3866 1430 3956 8).
1457 3867 1588 3933 Etenim
1602 3893 1629 3933 aa

356 3977 394 4042 de
413 3978 602 4043 fortitudine
621 3978 842 4061 disputaturus
862 3982 1034 4061 postquam
1051 3976 1223 4041 aRomnlo
1237 3977 1341 4061 petiit,
1359 3980 1397 4039 ut
1411 3976 1474 4039 sibi
1487 3999 1587 4040 unum

355 4085 404 4150 illi
418 4085 522 4150 virum
536 4086 654 4149 fortem
668 4087 872 4169 praemittere
885 4085 990 4168 liceat,
1005 4083 1142 4149 Horatio
1153 4082 1276 4148 Coclite
1285 4083 1415 4148 laudato
1425 4083 1472 4147 ita
1480 4085 1588 4168 pergit

490 4192 706 4257 Immemorem
734 4214 782 4257 mc
802 4193 961 4275 propositi
988 4193 1050 4256 mei
1078 4191 1196 4256 Cloelia
1224 4192 1319 4272 facit:
1345 4211 1449 4272 paene
1479 4191 1587 4255 cadem

395 4345 405 4369 ,·
489 4301 572 4364 enim
595 4305 777 4381 tempestate,
801 4306 878 4364 certe
900 4300 1050 4364 adversm
1072 4298 1201 4363 eundem
1224 4298 1338 4363 testem
1365 4304 1394 4362 et
1421 4299 1455 4361 in
1483 4299 1586 4362 eodem

491 4407 597 4472 Tiberi
626 4407 776 4490 inclytum
806 4429 887 4472 ausa
912 4409 1057 4488 facinus:
1086 4407 1168 4469 inter
1195 4411 1308 4470 ederas
1337 4407 1420 4469 enim
1450 4406 1587 4486 airpines

488 4515 572 4580 obses
600 4514 780 4579 Porsennae
807 4515 885 4578 data
911 4514 1046 4580 testium
1073 4517 1221 4577 mctmno
1253 4517 1385 4593 tempore
1414 4512 1586 4577 custodiam

488 4642 609 4704 opressa
633 4643 742 4703 equum
766 4623 940 4686 conscmdit
961 4621 1108 4700 celerique
1130 4619 1260 4682 traiecm
1282 4619 1427 4700 fluminis
1449 4640 1512 4683 non
1539 4638 1586 4682 so-

489 4731 554 4794 lum
582 4728 700 4794 obsidio
727 4749 770 4808 se,
798 4729 853 4794 sed
880 4729 974 4792 etiam
1002 4732 1083 4791 metu
1101 4726 1246 4807 patriam
1268 4725 1359 4790 scirit
1380 4727 1459 4790 airis
1476 4725 1586 4805 puella

489 4837 593 4902 damen
615 4838 740 4902 uirtutis
756 4837 972 4918 praeferendo.
1022 4880 1025 4886 -

408 4951 533 4991 Vahlenl
547 4951 658 5000 opuscula
671 4952 702 4991 IL
1338 4939 1371 4988 10
