3967 5725
602 619 652 668 DE
669 619 907 670 BMENDANDIS
927 619 1084 671 CATULLI
1102 619 1332 672 CARMINIBUS.
1517 618 1584 684 245

296 788 333 843 11
352 781 532 867 superiores
557 783 590 844 et
617 778 804 844 remotiores
827 779 935 863 effert,
962 783 1000 844 ut
1023 781 1128 845 solent
1150 779 1297 846 homines
1321 782 1354 846 in
1377 780 1585 847 lamentando

352 888 391 954 ab
416 886 533 951 ultima
555 885 680 970 origine
702 885 819 950 melam
843 887 1007 952 fortunam
1030 890 1183 971 repetere.

440 993 562 1071 Quodsi
591 993 673 1058 11111
698 1013 764 1056 non
787 993 1046 1079 improbabiliter
1069 992 1233 1078 disputata
1255 998 1345 1078 sunt,
1373 995 1436 1060 iam
1461 1018 1587 1061 summa

350 1121 411 1184 ope
432 1099 602 1164 nitendum
625 1103 683 1183 est,
706 1103 744 1164 ut
766 1100 865 1164 verba
886 1121 928 1164 ne
952 1101 1139 1184 obstrepere
1160 1100 1331 1165 videantur
1349 1105 1382 1167 et
1399 1124 1533 1168 renuere
1553 1125 1587 1168 se

348 1229 443 1292 posse
473 1207 511 1270 de
539 1206 740 1290 profectione
767 1228 804 1271 11
831 1227 897 1271 non
925 1207 964 1270 de
991 1206 1131 1292 appulsu
1158 1206 1298 1295 intelligi
1326 1230 1398 1275 cum
1427 1211 1473 1274 ita
1501 1209 1587 1274 dicat

348 1317 445 1398 poeta
467 1333 523 1379 aec
545 1314 619 1379 dira
639 1315 744 1396 sereres
765 1314 923 1396 aperitio
945 1319 1036 1378 tauro
1056 1312 1205 1396 Perfidus
1226 1316 1262 1379 ia
1282 1313 1406 1381 Cretam
1428 1317 1589 1399 reitpasset

347 1424 459 1487 navita
478 1423 596 1503 famem.
633 1419 683 1485 Ac
700 1421 834 1504 reic‘pme
850 1442 917 1485 non
936 1419 1042 1485 solum
1061 1421 1187 1506 ligendi
1206 1418 1390 1510 (alligandi)
1410 1423 1466 1488 sed
1489 1423 1587 1488 etiam

349 1529 495 1595 solvendi
518 1550 648 1593 sensum
671 1527 823 1592 habuisse
842 1525 988 1594 Catullus
1011 1529 1082 1612 ipse
1106 1528 1168 1594 sibi
1191 1527 1284 1594 testis
1308 1532 1357 1593 est
1382 1551 1453 1595 cum
1473 1529 1587 1595 scribit

348 1653 436 1700 nxnl
459 1635 503 1700 84
535 1637 583 1700 ait
613 1635 688 1699 baec
719 1635 831 1700 mirac
861 1633 976 1718 Cybebe
1006 1635 1176 1718 reliquique
1204 1637 1282 1718 iupa
1309 1658 1421 1720 mama,
1453 1636 1586 1703 eandem

347 1741 471 1807 scilicet
494 1742 529 1806 in
552 1741 745 1807 sententiam
768 1763 865 1826 quem
888 1741 964 1806 ibid
985 1741 1027 1805 76
1052 1741 1131 1806 dicit
1150 1741 1197 1807 iti
1214 1744 1322 1809 macta
1340 1745 1416 1828 iupa
1433 1744 1586 1810 resolveres
1599 1771 1625 1810 1ο

349 1848 457 1933 Cybele
478 1848 624 1914 emmas.
660 1846 747 1913 Illud
768 1852 877 1912 autem
899 1851 1012 1912 notum
1039 1852 1087 1913 est
1109 1849 1249 1914 solvendi
1271 1850 1406 1914 verbum
1424 1852 1476 1916 vel
1493 1850 1584 1915 nullo

347 1955 456 2020 addito
480 1955 611 2021 nomine
635 1955 673 2019 de
696 1954 896 2040 profectione
916 1955 1024 2019 navali
1042 1957 1130 2041 poni,
1154 1957 1295 2020 velutin
1313 1956 1461 2022 versibus
1480 1958 1585 2042 ignoti

347 2062 463 2148 tragici
488 2084 570 2146 quos
590 2060 701 2127 Cicero
725 2061 819 2126 affert
841 2060 880 2125 de
904 2060 1000 2128 divin.
1021 2080 1033 2125 1
1054 2061 1104 2141 16,
1124 2063 1166 2127 29
1191 2084 1264 2127 cum
1283 2061 1323 2126 de
1341 2061 1585 2149 Agamemnone

348 2169 427 2234 dicit
454 2171 509 2251 ρον·
531 2189 600 2234 cum
623 2169 739 2233 Acirim
761 2169 927 2250 coepissent
950 2169 1044 2234 ‘inter
1065 2189 1129 2235 sese
1151 2175 1283 2250 strepere
1304 2175 1465 2252 apeteqac
1487 2176 1586 2235 artem

347 2276 478 2342 obterere
500 2277 681 2357 ectisptcam
700 2275 843 2341 solvere
860 2277 996 2358 imperat
1012 2277 1143 2341 secando
1161 2296 1285 2341 ramme
1302 2277 1493 2359 adversaque
1511 2277 1583 2342 avi?

347 2382 465 2448 Caesar
492 2385 631 2466 utroque
660 2383 756 2447 modo
785 2387 818 2446 et
844 2403 939 2448 maces
965 2403 1003 2448 cc
1030 2385 1187 2466 superiore
1207 2387 1303 2466 portu
1331 2383 1395 2448 leni
1417 2389 1504 2449 cento
1526 2384 1586 2449 sol·

347 2496 457 2555 uerumt
489 2487 576 2576 (bell.
602 2487 684 2554 Gall.
710 2489 822 2573 1v28,
843 2490 877 2572 1)
911 2494 943 2554 et
974 2495 1085 2555 mamus
1115 2491 1262 2556 idumeam
1293 2491 1339 2555 ad
1368 2491 1585 2572 amicamdmn

346 2602 553 2678 tempestatem
575 2596 668 2662 solvit
689 2594 779 2681 (ibid
799 2596 851 2679 23,
873 2594 906 2683 1)
929 2599 981 2661 111
1005 2598 1071 2678 ipsc
1088 2597 1233 2662 taceam
1252 2603 1458 2680 tempestatem
1476 2603 1586 2662 mactem

346 2724 441 2769 maces
467 2704 557 2769 solvit
584 2701 674 2791 (ibid.
694 2703 751 2786 36,
769 2700 814 2789 3).
852 2704 961 2768 Oieero
990 2725 1118 2788 quoque
1142 2700 1215 2789 (pro
1239 2702 1363 2768 Muren.
1383 2705 1417 2789 2,
1436 2702 1473 2791 4)
1490 2711 1586 2786 portu

345 2811 530 2877 solventibus
548 2811 577 2876 ei
594 2812 650 2893 put
667 2811 735 2875 tam
751 2812 787 2875 ia
800 2816 929 2893 portam
947 2831 985 2876 cc
1004 2809 1066 2875 alto
1084 2810 1272 2877 inveteretur
1283 2813 1465 2893 praedicere
1481 2811 1584 2878 soleat.
1599 2837 1625 2879 1ο

347 2916 418 2995 Quo
446 2918 597 2983 usitatius
626 2920 689 2983 hoc
716 2922 797 3001 crat,
825 2939 863 2982 eo
891 2917 999 2983 minus
1025 2918 1264 2983 incommodum
1288 2918 1430 2983 habebat
1452 2919 1586 3002 reliporre

344 3026 454 3107 famem
473 3025 605 3090 eandem
626 3025 661 3089 in
679 3026 872 3090 sententiam
890 3047 1019 3109 ponere,
1043 3046 1116 3089 cunr
1135 3026 1324 3109 praesertim
1344 3025 1502 3110 quidquid
1521 3048 1585 3090 am·

346 3132 439 3219 bigni
458 3136 527 3196 erat
544 3130 579 3195 in
596 3131 659 3197 hoc
677 3131 804 3196 dicendi
823 3132 920 3197 modo
939 3133 1108 3211 tolleretur
1123 3132 1233 3197 addita
1247 3133 1322 3196 finis
1338 3132 1585 3218 significatione,

346 3241 383 3303 im
408 3237 546 3319 Cretam,
575 3239 662 3322 quod
689 3260 784 3302 nemo
807 3244 950 3304 veterum
973 3240 1037 3303 nisi
1060 3240 1095 3304 in
1119 3238 1213 3303 illum
1237 3260 1332 3324 quem
1357 3238 1492 3304 dicimus
1517 3261 1584 3303 sen·

347 3370 419 3411 sum
451 3347 597 3430 accipere
628 3348 765 3430 poterat.
803 3345 875 3411 Hoc
907 3349 1015 3410 autem
1043 3347 1152 3429 ipsum
1178 3349 1215 3410 im
1244 3345 1369 3412 Cretam
1398 3345 1484 3429 quod
1512 3366 1584 3410 oum

348 3452 493 3517 solvendi
515 3453 650 3517 notione
672 3453 819 3537 iungitur
841 3454 874 3517 in
893 3453 977 3517 hanc
995 3452 1062 3515 vim
1082 3452 1134 3516 ‘ad
1153 3453 1370 3538 navigandum
1389 3453 1424 3517 in
1443 3451 1584 3517 Oretam'

348 3558 541 3625 Greecomm
561 3581 651 3624 more
670 3558 861 3642 defenditur,
880 3580 1018 3642 quorum
1031 3557 1204 3642 Euripides
1220 3558 1354 3624 Hecuba
1370 3558 1456 3624 1019
1472 3559 1585 3625 scribit

346 3664 402 3731 καὶ
436 3668 499 3749 γὰρ
522 3664 667 3748 Ἀργεῖοι
695 3678 782 3732 νεῶν
810 3671 910 3731 λῦσαι
937 3672 1108 3730 ποθοῦσιν
1136 3663 1247 3730 οἴκαδ’
1274 3664 1310 3729 ἐκ
1343 3668 1461 3750 Τροίας
1487 3666 1584 3748 πόδα,

347 3773 427 3837 111.
456 3774 592 3859 religare
619 3772 728 3837 funem
760 3773 793 3836 in
822 3772 959 3857 patriam
987 3767 1176 3857 cupiunt*);
1209 3768 1386 3854 Sophocles
1414 3776 1522 3836 eutem
1551 3772 1584 3836 in

346 3864 566 3945 111111115ῖὸ
595 3880 635 3945 οὐ
665 3880 728 3965 γὰρ
756 3875 799 3962 ἦν
827 3881 922 3955 λύσις
949 3881 1032 3963 ἄλλη
1061 3885 1189 3966 στρατῷ
1208 3878 1295 3961 πρὸς
1319 3870 1413 3941 οἷκον
1436 3876 1509 3941 οὐδ’
1538 3880 1584 3954 εἰς
1598 3913 1625 3953 30

340 3984 455 4068 Ἴλιον,
479 4008 560 4070 quae
584 3987 662 4052 olim
683 4008 782 4070 prave
800 3991 932 4070 mutate,
955 4008 1042 4050 nunc
1060 3986 1248 4071 plerumque
1267 3988 1353 4050 recte
1371 3984 1584 4069 accipiuntur,

348 4093 426 4157 ‘non
447 4092 566 4157 licebat
589 4094 682 4158 aliter
705 4094 829 4157 solvere
853 4092 1007 4158 exercitui
1031 4116 1135 4177 neque
1156 4093 1286 4157 domum
1305 4113 1409 4174 neque
1428 4091 1583 4176 lboiem'3

348 4221 385 4265 ec
407 4221 467 4263 nos
491 4200 620 4283 quidem
644 4200 742 4264 λύσιν
765 4221 850 4263 nunc
873 4221 938 4263 non
962 4199 1056 4264 aliter
1077 4200 1291 4285 intelligimus
1314 4220 1410 4281 quam
1430 4198 1517 4283 quod
1536 4201 1584 4263 est

347 4308 382 4370 in
410 4308 510 4371 altero
538 4307 686 4392 exemplo
715 4310 815 4370 λῦσαι
842 4307 944 4389 πόδα,
976 4328 1170 4390 quamquam
1200 4303 1372 4390 Georgium
1402 4304 1583 4369 Kaibelium

346 4414 492 4479 videmus
525 4413 560 4479 in
590 4413 807 4498 pulcherrimo
841 4414 1071 4478 commentario
1103 4434 1207 4497 nuper
1240 4412 1326 4476 edito
1356 4412 1394 4476 de
1422 4411 1583 4477 solutione

349 4520 450 4585 debiti
487 4521 630 4607 cogitare
666 4520 762 4585 malle
799 4521 1002 4604 similemque
1035 4521 1227 4585 sententiam
1260 4520 1295 4583 in
1327 4530 1469 4604 κατεῖχε-
1488 4518 1582 4603 (571)

437 4696 503 4766 *29)
523 4696 604 4767 [ibid.
624 4702 676 4750 538
699 4694 855 4765 πρευμενὴς
877 4691 907 4751 δ’
932 4694 1000 4763 ἡμῖν
1023 4703 1106 4765 γενοῦ
1131 4693 1212 4749 λῦσαί
1229 4714 1259 4749 τε
1282 4696 1411 4765 πρύμνας
1434 4695 1483 4749 καὶ
1505 4700 1583 4766 gorit-

348 4784 471 4853 νωτήρια
489 4793 561 4840 νεῶν
579 4784 629 4846 δὸς
648 4784 714 4854 ἡμῖν
732 4794 906 4854 πρευμενοῦς
923 4782 950 4837 τ’
971 4781 1022 4837 ἀπ’
1042 4780 1126 4839 Ἰλίου
1145 4783 1246 4862 νόστου
1265 4781 1401 4855 τυχόντας
1418 4783 1528 4846 πάντας
1542 4784 1582 4845 εἰς

348 4874 459 4943 πύτραν
477 4876 592 4945 μολεῖν]
