<?xml version="1.0" encoding="UTF-8"?>
<!DOCTYPE html PUBLIC "-//W3C//DTD XHTML 1.0 Transitional//EN"
    "http://www.w3.org/TR/xhtml1/DTD/xhtml1-transitional.dtd">
<html xmlns="http://www.w3.org/1999/xhtml" xml:lang="en" lang="en">
 <head>
  <title>
</title>
<meta http-equiv="Content-Type" content="text/html;charset=utf-8" />
  <meta name='ocr-system' content='tesseract 3.04.00' />
  <meta name='ocr-capabilities' content='ocr_page ocr_carea ocr_par ocr_line ocrx_word'/>
</head>
<body>
  <div class='ocr_page' id='page_1' title='image "./iohannisvahleni00vahlgoog/iohannisvahleni00vahlgoog_0071.png"; bbox 0 0 3967 5725; ppageno 0'>
   <div class='ocr_carea' id='block_1_1' title="bbox 760 568 1313 634">
    <p class='ocr_par' dir='ltr' id='par_1_1' title="bbox 760 568 1313 634">
     <span class='ocr_line' id='line_1_1' title="bbox 760 568 1313 634; baseline -0.004 -2"><span class='ocrx_word' id='word_1_1' title='bbox 760 574 810 633; x_wconf 80' lang='lat' dir='ltr'><strong>nn</strong></span> <span class='ocrx_word' id='word_1_2' title='bbox 829 573 1013 634; x_wconf 67' lang='lat' dir='ltr'><strong>numme</strong></span> <span class='ocrx_word' id='word_1_3' title='bbox 1031 580 1211 633; x_wconf 64' lang='lat' dir='ltr'><strong>nuncupa.</strong></span> <span class='ocrx_word' id='word_1_4' title='bbox 1229 571 1244 582; x_wconf 83' lang='lat'><strong>&#39;&#39;</strong></span> <span class='ocrx_word' id='word_1_5' title='bbox 1310 568 1313 574; x_wconf 85' lang='lat'>&#39;</span> 
     </span>
    </p>
   </div>
   <div class='ocr_carea' id='block_1_2' title="bbox 319 742 1714 4678">
    <p class='ocr_par' dir='ltr' id='par_1_2' title="bbox 467 742 1344 1042">
     <span class='ocr_line' id='line_1_2' title="bbox 528 742 1209 832; baseline -0.004 -22"><span class='ocrx_word' id='word_1_6' title='bbox 528 744 666 832; x_wconf 83' lang='grc' dir='ltr'><em>ἄρηξον,</em></span> <span class='ocrx_word' id='word_1_7' title='bbox 689 743 784 828; x_wconf 76' lang='grc' dir='ltr'><em>ἐλθέ,</em></span> <span class='ocrx_word' id='word_1_8' title='bbox 806 742 861 809; x_wconf 82' lang='grc' dir='ltr'><strong>καὶ</strong></span> <span class='ocrx_word' id='word_1_9' title='bbox 885 744 962 809; x_wconf 81' lang='grc' dir='ltr'><em>σκιὰ</em></span> <span class='ocrx_word' id='word_1_10' title='bbox 984 743 1118 827; x_wconf 76' lang='grc' dir='ltr'><em>φάνηθί</em></span> <span class='ocrx_word' id='word_1_11' title='bbox 1139 767 1209 827; x_wconf 85' lang='grc' dir='ltr'>μοι.</span> 
     </span>
     <span class='ocr_line' id='line_1_3' title="bbox 467 845 1259 936; baseline -0.005 -18"><span class='ocrx_word' id='word_1_12' title='bbox 467 872 470 883; x_wconf 84' lang='grc'>’</span> <span class='ocrx_word' id='word_1_13' title='bbox 529 854 602 929; x_wconf 76' lang='grc' dir='ltr'><strong><em>ἅλις</em></strong></span> <span class='ocrx_word' id='word_1_14' title='bbox 625 852 702 936; x_wconf 78' lang='grc' dir='ltr'><em>γ’ἄρ·</em></span> <span class='ocrx_word' id='word_1_15' title='bbox 728 851 840 916; x_wconf 80' lang='grc' dir='ltr'><em>ἐλθὼν</em></span> <span class='ocrx_word' id='word_1_16' title='bbox 863 852 976 926; x_wconf 77' lang='grc' dir='ltr'><em>ἱκανὸς</em></span> <span class='ocrx_word' id='word_1_17' title='bbox 999 849 1043 914; x_wconf 88' lang='grc' dir='ltr'><strong>ἄν</strong></span> <span class='ocrx_word' id='word_1_18' title='bbox 1065 845 1181 933; x_wconf 74' lang='grc' dir='ltr'><em>γένοιό</em></span> <span class='ocrx_word' id='word_1_19' title='bbox 1202 850 1259 914; x_wconf 83' lang='grc' dir='ltr'><strong>σύ·</strong></span> 
     </span>
     <span class='ocr_line' id='line_1_4' title="bbox 530 955 1344 1042; baseline -0.004 -18"><span class='ocrx_word' id='word_1_20' title='bbox 530 956 624 1024; x_wconf 78' lang='grc' dir='ltr'><em>κακοὶ</em></span> <span class='ocrx_word' id='word_1_21' title='bbox 649 956 711 1042; x_wconf 79' lang='grc' dir='ltr'><strong>γὰρ</strong></span> <span class='ocrx_word' id='word_1_22' title='bbox 736 960 783 1035; x_wconf 83' lang='grc' dir='ltr'><strong>εἰς</strong></span> <span class='ocrx_word' id='word_1_23' title='bbox 806 957 845 1022; x_wconf 81' lang='grc' dir='ltr'><strong>σε’</strong></span> <span class='ocrx_word' id='word_1_24' title='bbox 865 956 895 1041; x_wconf 65' lang='lat' dir='ltr'><strong>y?</strong></span> <span class='ocrx_word' id='word_1_25' title='bbox 925 961 959 1021; x_wconf 78' lang='lat' dir='ltr'><strong>ol</strong></span> <span class='ocrx_word' id='word_1_26' title='bbox 981 955 1080 1022; x_wconf 79' lang='grc' dir='ltr'><em>τέκνα</em></span> <span class='ocrx_word' id='word_1_27' title='bbox 1102 959 1271 1022; x_wconf 80' lang='grc' dir='ltr'><em>κτείνουσι</em></span> <span class='ocrx_word' id='word_1_28' title='bbox 1295 958 1344 1022; x_wconf 89' lang='grc' dir='ltr'><strong>σᾶ.</strong></span> 
     </span>
    </p>

    <p class='ocr_par' dir='ltr' id='par_1_3' title="bbox 330 1055 1648 2649">
     <span class='ocr_line' id='line_1_5' title="bbox 330 1055 1605 1151; baseline -0.002 -20"><span class='ocrx_word' id='word_1_29' title='bbox 330 1055 333 1061; x_wconf 45' lang='grc'><strong>’</strong></span> <span class='ocrx_word' id='word_1_30' title='bbox 367 1068 458 1145; x_wconf 77' lang='lat' dir='ltr'><strong>Quae</strong></span> <span class='ocrx_word' id='word_1_31' title='bbox 481 1065 529 1131; x_wconf 89' lang='lat' dir='ltr'><strong>sic</strong></span> <span class='ocrx_word' id='word_1_32' title='bbox 552 1064 765 1151; x_wconf 75' lang='lat' dir='ltr'><strong>intelligimus</strong></span> <span class='ocrx_word' id='word_1_33' title='bbox 788 1065 862 1140; x_wconf 80' lang='grc' dir='ltr'><em>ἄλις</em></span> <span class='ocrx_word' id='word_1_34' title='bbox 886 1065 948 1147; x_wconf 77' lang='grc' dir='ltr'><strong>γὰρ</strong></span> <span class='ocrx_word' id='word_1_35' title='bbox 973 1061 1028 1128; x_wconf 80' lang='grc' dir='ltr'><strong>καὶ</strong></span> <span class='ocrx_word' id='word_1_36' title='bbox 1053 1065 1129 1129; x_wconf 80' lang='grc' dir='ltr'><strong><em>σκιὰ</em></strong></span> <span class='ocrx_word' id='word_1_37' title='bbox 1152 1068 1270 1147; x_wconf 86' lang='grc' dir='ltr'><em>φανείς</em></span> <span class='ocrx_word' id='word_1_38' title='bbox 1291 1063 1344 1129; x_wconf 72' lang='lat' dir='ltr'><strong>vel</strong></span> <span class='ocrx_word' id='word_1_39' title='bbox 1368 1065 1440 1141; x_wconf 80' lang='grc' dir='ltr'><em>ἄλις</em></span> <span class='ocrx_word' id='word_1_40' title='bbox 1463 1065 1525 1147; x_wconf 79' lang='grc' dir='ltr'><strong>γὰρ</strong></span> <span class='ocrx_word' id='word_1_41' title='bbox 1549 1064 1605 1129; x_wconf 85' lang='grc' dir='ltr'><strong>καὶ</strong></span> 
     </span>
     <span class='ocr_line' id='line_1_6' title="bbox 364 1170 1605 1259; baseline -0.004 -19"><span class='ocrx_word' id='word_1_42' title='bbox 364 1176 465 1240; x_wconf 69' lang='grc' dir='ltr'><em>’σκιάν</em></span> <span class='ocrx_word' id='word_1_43' title='bbox 493 1190 530 1239; x_wconf 80' lang='grc' dir='ltr'><strong>σε</strong></span> <span class='ocrx_word' id='word_1_44' title='bbox 558 1170 753 1259; x_wconf 52' lang='lat' dir='ltr'><strong>prodeest).</strong></span> <span class='ocrx_word' id='word_1_45' title='bbox 796 1172 907 1235; x_wconf 85' lang='lat' dir='ltr'><strong>Altera</strong></span> <span class='ocrx_word' id='word_1_46' title='bbox 930 1176 1038 1236; x_wconf 89' lang='lat' dir='ltr'><strong>autem</strong></span> <span class='ocrx_word' id='word_1_47' title='bbox 1060 1192 1134 1255; x_wconf 88' lang='lat' dir='ltr'><strong>pars</strong></span> <span class='ocrx_word' id='word_1_48' title='bbox 1158 1192 1269 1236; x_wconf 85' lang='lat' dir='ltr'><strong>versus</strong></span> <span class='ocrx_word' id='word_1_49' title='bbox 1291 1170 1391 1236; x_wconf 90' lang='lat' dir='ltr'><strong>habet</strong></span> <span class='ocrx_word' id='word_1_50' title='bbox 1413 1192 1484 1235; x_wconf 89' lang='lat' dir='ltr'><strong>eam</strong></span> <span class='ocrx_word' id='word_1_51' title='bbox 1508 1193 1605 1255; x_wconf 88' lang='lat' dir='ltr'><strong>quam</strong></span> 
     </span>
     <span class='ocr_line' id='line_1_7' title="bbox 357 1270 1606 1362; baseline -0.002 -17"><span class='ocrx_word' id='word_1_52' title='bbox 357 1270 571 1345; x_wconf 73' lang='lat' dir='ltr'><strong>&#39;Hermannus</strong></span> <span class='ocrx_word' id='word_1_53' title='bbox 595 1279 698 1343; x_wconf 88' lang='lat' dir='ltr'><strong>totius</strong></span> <span class='ocrx_word' id='word_1_54' title='bbox 721 1300 790 1343; x_wconf 91' lang='lat' dir='ltr'><strong>esse</strong></span> <span class='ocrx_word' id='word_1_55' title='bbox 813 1274 918 1342; x_wconf 82' lang='lat' dir='ltr'><strong>voluit</strong></span> <span class='ocrx_word' id='word_1_56' title='bbox 942 1274 1148 1361; x_wconf 82' lang='lat' dir='ltr'><strong>sententiam,&#39;</strong></span> <span class='ocrx_word' id='word_1_57' title='bbox 1168 1279 1202 1342; x_wconf 91' lang='lat' dir='ltr'><strong>in</strong></span> <span class='ocrx_word' id='word_1_58' title='bbox 1225 1299 1290 1361; x_wconf 89' lang='lat' dir='ltr'><strong>qua</strong></span> <span class='ocrx_word' id='word_1_59' title='bbox 1312 1298 1387 1343; x_wconf 88' lang='lat' dir='ltr'><strong>cum</strong></span> <span class='ocrx_word' id='word_1_60' title='bbox 1410 1279 1443 1342; x_wconf 81' lang='lat' dir='ltr'><strong>vi</strong></span> <span class='ocrx_word' id='word_1_61' title='bbox 1461 1279 1606 1362; x_wconf 90' lang='lat' dir='ltr'><strong>positum</strong></span> 
     </span>
     <span class='ocr_line' id='line_1_8' title="bbox 367 1383 1607 1473; baseline -0.004 -19"><span class='ocrx_word' id='word_1_62' title='bbox 367 1388 480 1453; x_wconf 76' lang='grc' dir='ltr'><em>ἐλθών</em></span> <span class='ocrx_word' id='word_1_63' title='bbox 513 1386 620 1473; x_wconf 84' lang='lat' dir='ltr'><strong>(quasi</strong></span> <span class='ocrx_word' id='word_1_64' title='bbox 653 1386 771 1450; x_wconf 77' lang='lat' dir='ltr'><strong>dixerit</strong></span> <span class='ocrx_word' id='word_1_65' title='bbox 798 1387 903 1467; x_wconf 82' lang='grc' dir='ltr'><em>μόνον</em></span> <span class='ocrx_word' id='word_1_66' title='bbox 932 1383 1059 1471; x_wconf 70' lang='grc' dir='ltr'><em>ἐλθών)</em></span> <span class='ocrx_word' id='word_1_67' title='bbox 1088 1386 1145 1469; x_wconf 90' lang='lat' dir='ltr'><strong>qui</strong></span> <span class='ocrx_word' id='word_1_68' title='bbox 1172 1389 1259 1449; x_wconf 90' lang='lat' dir='ltr'><strong>recte</strong></span> <span class='ocrx_word' id='word_1_69' title='bbox 1288 1386 1408 1469; x_wconf 77' lang='lat' dir='ltr'><strong>ceperit</strong></span> <span class='ocrx_word' id='word_1_70' title='bbox 1435 1384 1607 1470; x_wconf 75' lang='lat' dir='ltr'><strong>intelliget,</strong></span> 
     </span>
     <span class='ocr_line' id='line_1_9' title="bbox 359 1482 1606 1580; baseline -0.002 -21"><span class='ocrx_word' id='word_1_71' title='bbox 359 1496 447 1580; x_wconf 68' lang='lat' dir='ltr'><strong>„quid</strong></span> <span class='ocrx_word' id='word_1_72' title='bbox 473 1494 552 1559; x_wconf 87' lang='lat' dir='ltr'><strong>haec</strong></span> <span class='ocrx_word' id='word_1_73' title='bbox 580 1494 741 1557; x_wconf 85' lang='lat' dir='ltr'><strong>sententia</strong></span> <span class='ocrx_word' id='word_1_74' title='bbox 770 1492 809 1556; x_wconf 93' lang='lat' dir='ltr'><strong>ab</strong></span> <span class='ocrx_word' id='word_1_75' title='bbox 838 1492 938 1556; x_wconf 87' lang='lat' dir='ltr'><strong>altera</strong></span> <span class='ocrx_word' id='word_1_76' title='bbox 966 1492 1064 1556; x_wconf 89' lang='lat' dir='ltr'><strong>distet</strong></span> <span class='ocrx_word' id='word_1_77' title='bbox 1092 1496 1124 1556; x_wconf 90' lang='lat' dir='ltr'><strong>et</strong></span> <span class='ocrx_word' id='word_1_78' title='bbox 1152 1514 1250 1577; x_wconf 89' lang='lat' dir='ltr'><strong>quam</strong></span> <span class='ocrx_word' id='word_1_79' title='bbox 1271 1482 1362 1556; x_wconf 50' lang='lat' dir='ltr'><strong>&#39;recte</strong></span> <span class='ocrx_word' id='word_1_80' title='bbox 1388 1493 1418 1556; x_wconf 92' lang='lat' dir='ltr'><strong>ei</strong></span> <span class='ocrx_word' id='word_1_81' title='bbox 1441 1496 1606 1576; x_wconf 87' lang='lat' dir='ltr'><strong>tamquam</strong></span> 
     </span>
     <span class='ocr_line' id='line_1_10' title="bbox 368 1598 1608 1689; baseline -0.003 -23"><span class='ocrx_word' id='word_1_82' title='bbox 368 1602 549 1689; x_wconf 82' lang='lat' dir='ltr'><strong>generalior</strong></span> <span class='ocrx_word' id='word_1_83' title='bbox 577 1602 646 1664; x_wconf 90' lang='lat' dir='ltr'><strong>sine</strong></span> <span class='ocrx_word' id='word_1_84' title='bbox 674 1599 901 1665; x_wconf 88' lang='lat' dir='ltr'><strong>coniunctione</strong></span> <span class='ocrx_word' id='word_1_85' title='bbox 929 1598 1004 1663; x_wconf 92' lang='lat' dir='ltr'><strong>addi</strong></span> <span class='ocrx_word' id='word_1_86' title='bbox 1031 1600 1188 1683; x_wconf 87' lang='lat' dir='ltr'><strong>potuerit:</strong></span> <span class='ocrx_word' id='word_1_87' title='bbox 1216 1620 1320 1683; x_wconf 89' lang='lat' dir='ltr'><strong>neque</strong></span> <span class='ocrx_word' id='word_1_88' title='bbox 1349 1599 1435 1664; x_wconf 91' lang='lat' dir='ltr'><strong>enim</strong></span> <span class='ocrx_word' id='word_1_89' title='bbox 1458 1598 1538 1664; x_wconf 88' lang='lat' dir='ltr'><strong>haec</strong></span> <span class='ocrx_word' id='word_1_90' title='bbox 1561 1600 1608 1663; x_wconf 92' lang='lat' dir='ltr'><strong>di-</strong></span> 
     </span>
     <span class='ocr_line' id='line_1_11' title="bbox 369 1705 1648 1793; baseline 0.001 -20"><span class='ocrx_word' id='word_1_91' title='bbox 369 1708 565 1793; x_wconf 82' lang='lat' dir='ltr'><strong>stinguendo</strong></span> <span class='ocrx_word' id='word_1_92' title='bbox 589 1708 692 1792; x_wconf 84' lang='lat' dir='ltr'><strong>magis</strong></span> <span class='ocrx_word' id='word_1_93' title='bbox 717 1728 814 1790; x_wconf 89' lang='lat' dir='ltr'><strong>quam</strong></span> <span class='ocrx_word' id='word_1_94' title='bbox 837 1708 997 1771; x_wconf 89' lang='lat' dir='ltr'><strong>sententia</strong></span> <span class='ocrx_word' id='word_1_95' title='bbox 1020 1708 1162 1790; x_wconf 86' lang='lat' dir='ltr'><strong>seperari</strong></span> <span class='ocrx_word' id='word_1_96' title='bbox 1183 1705 1332 1771; x_wconf 85' lang='lat' dir='ltr'><strong>volumus</strong></span> <span class='ocrx_word' id='word_1_97' title='bbox 1351 1710 1384 1770; x_wconf 90' lang='lat' dir='ltr'><strong>et</strong></span> <span class='ocrx_word' id='word_1_98' title='bbox 1402 1705 1486 1771; x_wconf 88' lang='lat' dir='ltr'><strong>hano</strong></span> <span class='ocrx_word' id='word_1_99' title='bbox 1503 1707 1648 1790; x_wconf 76' lang='lat' dir='ltr'><strong>biper·&#39;ro</strong></span> 
     </span>
     <span class='ocr_line' id='line_1_12' title="bbox 359 1812 1608 1899; baseline -0.002 -20"><span class='ocrx_word' id='word_1_100' title='bbox 359 1816 465 1879; x_wconf 56' lang='lat' dir='ltr'><strong>*titam</strong></span> <span class='ocrx_word' id='word_1_101' title='bbox 496 1837 565 1879; x_wconf 87' lang='lat' dir='ltr'><strong>esse</strong></span> <span class='ocrx_word' id='word_1_102' title='bbox 591 1813 770 1879; x_wconf 86' lang='lat' dir='ltr'><strong>orationem</strong></span> <span class='ocrx_word' id='word_1_103' title='bbox 793 1817 947 1897; x_wconf 88' lang='lat' dir='ltr'><strong>putamus</strong></span> <span class='ocrx_word' id='word_1_104' title='bbox 970 1813 1058 1878; x_wconf 90' lang='lat' dir='ltr'><strong>ultro</strong></span> <span class='ocrx_word' id='word_1_105' title='bbox 1082 1815 1223 1899; x_wconf 82' lang='lat' dir='ltr'><strong>agnosci.</strong></span> <span class='ocrx_word' id='word_1_106' title='bbox 1265 1812 1387 1889; x_wconf 82' lang='lat' dir='ltr'><strong>Quodsi</strong></span> <span class='ocrx_word' id='word_1_107' title='bbox 1410 1814 1457 1877; x_wconf 91' lang='lat' dir='ltr'><strong>ita</strong></span> <span class='ocrx_word' id='word_1_108' title='bbox 1479 1819 1540 1897; x_wconf 87' lang='lat' dir='ltr'><strong>est,</strong></span> <span class='ocrx_word' id='word_1_109' title='bbox 1567 1836 1608 1877; x_wconf 90' lang='lat' dir='ltr'><strong>ne</strong></span> 
     </span>
     <span class='ocr_line' id='line_1_13' title="bbox 361 1919 1609 2006; baseline -0.002 -21"><span class='ocrx_word' id='word_1_110' title='bbox 361 1922 503 1987; x_wconf 59' lang='lat' dir='ltr'><strong>&lt;tertium</strong></span> <span class='ocrx_word' id='word_1_111' title='bbox 529 1921 658 2006; x_wconf 90' lang='lat' dir='ltr'><strong>quidem</strong></span> <span class='ocrx_word' id='word_1_112' title='bbox 681 1942 809 1985; x_wconf 81' lang='lat' dir='ltr'><strong>versum</strong></span> <span class='ocrx_word' id='word_1_113' title='bbox 834 1925 968 2004; x_wconf 85' lang='lat' dir='ltr'><strong>apparet</strong></span> <span class='ocrx_word' id='word_1_114' title='bbox 991 1919 1101 1985; x_wconf 88' lang='lat' dir='ltr'><strong>abesse</strong></span> <span class='ocrx_word' id='word_1_115' title='bbox 1124 1942 1232 2006; x_wconf 84' lang='lat' dir='ltr'><strong>posse3</strong></span> <span class='ocrx_word' id='word_1_116' title='bbox 1256 1920 1312 2003; x_wconf 91' lang='lat' dir='ltr'><strong>qui</strong></span> <span class='ocrx_word' id='word_1_117' title='bbox 1335 1925 1372 1984; x_wconf 90' lang='lat' dir='ltr'><strong>ut</strong></span> <span class='ocrx_word' id='word_1_118' title='bbox 1394 1920 1522 2005; x_wconf 74' lang='lat' dir='ltr'><strong>perficit</strong></span> <span class='ocrx_word' id='word_1_119' title='bbox 1539 1943 1609 1985; x_wconf 88' lang='lat' dir='ltr'><strong>sen-</strong></span> 
     </span>
     <span class='ocr_line' id='line_1_14' title="bbox 363 2022 1608 2113; baseline 0.001 -21"><span class='ocrx_word' id='word_1_120' title='bbox 363 2028 519 2113; x_wconf 84' lang='lat' dir='ltr'><strong>tentiam,</strong></span> <span class='ocrx_word' id='word_1_121' title='bbox 547 2030 594 2093; x_wconf 89' lang='lat' dir='ltr'><strong>ita</strong></span> <span class='ocrx_word' id='word_1_122' title='bbox 620 2028 765 2092; x_wconf 88' lang='lat' dir='ltr'><strong>videmus</strong></span> <span class='ocrx_word' id='word_1_123' title='bbox 794 2028 878 2091; x_wconf 87' lang='lat' dir='ltr'><strong>hanc</strong></span> <span class='ocrx_word' id='word_1_124' title='bbox 904 2029 1142 2093; x_wconf 84' lang='lat' dir='ltr'><strong>invocationem</strong></span> <span class='ocrx_word' id='word_1_125' title='bbox 1166 2026 1317 2093; x_wconf 84' lang='lat' dir='ltr'><strong>Herculis</strong></span> <span class='ocrx_word' id='word_1_126' title='bbox 1340 2028 1374 2090; x_wconf 90' lang='lat' dir='ltr'><strong>iu</strong></span> <span class='ocrx_word' id='word_1_127' title='bbox 1398 2028 1477 2092; x_wconf 88' lang='lat' dir='ltr'><strong>duas</strong></span> <span class='ocrx_word' id='word_1_128' title='bbox 1500 2022 1608 2112; x_wconf 80' lang='lat' dir='ltr'><strong>partes</strong></span> 
     </span>
     <span class='ocr_line' id='line_1_15' title="bbox 361 2132 1609 2220; baseline 0 -20"><span class='ocrx_word' id='word_1_129' title='bbox 361 2136 523 2200; x_wconf 88' lang='lat' dir='ltr'><strong>distribui</strong></span> <span class='ocrx_word' id='word_1_130' title='bbox 546 2135 721 2219; x_wconf 84' lang='lat' dir='ltr'><strong>aptissime.</strong></span> <span class='ocrx_word' id='word_1_131' title='bbox 763 2132 809 2199; x_wconf 90' lang='lat' dir='ltr'><strong>Ut</strong></span> <span class='ocrx_word' id='word_1_132' title='bbox 832 2136 879 2199; x_wconf 90' lang='lat' dir='ltr'><strong>ita</strong></span> <span class='ocrx_word' id='word_1_133' title='bbox 902 2134 987 2199; x_wconf 86' lang='lat' dir='ltr'><strong>dicat</strong></span> <span class='ocrx_word' id='word_1_134' title='bbox 1010 2134 1142 2220; x_wconf 83' lang='lat' dir='ltr'><strong>Megara</strong></span> <span class='ocrx_word' id='word_1_135' title='bbox 1164 2134 1302 2219; x_wconf 79' lang='grc' dir='ltr'><em>ἄρηξον,</em></span> <span class='ocrx_word' id='word_1_136' title='bbox 1331 2135 1425 2218; x_wconf 77' lang='grc' dir='ltr'><em>ἐλθέ,</em></span> <span class='ocrx_word' id='word_1_137' title='bbox 1452 2134 1508 2200; x_wconf 75' lang='grc' dir='ltr'><strong>καὶ</strong></span> <span class='ocrx_word' id='word_1_138' title='bbox 1532 2138 1609 2200; x_wconf 80' lang='grc' dir='ltr'><strong><em>σκιὰ</em></strong></span> 
     </span>
     <span class='ocr_line' id='line_1_16' title="bbox 362 2239 1608 2327; baseline 0 -20"><span class='ocrx_word' id='word_1_139' title='bbox 362 2243 505 2327; x_wconf 70' lang='grc' dir='ltr'><em>,φάνηθί</em></span> <span class='ocrx_word' id='word_1_140' title='bbox 526 2262 595 2324; x_wconf 81' lang='grc' dir='ltr'><em>μοι·</em></span> <span class='ocrx_word' id='word_1_141' title='bbox 620 2243 694 2319; x_wconf 65' lang='lat' dir='ltr'><strong>berg</strong></span> <span class='ocrx_word' id='word_1_142' title='bbox 716 2242 779 2326; x_wconf 80' lang='grc' dir='ltr'><strong>γᾶρ</strong></span> <span class='ocrx_word' id='word_1_143' title='bbox 804 2246 897 2305; x_wconf 87' lang='lat' dir='ltr'><strong>etex</strong></span> <span class='ocrx_word' id='word_1_144' title='bbox 921 2243 1022 2305; x_wconf 82' lang='lat' dir='ltr'><strong>altera</strong></span> <span class='ocrx_word' id='word_1_145' title='bbox 1045 2246 1136 2326; x_wconf 87' lang='lat' dir='ltr'><strong>parte</strong></span> <span class='ocrx_word' id='word_1_146' title='bbox 1160 2239 1271 2306; x_wconf 79' lang='grc' dir='ltr'><em>ἐλθὼν</em></span> <span class='ocrx_word' id='word_1_147' title='bbox 1296 2244 1408 2319; x_wconf 76' lang='grc' dir='ltr'><em>ἱκανὸς</em></span> <span class='ocrx_word' id='word_1_148' title='bbox 1431 2242 1608 2325; x_wconf 74' lang='grc' dir='ltr'><em>ἄν’γὲνοιο</em></span> 
     </span>
     <span class='ocr_line' id='line_1_17' title="bbox 363 2347 1609 2433; baseline 0 -20"><span class='ocrx_word' id='word_1_149' title='bbox 363 2352 428 2415; x_wconf 76' lang='grc' dir='ltr'><strong>σύ·</strong></span> <span class='ocrx_word' id='word_1_150' title='bbox 456 2352 551 2415; x_wconf 81' lang='grc' dir='ltr'><em>κακοὶ</em></span> <span class='ocrx_word' id='word_1_151' title='bbox 579 2350 642 2433; x_wconf 80' lang='grc' dir='ltr'><strong>γὰρ</strong></span> <span class='ocrx_word' id='word_1_152' title='bbox 671 2350 719 2425; x_wconf 79' lang='grc' dir='ltr'><strong>εἰς</strong></span> <span class='ocrx_word' id='word_1_153' title='bbox 745 2348 786 2413; x_wconf 81' lang='grc' dir='ltr'><strong>σε’</strong></span> <span class='ocrx_word' id='word_1_154' title='bbox 807 2347 837 2432; x_wconf 79' lang='grc' dir='ltr'><strong>γ’</strong></span> <span class='ocrx_word' id='word_1_155' title='bbox 866 2351 899 2413; x_wconf 79' lang='lat' dir='ltr'><strong>ot</strong></span> <span class='ocrx_word' id='word_1_156' title='bbox 922 2348 1020 2413; x_wconf 80' lang='grc' dir='ltr'><em>τέκνα</em></span> <span class='ocrx_word' id='word_1_157' title='bbox 1043 2351 1210 2414; x_wconf 78' lang='grc' dir='ltr'><em>ατείνονσι</em></span> <span class='ocrx_word' id='word_1_158' title='bbox 1235 2350 1288 2414; x_wconf 77' lang='lat' dir='ltr'><strong>cot:</strong></span> <span class='ocrx_word' id='word_1_159' title='bbox 1317 2348 1502 2433; x_wconf 53' lang='lat' dir='ltr'><strong>‘opitulare</strong></span> <span class='ocrx_word' id='word_1_160' title='bbox 1525 2351 1609 2433; x_wconf 79' lang='lat' dir='ltr'><strong>veni,</strong></span> 
     </span>
     <span class='ocr_line' id='line_1_18' title="bbox 371 2454 1609 2542; baseline 0 -21"><span class='ocrx_word' id='word_1_161' title='bbox 371 2459 424 2521; x_wconf 82' lang='lat' dir='ltr'><strong>vel</strong></span> <span class='ocrx_word' id='word_1_162' title='bbox 446 2457 561 2521; x_wconf 89' lang='lat' dir='ltr'><strong>umbra</strong></span> <span class='ocrx_word' id='word_1_163' title='bbox 585 2478 703 2541; x_wconf 82' lang='lat' dir='ltr'><strong>appare</strong></span> <span class='ocrx_word' id='word_1_164' title='bbox 727 2455 821 2540; x_wconf 83' lang='lat' dir='ltr'><strong>mihi3</strong></span> <span class='ocrx_word' id='word_1_165' title='bbox 845 2457 924 2521; x_wconf 87' lang='lat' dir='ltr'><strong>satis</strong></span> <span class='ocrx_word' id='word_1_166' title='bbox 948 2454 1060 2520; x_wconf 91' lang='lat' dir='ltr'><strong>enim.&#39;</strong></span> <span class='ocrx_word' id='word_1_167' title='bbox 1078 2459 1111 2520; x_wconf 89' lang='lat' dir='ltr'><strong>et</strong></span> <span class='ocrx_word' id='word_1_168' title='bbox 1130 2456 1345 2542; x_wconf 80' lang='lat' dir='ltr'><strong>‘quocumque</strong></span> <span class='ocrx_word' id='word_1_169' title='bbox 1363 2458 1459 2522; x_wconf 91' lang='lat' dir='ltr'><strong>modo</strong></span> <span class='ocrx_word' id='word_1_170' title='bbox 1478 2458 1609 2521; x_wconf 87' lang='lat' dir='ltr'><strong>veniens</strong></span> 
     </span>
     <span class='ocr_line' id='line_1_19' title="bbox 372 2563 1609 2649; baseline 0 -22"><span class='ocrx_word' id='word_1_171' title='bbox 372 2586 432 2648; x_wconf 88' lang='lat' dir='ltr'><strong>par</strong></span> <span class='ocrx_word' id='word_1_172' title='bbox 459 2564 574 2643; x_wconf 86' lang='lat' dir='ltr'><strong>fueris,</strong></span> <span class='ocrx_word' id='word_1_173' title='bbox 601 2564 711 2649; x_wconf 81' lang='lat' dir='ltr'><strong>ignavi</strong></span> <span class='ocrx_word' id='word_1_174' title='bbox 741 2564 826 2626; x_wconf 89' lang='lat' dir='ltr'><strong>enim</strong></span> <span class='ocrx_word' id='word_1_175' title='bbox 854 2568 888 2627; x_wconf 91' lang='lat' dir='ltr'><strong>te</strong></span> <span class='ocrx_word' id='word_1_176' title='bbox 917 2566 1045 2647; x_wconf 88' lang='lat' dir='ltr'><strong>aspecto</strong></span> <span class='ocrx_word' id='word_1_177' title='bbox 1070 2564 1126 2647; x_wconf 93' lang='lat' dir='ltr'><strong>qui</strong></span> <span class='ocrx_word' id='word_1_178' title='bbox 1148 2563 1268 2628; x_wconf 89' lang='lat' dir='ltr'><strong>liberos</strong></span> <span class='ocrx_word' id='word_1_179' title='bbox 1291 2566 1366 2629; x_wconf 86' lang='lat' dir='ltr'><strong>tuos</strong></span> <span class='ocrx_word' id='word_1_180' title='bbox 1390 2564 1609 2628; x_wconf 65' lang='lat' dir='ltr'><strong>interficiunt?</strong></span> 
     </span>
    </p>

    <p class='ocr_par' dir='ltr' id='par_1_4' title="bbox 374 2658 1650 2864">
     <span class='ocr_line' id='line_1_20' title="bbox 389 2658 1608 2756; baseline 0.001 -21"><span class='ocrx_word' id='word_1_181' title='bbox 389 2694 390 2699; x_wconf 49' lang='lat'>¹</span> <span class='ocrx_word' id='word_1_182' title='bbox 464 2669 525 2735; x_wconf 85' lang='lat' dir='ltr'><strong>Sed</strong></span> <span class='ocrx_word' id='word_1_183' title='bbox 554 2671 605 2735; x_wconf 83' lang='lat' dir='ltr'><strong>his</strong></span> <span class='ocrx_word' id='word_1_184' title='bbox 636 2671 797 2754; x_wconf 75' lang='lat' dir='ltr'><strong>complexi</strong></span> <span class='ocrx_word' id='word_1_185' title='bbox 826 2668 935 2734; x_wconf 85' lang='lat' dir='ltr'><strong>sumus</strong></span> <span class='ocrx_word' id='word_1_186' title='bbox 964 2670 1003 2733; x_wconf 91' lang='lat' dir='ltr'><strong>de</strong></span> <span class='ocrx_word' id='word_1_187' title='bbox 1031 2670 1148 2754; x_wconf 88' lang='lat' dir='ltr'><strong>quibus</strong></span> <span class='ocrx_word' id='word_1_188' title='bbox 1174 2670 1364 2756; x_wconf 83' lang='lat' dir='ltr'><strong>singillatim</strong></span> <span class='ocrx_word' id='word_1_189' title='bbox 1387 2658 1608 2735; x_wconf 85' lang='lat' dir='ltr'><strong>disserendum</strong></span> 
     </span>
     <span class='ocr_line' id='line_1_21' title="bbox 374 2776 1650 2864; baseline -0.001 -22"><span class='ocrx_word' id='word_1_190' title='bbox 374 2778 431 2842; x_wconf 76' lang='lat' dir='ltr'><strong>est.</strong></span> <span class='ocrx_word' id='word_1_191' title='bbox 477 2777 525 2842; x_wconf 84' lang='lat' dir='ltr'><strong>Ac</strong></span> <span class='ocrx_word' id='word_1_192' title='bbox 548 2778 690 2863; x_wconf 89' lang='lat' dir='ltr'><strong>primum</strong></span> <span class='ocrx_word' id='word_1_193' title='bbox 715 2777 792 2862; x_wconf 90' lang='lat' dir='ltr'><strong>quia</strong></span> <span class='ocrx_word' id='word_1_194' title='bbox 814 2778 886 2862; x_wconf 83' lang='lat' dir='ltr'><strong>fuit,</strong></span> <span class='ocrx_word' id='word_1_195' title='bbox 917 2778 974 2861; x_wconf 93' lang='lat' dir='ltr'><strong>qui</strong></span> <span class='ocrx_word' id='word_1_196' title='bbox 997 2776 1167 2862; x_wconf 86' lang='lat' dir='ltr'><strong>probabile</strong></span> <span class='ocrx_word' id='word_1_197' title='bbox 1187 2799 1257 2842; x_wconf 85' lang='lat' dir='ltr'><strong>esse</strong></span> <span class='ocrx_word' id='word_1_198' title='bbox 1279 2781 1412 2864; x_wconf 86' lang='lat' dir='ltr'><strong>negaret</strong></span> <span class='ocrx_word' id='word_1_199' title='bbox 1435 2779 1552 2843; x_wconf 73' lang='grc' dir='ltr'><em>ἱκανὸν</em></span> <span class='ocrx_word' id='word_1_200' title='bbox 1574 2779 1608 2841; x_wconf 90' lang='lat' dir='ltr'><strong>in</strong></span> <span class='ocrx_word' id='word_1_201' title='bbox 1623 2809 1650 2849; x_wconf 64' lang='grc' dir='ltr'><strong>,ο</strong></span> 
     </span>
    </p>

    <p class='ocr_par' dir='ltr' id='par_1_5' title="bbox 319 2878 1714 4678">
     <span class='ocr_line' id='line_1_22' title="bbox 319 2878 1610 2968; baseline -0.003 -15"><span class='ocrx_word' id='word_1_202' title='bbox 319 2899 356 2954; x_wconf 95' lang='grc'><strong>11</strong></span> <span class='ocrx_word' id='word_1_203' title='bbox 374 2887 487 2962; x_wconf 79' lang='grc' dir='ltr'><em>ἱκανός</em></span> <span class='ocrx_word' id='word_1_204' title='bbox 513 2886 648 2968; x_wconf 85' lang='lat' dir='ltr'><strong>mutari,</strong></span> <span class='ocrx_word' id='word_1_205' title='bbox 675 2885 754 2949; x_wconf 87' lang='lat' dir='ltr'><strong>haec</strong></span> <span class='ocrx_word' id='word_1_206' title='bbox 778 2885 863 2949; x_wconf 86' lang='lat' dir='ltr'><strong>dicte</strong></span> <span class='ocrx_word' id='word_1_207' title='bbox 887 2888 997 2949; x_wconf 90' lang='lat' dir='ltr'><strong>sunto:</strong></span> <span class='ocrx_word' id='word_1_208' title='bbox 1025 2878 1137 2950; x_wconf 74' lang='grc' dir='ltr'><em>ἐλθὼν</em></span> <span class='ocrx_word' id='word_1_209' title='bbox 1166 2886 1291 2950; x_wconf 79' lang='grc' dir='ltr'><em>ἱκανὸν</em></span> <span class='ocrx_word' id='word_1_210' title='bbox 1318 2885 1430 2968; x_wconf 80' lang='grc' dir='ltr'><em>γένοιο</em></span> <span class='ocrx_word' id='word_1_211' title='bbox 1458 2887 1501 2950; x_wconf 80' lang='grc' dir='ltr'><strong>σύ</strong></span> <span class='ocrx_word' id='word_1_212' title='bbox 1524 2888 1610 2950; x_wconf 88' lang='lat' dir='ltr'><strong>recte</strong></span> 
     </span>
     <span class='ocr_line' id='line_1_23' title="bbox 375 2990 1610 3080; baseline -0.001 -23"><span class='ocrx_word' id='word_1_213' title='bbox 375 2993 437 3057; x_wconf 84' lang='lat' dir='ltr'><strong>dici</strong></span> <span class='ocrx_word' id='word_1_214' title='bbox 461 2992 502 3055; x_wconf 90' lang='lat' dir='ltr'><strong>ad</strong></span> <span class='ocrx_word' id='word_1_215' title='bbox 525 3014 598 3056; x_wconf 89' lang='lat' dir='ltr'><strong>eum</strong></span> <span class='ocrx_word' id='word_1_216' title='bbox 622 2991 756 3056; x_wconf 91' lang='lat' dir='ltr'><strong>modum</strong></span> <span class='ocrx_word' id='word_1_217' title='bbox 781 3013 845 3076; x_wconf 93' lang='lat' dir='ltr'><strong>quo</strong></span> <span class='ocrx_word' id='word_1_218' title='bbox 870 2992 1040 3074; x_wconf 77' lang='grc' dir='ltr'><em>σφαλερὸν</em></span> <span class='ocrx_word' id='word_1_219' title='bbox 1061 2991 1196 3076; x_wconf 78' lang='grc' dir='ltr'><em>ἡγεμὼν</em></span> <span class='ocrx_word' id='word_1_220' title='bbox 1218 2994 1351 3076; x_wconf 78' lang='grc' dir='ltr'><em>θρασύς</em></span> <span class='ocrx_word' id='word_1_221' title='bbox 1373 2991 1499 3080; x_wconf 87' lang='lat' dir='ltr'><strong>(Suppl.</strong></span> <span class='ocrx_word' id='word_1_222' title='bbox 1519 2990 1610 3078; x_wconf 73' lang='lat'>508),</span> 
     </span>
     <span class='ocr_line' id='line_1_24' title="bbox 375 3096 1612 3185; baseline -0.001 -21"><span class='ocrx_word' id='word_1_223' title='bbox 375 3097 468 3176; x_wconf 75' lang='grc' dir='ltr'><strong><em>ἐλπὶς</em></strong></span> <span class='ocrx_word' id='word_1_224' title='bbox 491 3102 638 3183; x_wconf 79' lang='grc' dir='ltr'><strong>Ιβροτοῖς</strong></span> <span class='ocrx_word' id='word_1_225' title='bbox 674 3099 834 3164; x_wconf 76' lang='grc' dir='ltr'><em>κάκιστον</em></span> <span class='ocrx_word' id='word_1_226' title='bbox 871 3097 961 3185; x_wconf 90' lang='lat' dir='ltr'><strong>(ibid.</strong></span> <span class='ocrx_word' id='word_1_227' title='bbox 989 3096 1087 3184; x_wconf 79' lang='lat'><strong>479),</strong></span> <span class='ocrx_word' id='word_1_228' title='bbox 1123 3099 1267 3184; x_wconf 73' lang='grc' dir='ltr'><em>τερπνὸν</em></span> <span class='ocrx_word' id='word_1_229' title='bbox 1308 3100 1447 3184; x_wconf 76' lang='grc' dir='ltr'><em>τράπεζα</em></span> <span class='ocrx_word' id='word_1_230' title='bbox 1483 3101 1612 3183; x_wconf 76' lang='grc' dir='ltr'><em>πλήρης</em></span> 
     </span>
     <span class='ocr_line' id='line_1_25' title="bbox 376 3204 1611 3293; baseline 0 -23"><span class='ocrx_word' id='word_1_231' title='bbox 376 3205 524 3292; x_wconf 87' lang='lat' dir='ltr'><strong>(Hippol.</strong></span> <span class='ocrx_word' id='word_1_232' title='bbox 547 3204 625 3293; x_wconf 79' lang='lat'>109)</span> <span class='ocrx_word' id='word_1_233' title='bbox 650 3205 806 3270; x_wconf 84' lang='lat' dir='ltr'><strong>credibile</strong></span> <span class='ocrx_word' id='word_1_234' title='bbox 828 3227 895 3269; x_wconf 91' lang='lat' dir='ltr'><strong>non</strong></span> <span class='ocrx_word' id='word_1_235' title='bbox 918 3210 976 3291; x_wconf 83' lang='lat' dir='ltr'><strong>est,</strong></span> <span class='ocrx_word' id='word_1_236' title='bbox 1000 3205 1057 3269; x_wconf 90' lang='lat' dir='ltr'><strong>sed</strong></span> <span class='ocrx_word' id='word_1_237' title='bbox 1081 3207 1193 3281; x_wconf 78' lang='grc' dir='ltr'><em>ἱκανὸς</em></span> <span class='ocrx_word' id='word_1_238' title='bbox 1217 3206 1249 3271; x_wconf 89' lang='lat' dir='ltr'><strong>in</strong></span> <span class='ocrx_word' id='word_1_239' title='bbox 1266 3208 1392 3271; x_wconf 75' lang='lat' dir='ltr'><strong>&#39;tracto</strong></span> <span class='ocrx_word' id='word_1_240' title='bbox 1415 3228 1452 3270; x_wconf 90' lang='lat' dir='ltr'><strong>eo</strong></span> <span class='ocrx_word' id='word_1_241' title='bbox 1472 3211 1611 3290; x_wconf 87' lang='lat' dir='ltr'><strong>praeser-</strong></span> 
     </span>
     <span class='ocr_line' id='line_1_26' title="bbox 375 3312 1611 3398; baseline 0.002 -22"><span class='ocrx_word' id='word_1_242' title='bbox 375 3314 434 3377; x_wconf 86' lang='lat' dir='ltr'><strong>tim</strong></span> <span class='ocrx_word' id='word_1_243' title='bbox 457 3313 528 3377; x_wconf 92' lang='lat' dir='ltr'><strong>loco</strong></span> <span class='ocrx_word' id='word_1_244' title='bbox 548 3335 614 3377; x_wconf 90' lang='lat' dir='ltr'><strong>non</strong></span> <span class='ocrx_word' id='word_1_245' title='bbox 634 3313 800 3377; x_wconf 86' lang='lat' dir='ltr'><strong>difficilius</strong></span> <span class='ocrx_word' id='word_1_246' title='bbox 820 3312 907 3377; x_wconf 87' lang='lat' dir='ltr'><strong>abire</strong></span> <span class='ocrx_word' id='word_1_247' title='bbox 925 3313 1035 3397; x_wconf 92' lang='lat' dir='ltr'><strong>potuit</strong></span> <span class='ocrx_word' id='word_1_248' title='bbox 1055 3335 1150 3396; x_wconf 89' lang='lat' dir='ltr'><strong>quam</strong></span> <span class='ocrx_word' id='word_1_249' title='bbox 1170 3315 1223 3377; x_wconf 83' lang='lat' dir='ltr'><strong>vel</strong></span> <span class='ocrx_word' id='word_1_250' title='bbox 1241 3317 1389 3398; x_wconf 79' lang='grc' dir='ltr'><em>λαμπρός</em></span> <span class='ocrx_word' id='word_1_251' title='bbox 1407 3314 1441 3377; x_wconf 93' lang='lat' dir='ltr'><strong>in</strong></span> <span class='ocrx_word' id='word_1_252' title='bbox 1461 3317 1611 3397; x_wconf 71' lang='grc' dir='ltr'><em>λαμπρόν</em></span> 
     </span>
     <span class='ocr_line' id='line_1_27' title="bbox 376 3410 1611 3508; baseline 0.001 -24"><span class='ocrx_word' id='word_1_253' title='bbox 376 3419 462 3484; x_wconf 89' lang='lat' dir='ltr'><strong>abiit</strong></span> <span class='ocrx_word' id='word_1_254' title='bbox 471 3418 584 3504; x_wconf 86' lang='lat' dir='ltr'><strong>Suppl.</strong></span> <span class='ocrx_word' id='word_1_255' title='bbox 598 3419 665 3484; x_wconf 89' lang='grc'><strong>440</strong></span> <span class='ocrx_word' id='word_1_256' title='bbox 685 3419 740 3484; x_wconf 84' lang='grc' dir='ltr'><strong>καὶ</strong></span> <span class='ocrx_word' id='word_1_257' title='bbox 756 3420 855 3484; x_wconf 73' lang='grc' dir='ltr'><em>ταῦθ’</em></span> <span class='ocrx_word' id='word_1_258' title='bbox 876 3419 893 3484; x_wconf 85' lang='grc' dir='ltr'>ὁ</span> <span class='ocrx_word' id='word_1_259' title='bbox 914 3421 1043 3505; x_wconf 79' lang='grc' dir='ltr'><em>χρῄζων</em></span> <span class='ocrx_word' id='word_1_260' title='bbox 1062 3423 1211 3504; x_wconf 76' lang='grc' dir='ltr'><em>λαμπρός</em></span> <span class='ocrx_word' id='word_1_261' title='bbox 1225 3410 1316 3485; x_wconf 70' lang='lat' dir='ltr'><strong>torro</strong></span> <span class='ocrx_word' id='word_1_262' title='bbox 1330 3418 1420 3505; x_wconf 89' lang='lat' dir='ltr'><strong>(libri</strong></span> <span class='ocrx_word' id='word_1_263' title='bbox 1435 3420 1611 3508; x_wconf 79' lang='grc' dir='ltr'><em>λαμπρόν),</em></span> 
     </span>
     <span class='ocr_line' id='line_1_28' title="bbox 365 3525 1610 3612; baseline -0.001 -22"><span class='ocrx_word' id='word_1_264' title='bbox 365 3529 417 3591; x_wconf 33' lang='lat' dir='ltr'><strong>*in*</strong></span> <span class='ocrx_word' id='word_1_265' title='bbox 433 3527 613 3611; x_wconf 88' lang='lat' dir='ltr'><strong>iisdemque</strong></span> <span class='ocrx_word' id='word_1_266' title='bbox 637 3525 917 3591; x_wconf 84' lang='lat' dir='ltr'><strong>terminationibus</strong></span> <span class='ocrx_word' id='word_1_267' title='bbox 936 3530 1051 3590; x_wconf 89' lang='lat' dir='ltr'><strong>notum</strong></span> <span class='ocrx_word' id='word_1_268' title='bbox 1070 3532 1119 3592; x_wconf 89' lang='lat' dir='ltr'><strong>est</strong></span> <span class='ocrx_word' id='word_1_269' title='bbox 1138 3549 1231 3612; x_wconf 88' lang='lat' dir='ltr'><strong>saepe</strong></span> <span class='ocrx_word' id='word_1_270' title='bbox 1250 3527 1406 3593; x_wconf 87' lang='lat' dir='ltr'><strong>fluctuare</strong></span> <span class='ocrx_word' id='word_1_271' title='bbox 1424 3528 1610 3592; x_wconf 85' lang='lat' dir='ltr'><strong>testimonia</strong></span> 
     </span>
     <span class='ocr_line' id='line_1_29' title="bbox 377 3630 1611 3719; baseline 0 -22"><span class='ocrx_word' id='word_1_272' title='bbox 377 3635 556 3718; x_wconf 78' lang='lat' dir='ltr'><strong>scripturae</strong></span> <span class='ocrx_word' id='word_1_273' title='bbox 584 3634 674 3699; x_wconf 86' lang='lat' dir='ltr'><strong>velut</strong></span> <span class='ocrx_word' id='word_1_274' title='bbox 700 3631 812 3718; x_wconf 83' lang='lat' dir='ltr'><strong>Suppl.</strong></span> <span class='ocrx_word' id='word_1_275' title='bbox 831 3632 897 3696; x_wconf 81' lang='lat'><strong>914</strong></span> <span class='ocrx_word' id='word_1_276' title='bbox 920 3636 955 3696; x_wconf 87' lang='lat' dir='ltr'><strong>et</strong></span> <span class='ocrx_word' id='word_1_277' title='bbox 976 3630 1080 3697; x_wconf 89' lang='lat' dir='ltr'><strong>Orest.</strong></span> <span class='ocrx_word' id='word_1_278' title='bbox 1107 3633 1206 3719; x_wconf 84' lang='lat'>1300,</span> <span class='ocrx_word' id='word_1_279' title='bbox 1232 3639 1270 3698; x_wconf 90' lang='lat' dir='ltr'><strong>ut</strong></span> <span class='ocrx_word' id='word_1_280' title='bbox 1296 3638 1404 3699; x_wconf 88' lang='lat' dir='ltr'><strong>utrum</strong></span> <span class='ocrx_word' id='word_1_281' title='bbox 1434 3634 1611 3699; x_wconf 87' lang='lat' dir='ltr'><strong>sententiae</strong></span> 
     </span>
     <span class='ocr_line' id='line_1_30' title="bbox 379 3737 1610 3824; baseline 0.002 -22"><span class='ocrx_word' id='word_1_282' title='bbox 379 3741 461 3805; x_wconf 86' lang='lat' dir='ltr'><strong>ratio</strong></span> <span class='ocrx_word' id='word_1_283' title='bbox 485 3744 598 3824; x_wconf 86' lang='lat' dir='ltr'><strong>poscat</strong></span> <span class='ocrx_word' id='word_1_284' title='bbox 623 3742 691 3804; x_wconf 88' lang='lat' dir='ltr'><strong>sine</strong></span> <span class='ocrx_word' id='word_1_285' title='bbox 714 3739 933 3804; x_wconf 87' lang='lat' dir='ltr'><strong>haesitatione</strong></span> <span class='ocrx_word' id='word_1_286' title='bbox 951 3740 1080 3803; x_wconf 89' lang='lat' dir='ltr'><strong>restitui</strong></span> <span class='ocrx_word' id='word_1_287' title='bbox 1102 3737 1215 3824; x_wconf 87' lang='lat' dir='ltr'><strong>possit.</strong></span> <span class='ocrx_word' id='word_1_288' title='bbox 1261 3740 1310 3804; x_wconf 92' lang='lat' dir='ltr'><strong>De</strong></span> <span class='ocrx_word' id='word_1_289' title='bbox 1329 3740 1483 3824; x_wconf 80' lang='lat' dir='ltr'><strong>asyndeto</strong></span> <span class='ocrx_word' id='word_1_290' title='bbox 1503 3744 1610 3805; x_wconf 89' lang='lat' dir='ltr'><strong>autem</strong></span> 
     </span>
     <span class='ocr_line' id='line_1_31' title="bbox 378 3845 1653 3932; baseline 0.005 -21"><span class='ocrx_word' id='word_1_291' title='bbox 378 3847 466 3930; x_wconf 93' lang='lat' dir='ltr'><strong>quod</strong></span> <span class='ocrx_word' id='word_1_292' title='bbox 493 3847 641 3912; x_wconf 83' lang='lat' dir='ltr'><strong>volumus</strong></span> <span class='ocrx_word' id='word_1_293' title='bbox 670 3869 738 3911; x_wconf 88' lang='lat' dir='ltr'><strong>esse</strong></span> <span class='ocrx_word' id='word_1_294' title='bbox 766 3847 801 3911; x_wconf 90' lang='lat' dir='ltr'><strong>in</strong></span> <span class='ocrx_word' id='word_1_295' title='bbox 829 3845 941 3910; x_wconf 91' lang='lat' dir='ltr'><strong>eodem</strong></span> <span class='ocrx_word' id='word_1_296' title='bbox 968 3867 1076 3924; x_wconf 86' lang='lat' dir='ltr'><strong>versu,</strong></span> <span class='ocrx_word' id='word_1_297' title='bbox 1110 3868 1183 3911; x_wconf 90' lang='lat' dir='ltr'><strong>cum</strong></span> <span class='ocrx_word' id='word_1_298' title='bbox 1211 3848 1314 3911; x_wconf 90' lang='lat' dir='ltr'><strong>multa</strong></span> <span class='ocrx_word' id='word_1_299' title='bbox 1341 3848 1448 3912; x_wconf 88' lang='lat' dir='ltr'><strong>afferri</strong></span> <span class='ocrx_word' id='word_1_300' title='bbox 1470 3850 1653 3932; x_wconf 70' lang='lat' dir='ltr'><strong>&#39;possint&#39;ao</strong></span> 
     </span>
     <span class='ocr_line' id='line_1_32' title="bbox 380 3946 1611 4038; baseline 0.002 -20"><span class='ocrx_word' id='word_1_301' title='bbox 380 3954 457 4018; x_wconf 87' lang='lat' dir='ltr'><strong>satis</strong></span> <span class='ocrx_word' id='word_1_302' title='bbox 482 3955 524 4018; x_wconf 85' lang='lat' dir='ltr'><strong>sit</strong></span> <span class='ocrx_word' id='word_1_303' title='bbox 548 3954 610 4018; x_wconf 93' lang='lat' dir='ltr'><strong>duo</strong></span> <span class='ocrx_word' id='word_1_304' title='bbox 635 3976 673 4018; x_wconf 86' lang='lat' dir='ltr'><strong>ex</strong></span> <span class='ocrx_word' id='word_1_305' title='bbox 697 3953 757 4018; x_wconf 89' lang='lat' dir='ltr'><strong>hac</strong></span> <span class='ocrx_word' id='word_1_306' title='bbox 780 3955 851 4037; x_wconf 91' lang='lat' dir='ltr'><strong>ipsa</strong></span> <span class='ocrx_word' id='word_1_307' title='bbox 874 3951 985 4017; x_wconf 85' lang='lat' dir='ltr'><strong>fabula</strong></span> <span class='ocrx_word' id='word_1_308' title='bbox 1008 3953 1111 4037; x_wconf 90' lang='lat' dir='ltr'><strong>promi</strong></span> <span class='ocrx_word' id='word_1_309' title='bbox 1142 3946 1300 4038; x_wconf 80' lang='lat' dir='ltr'><strong>exempla:</strong></span> <span class='ocrx_word' id='word_1_310' title='bbox 1329 3955 1392 4019; x_wconf 76' lang='lat'><strong>617</strong></span> <span class='ocrx_word' id='word_1_311' title='bbox 1418 3955 1479 4019; x_wconf 84' lang='grc' dir='ltr'><strong>οὐκ</strong></span> <span class='ocrx_word' id='word_1_312' title='bbox 1507 3951 1611 4020; x_wconf 83' lang='lat' dir='ltr'><strong>oidav·</strong></span> 
     </span>
     <span class='ocr_line' id='line_1_33' title="bbox 379 4052 1714 4147; baseline 0.001 -22"><span class='ocrx_word' id='word_1_313' title='bbox 379 4058 491 4125; x_wconf 77' lang='grc' dir='ltr'><em>ἐλθὼν</em></span> <span class='ocrx_word' id='word_1_314' title='bbox 520 4056 669 4126; x_wconf 71' lang='grc' dir='ltr'><em>τάνθάδ’</em></span> <span class='ocrx_word' id='word_1_315' title='bbox 697 4063 822 4143; x_wconf 77' lang='grc' dir='ltr'><em>εἰδείην</em></span> <span class='ocrx_word' id='word_1_316' title='bbox 848 4061 954 4143; x_wconf 83' lang='grc' dir='ltr'><em>πᾶρος</em></span> <span class='ocrx_word' id='word_1_317' title='bbox 981 4061 1049 4124; x_wconf 82' lang='lat' dir='ltr'><strong>sive</strong></span> <span class='ocrx_word' id='word_1_318' title='bbox 1077 4061 1163 4144; x_wconf 93' lang='lat' dir='ltr'><strong>quod</strong></span> <span class='ocrx_word' id='word_1_319' title='bbox 1186 4059 1456 4126; x_wconf 83' lang='lat' dir='ltr'><strong>Wilamowitzius</strong></span> <span class='ocrx_word' id='word_1_320' title='bbox 1485 4063 1612 4147; x_wconf 88' lang='lat' dir='ltr'><strong>scripsit</strong></span> <span class='ocrx_word' id='word_1_321' title='bbox 1708 4052 1714 4059; x_wconf 46' lang='lat'><strong>⁴</strong></span> 
     </span>
     <span class='ocr_line' id='line_1_34' title="bbox 379 4159 1613 4252; baseline 0.001 -21"><span class='ocrx_word' id='word_1_322' title='bbox 379 4167 591 4252; x_wconf 89' lang='lat' dir='ltr'><strong>probabiliter</strong></span> <span class='ocrx_word' id='word_1_323' title='bbox 619 4167 680 4232; x_wconf 86' lang='grc' dir='ltr'><strong>οὐκ</strong></span> <span class='ocrx_word' id='word_1_324' title='bbox 709 4159 814 4232; x_wconf 71' lang='lat' dir='ltr'><strong>oldae·</strong></span> <span class='ocrx_word' id='word_1_325' title='bbox 842 4162 951 4249; x_wconf 78' lang='grc' dir='ltr'><em>ἦλθον</em></span> <span class='ocrx_word' id='word_1_326' title='bbox 979 4165 1127 4230; x_wconf 62' lang='lat' dir='ltr'><strong>advortit?</strong></span> <span class='ocrx_word' id='word_1_327' title='bbox 1158 4167 1281 4232; x_wconf 76' lang='grc' dir='ltr'><em>εἰδέναι</em></span> <span class='ocrx_word' id='word_1_328' title='bbox 1314 4169 1432 4252; x_wconf 76' lang='grc' dir='ltr'><em>πάρος,</em></span> <span class='ocrx_word' id='word_1_329' title='bbox 1464 4174 1497 4233; x_wconf 89' lang='lat' dir='ltr'><strong>et</strong></span> <span class='ocrx_word' id='word_1_330' title='bbox 1526 4170 1613 4233; x_wconf 87' lang='grc'>1414</span> 
     </span>
     <span class='ocr_line' id='line_1_35' title="bbox 380 4273 1612 4358; baseline 0.002 -21"><span class='ocrx_word' id='word_1_331' title='bbox 380 4273 465 4358; x_wconf 81' lang='grc' dir='ltr'><em>ἄγαν</em></span> <span class='ocrx_word' id='word_1_332' title='bbox 487 4273 536 4356; x_wconf 80' lang='grc' dir='ltr'><strong>γ’·</strong></span> <span class='ocrx_word' id='word_1_333' title='bbox 560 4273 578 4338; x_wconf 86' lang='grc' dir='ltr'>ὁ</span> <span class='ocrx_word' id='word_1_334' title='bbox 602 4275 732 4351; x_wconf 77' lang='grc' dir='ltr'><em>κλεινὸς</em></span> <span class='ocrx_word' id='word_1_335' title='bbox 757 4275 926 4358; x_wconf 78' lang='grc' dir='ltr'><em>Ἡρακλῆς</em></span> <span class='ocrx_word' id='word_1_336' title='bbox 950 4283 1016 4338; x_wconf 86' lang='grc' dir='ltr'><strong>ποῦ</strong></span> <span class='ocrx_word' id='word_1_337' title='bbox 1042 4283 1153 4350; x_wconf 83' lang='grc' dir='ltr'><em>κεῖνος</em></span> <span class='ocrx_word' id='word_1_338' title='bbox 1176 4275 1225 4338; x_wconf 82' lang='grc' dir='ltr'><strong>ἄν</strong></span> <span class='ocrx_word' id='word_1_339' title='bbox 1252 4274 1293 4338; x_wconf 84' lang='lat' dir='ltr'><strong>ab</strong></span> <span class='ocrx_word' id='word_1_340' title='bbox 1322 4276 1433 4340; x_wconf 89' lang='lat' dir='ltr'><strong>eodem</strong></span> <span class='ocrx_word' id='word_1_341' title='bbox 1457 4275 1612 4339; x_wconf 87' lang='lat' dir='ltr'><strong>Wilamo-</strong></span> 
     </span>
     <span class='ocr_line' id='line_1_36' title="bbox 380 4379 1613 4465; baseline 0.002 -21"><span class='ocrx_word' id='word_1_342' title='bbox 380 4380 486 4445; x_wconf 87' lang='lat' dir='ltr'><strong>witzio</strong></span> <span class='ocrx_word' id='word_1_343' title='bbox 516 4381 649 4464; x_wconf 86' lang='lat' dir='ltr'><strong>pulchre</strong></span> <span class='ocrx_word' id='word_1_344' title='bbox 677 4383 862 4445; x_wconf 84' lang='lat' dir='ltr'><strong>restitutum</strong></span> <span class='ocrx_word' id='word_1_345' title='bbox 895 4381 929 4445; x_wconf 92' lang='lat' dir='ltr'><strong>in</strong></span> <span class='ocrx_word' id='word_1_346' title='bbox 961 4379 1050 4444; x_wconf 87' lang='lat' dir='ltr'><strong>hunc</strong></span> <span class='ocrx_word' id='word_1_347' title='bbox 1070 4380 1212 4444; x_wconf 76' lang='lat' dir='ltr'><strong>rmodum</strong></span> <span class='ocrx_word' id='word_1_348' title='bbox 1246 4383 1333 4464; x_wconf 83' lang='grc' dir='ltr'><em>ἄγαν</em></span> <span class='ocrx_word' id='word_1_349' title='bbox 1361 4381 1408 4465; x_wconf 76' lang='grc' dir='ltr'><strong>γ’·</strong></span> <span class='ocrx_word' id='word_1_350' title='bbox 1434 4382 1451 4447; x_wconf 90' lang='grc' dir='ltr'>ὁ</span> <span class='ocrx_word' id='word_1_351' title='bbox 1483 4385 1613 4458; x_wconf 76' lang='grc' dir='ltr'><em>κλεινὸς</em></span> 
     </span>
     <span class='ocr_line' id='line_1_37' title="bbox 375 4483 1614 4572; baseline -0.001 -20"><span class='ocrx_word' id='word_1_352' title='bbox 375 4486 547 4572; x_wconf 80' lang='grc' dir='ltr'><em>Ἡρακλῆς</em></span> <span class='ocrx_word' id='word_1_353' title='bbox 571 4488 633 4553; x_wconf 88' lang='grc' dir='ltr'><strong>οὐκ</strong></span> <span class='ocrx_word' id='word_1_354' title='bbox 656 4483 687 4553; x_wconf 83' lang='grc' dir='ltr'><strong>εἷ</strong></span> <span class='ocrx_word' id='word_1_355' title='bbox 709 4498 829 4553; x_wconf 84' lang='grc' dir='ltr'><em>νοσῶν.</em></span> <span class='ocrx_word' id='word_1_356' title='bbox 876 4487 964 4564; x_wconf 83' lang='lat' dir='ltr'><strong>Quae</strong></span> <span class='ocrx_word' id='word_1_357' title='bbox 988 4488 1134 4571; x_wconf 85' lang='lat' dir='ltr'><strong>exempla</strong></span> <span class='ocrx_word' id='word_1_358' title='bbox 1157 4492 1303 4572; x_wconf 89' lang='lat' dir='ltr'><strong>apertum</strong></span> <span class='ocrx_word' id='word_1_359' title='bbox 1328 4493 1377 4553; x_wconf 91' lang='lat' dir='ltr'><strong>est</strong></span> <span class='ocrx_word' id='word_1_360' title='bbox 1401 4488 1485 4572; x_wconf 92' lang='lat' dir='ltr'><strong>quid</strong></span> <span class='ocrx_word' id='word_1_361' title='bbox 1502 4490 1614 4553; x_wconf 90' lang='lat' dir='ltr'><strong>simili-</strong></span> 
     </span>
     <span class='ocr_line' id='line_1_38' title="bbox 379 4593 1613 4678; baseline -0.001 -19"><span class='ocrx_word' id='word_1_362' title='bbox 379 4593 501 4659; x_wconf 90' lang='lat' dir='ltr'><strong>tudinis</strong></span> <span class='ocrx_word' id='word_1_363' title='bbox 525 4596 666 4659; x_wconf 82' lang='lat' dir='ltr'><strong>interae</strong></span> <span class='ocrx_word' id='word_1_364' title='bbox 690 4599 817 4660; x_wconf 90' lang='lat' dir='ltr'><strong>etcum</strong></span> <span class='ocrx_word' id='word_1_365' title='bbox 841 4597 952 4658; x_wconf 89' lang='lat' dir='ltr'><strong>nostro</strong></span> <span class='ocrx_word' id='word_1_366' title='bbox 976 4594 1117 4658; x_wconf 86' lang='lat' dir='ltr'><strong>habeant</strong></span> <span class='ocrx_word' id='word_1_367' title='bbox 1141 4600 1173 4659; x_wconf 91' lang='lat' dir='ltr'><strong>et</strong></span> <span class='ocrx_word' id='word_1_368' title='bbox 1196 4618 1291 4678; x_wconf 92' lang='lat' dir='ltr'><strong>quam</strong></span> <span class='ocrx_word' id='word_1_369' title='bbox 1314 4598 1410 4661; x_wconf 87' lang='lat' dir='ltr'><strong>facile</strong></span> <span class='ocrx_word' id='word_1_370' title='bbox 1433 4596 1484 4659; x_wconf 89' lang='lat' dir='ltr'><strong>his</strong></span> <span class='ocrx_word' id='word_1_371' title='bbox 1508 4596 1613 4659; x_wconf 87' lang='lat' dir='ltr'><strong>tribus</strong></span> 
     </span>
    </p>
   </div>
   <div class='ocr_carea' id='block_1_3' title="bbox 381 4718 1614 4912">
    <p class='ocr_par' dir='ltr' id='par_1_6' title="bbox 381 4718 1614 4912">
     <span class='ocr_line' id='line_1_39' title="bbox 422 4718 1614 4826; baseline -0.002 -22"><span class='ocrx_word' id='word_1_372' title='bbox 422 4743 437 4826; x_wconf 32' lang='lat' dir='ltr'>J</span> <span class='ocrx_word' id='word_1_373' title='bbox 452 4751 659 4822; x_wconf 75' lang='lat' dir='ltr'><strong>*5)&#39;Heraclid.</strong></span> <span class='ocrx_word' id='word_1_374' title='bbox 675 4757 727 4804; x_wconf 75' lang='lat' dir='ltr'><strong>tlt</strong></span> <span class='ocrx_word' id='word_1_375' title='bbox 747 4727 863 4806; x_wconf 59' lang='lat' dir='ltr'><strong>olescit</strong></span> <span class='ocrx_word' id='word_1_376' title='bbox 882 4771 929 4822; x_wconf 88' lang='grc' dir='ltr'><strong>μοι</strong></span> <span class='ocrx_word' id='word_1_377' title='bbox 944 4721 1076 4806; x_wconf 60' lang='lat' dir='ltr'><strong>‘leuues</strong></span> <span class='ocrx_word' id='word_1_378' title='bbox 1095 4752 1194 4813; x_wconf 77' lang='grc' dir='ltr'><em>τούσδε</em></span> <span class='ocrx_word' id='word_1_379' title='bbox 1213 4756 1320 4816; x_wconf 78' lang='grc' dir='ltr'><em>παῖδας</em></span> <span class='ocrx_word' id='word_1_380' title='bbox 1334 4754 1374 4815; x_wconf 79' lang='grc' dir='ltr'><strong>εἰς</strong></span> <span class='ocrx_word' id='word_1_381' title='bbox 1386 4718 1491 4825; x_wconf 16' lang='lat' dir='ltr'><strong>aduritur</strong></span> <span class='ocrx_word' id='word_1_382' title='bbox 1506 4719 1614 4821; x_wconf 67' lang='grc' dir='ltr'><em>σορᾶὺς</em></span> 
     </span>
     <span class='ocr_line' id='line_1_40' title="bbox 381 4830 1502 4912; baseline -0.003 -16"><span class='ocrx_word' id='word_1_383' title='bbox 381 4833 473 4909; x_wconf 65' lang='lat' dir='ltr'><strong>detrec</strong></span> <span class='ocrx_word' id='word_1_384' title='bbox 493 4841 535 4908; x_wconf 79' lang='grc' dir='ltr'><strong>σύ,</strong></span> <span class='ocrx_word' id='word_1_385' title='bbox 555 4839 642 4912; x_wconf 74' lang='grc' dir='ltr'><em>μηδὲν</em></span> <span class='ocrx_word' id='word_1_386' title='bbox 661 4844 777 4911; x_wconf 73' lang='grc' dir='ltr'><em>μᾶλλον·</em></span> <span class='ocrx_word' id='word_1_387' title='bbox 798 4830 948 4910; x_wconf 76' lang='grc' dir='ltr'><em>ἄραέσοναι</em></span> <span class='ocrx_word' id='word_1_388' title='bbox 967 4831 1029 4909; x_wconf 74' lang='grc' dir='ltr'><em>γάρ.</em></span> <span class='ocrx_word' id='word_1_389' title='bbox 1409 4832 1411 4837; x_wconf 59' lang='grc'><strong>’</strong></span> <span class='ocrx_word' id='word_1_390' title='bbox 1500 4839 1502 4843; x_wconf 77' lang='grc'><strong>’</strong></span> 
     </span>
    </p>
   </div>
   <div class='ocr_carea' id='block_1_4' title="bbox 0 0 2006 5725">
    <p class='ocr_par' dir='ltr' id='par_1_7' title="bbox 0 0 2006 5725">
     <span class='ocr_line' id='line_1_41' title="bbox 0 0 2006 5725; baseline 0 0"><span class='ocrx_word' id='word_1_391' title='bbox 0 0 2006 5725; x_wconf 95' lang='lat' dir='ltr'><strong> </strong></span> 
     </span>
    </p>
   </div>
  </div>
 </body>
</html>
