3967 5725
399 631 467 698 234
579 637 676 688 XLIV.
695 638 810 688 INDEX
828 637 1043 689 LECTIONUM
1061 638 1302 690 HIBERNARUM
1322 637 1452 707 lacessi.

399 798 509 862 tritius
537 801 587 862 est
610 799 733 880 scurra,
761 798 795 861 id
817 798 1013 883 ridebatur'3
1040 802 1072 864 et
1099 820 1117 864 ο
1144 799 1244 864 tutum
1266 799 1405 880 λιηνοκοα
1426 799 1494 865 Aue
1515 801 1634 881 siper·-

399 905 498 970 decus
518 910 623 986 petest·
645 906 723 1002 quid
749 926 824 984 esse,
851 906 882 969 h.
901 928 926 970 e.
956 927 974 970 ο
1002 905 1107 970 lutum
1130 908 1266 990 lupanar
1288 908 1345 970 eut
1367 906 1413 988 id,
1441 906 1469 971 si
1492 906 1571 990 quid
1593 906 1634 971 iis

399 1011 555 1094 perditius
583 1015 692 1095 potest
714 1032 791 1076 esse.
834 1011 890 1078 Sic
911 1014 1011 1096 enim,
1033 1018 1141 1098 potest,
1165 1012 1262 1098 vulgo
1286 1016 1372 1077 reete
1395 1013 1553 1099 scriptum
1576 1018 1633 1096 est,

398 1139 459 1183 nec
494 1118 574 1183 Lud.
587 1116 798 1201 'Schwabio‚‘
823 1119 1030 1185 meritissimo
1067 1119 1198 1201 editori,
1235 1119 1430 1202 accedimus,
1467 1120 1524 1203 qui
1561 1141 1634 1185 cum

399 1224 467 1289 suis
495 1225 637 1309 optimis
658 1226 795 1290 testibus
827 1225 857 1291 si
882 1227 1042 1308 perditius
1067 1232 1183 1307 potes
1213 1226 1291 1307 quid
1321 1245 1384 1291 csse
1416 1225 1516 1310 dedit,
1548 1225 1635 1310 quod

399 1332 653 1417 areliquorum
690 1353 780 1398 more
817 1332 951 1398 discedit
987 1333 1047 1397 nec
1084 1333 1154 1416 ipsa
1191 1334 1349 1397 sententia
1380 1333 1531 1418 putamus
1562 1355 1635 1417 pro·

400 1438 504 1504 batrir.
540 1439 663 1504 Pendet
688 1440 790 1525 igitur
812 1439 1036 1524 imperfectum
1060 1439 1262 1504 enuntiatum
1287 1439 1521 1523 condicionale,
1549 1438 1635 1524 quod

401 1545 486 1611 idem
514 1546 599 1612 eadit
626 1548 662 1610 in
683 1546 849 1631 Euripidis
876 1569 1005 1612 versum
1033 1569 1130 1630 supra
1157 1547 1307 1630 citatum,
1329 1545 1468 1631 Κύπρις.
1491 1546 1553 1612 οὐκ
1578 1544 1630 1632 ἄρ’

401 1648 444 1734 ἦν
471 1654 551 1730 θεὸς
579 1651 656 1718 ἀλλ’
683 1659 717 1718 εί
736 1677 767 1718 τι
790 1657 902 1737 μεῖζον
925 1655 1006 1719 ἄλλο
1030 1655 1178 1737 γίγνεται
1200 1660 1301 1736 θεοῦ,
1328 1655 1391 1719 hoc
1414 1657 1463 1719 est
1490 1654 1531 1719 οὐ
1553 1656 1634 1730 θεὸς

361 1765 388 1820 io
402 1754 459 1842 ἦν,
486 1757 559 1824 ἀλλ’
590 1765 626 1824 εί
648 1784 680 1825 τι
707 1763 819 1842 μεῖζον
845 1763 995 1844 γίγνεται
1021 1767 1121 1844 θεοῦ,
1149 1769 1248 1826 τοῦτο
1276 1757 1327 1844 ην.
1363 1759 1458 1826 Nihil
1479 1761 1557 1826 novi
1579 1763 1636 1826 aut

404 1865 531 1930 obscuri
552 1867 710 1932 tradimus
732 1868 788 1932 sed
810 1871 889 1933 nota
911 1890 962 1932 res
981 1872 1031 1934 est
1049 1867 1185 1934 similem
1205 1869 1243 1932 in'
1258 1868 1388 1932 modum
1407 1866 1635 1953 saepenumero

403 1974 570 2037 enuntiate
602 1974 835 2041 condicionalis
866 1974 1085 2060 amplificandi
1103 1973 1213 2040 'cause
1240 1975 1366 2040 adnecti
1395 1973 1493 2062 (conf.-
1513 1974 1577 2041 cic.
1597 1975 1636 2040 de

402 2080 463 2167 leg.
487 2099 501 2145 1
525 2081 558 2165 7,
576 2080 635 2168 21)
663 2082 719 2146 sed
746 2086 855 2146 tamen
883 2104 1008 2166 semper
1036 2083 1263 2147 attendendum
1292 2086 1353 2166 est,
1381 2086 1418 2146 ut
1446 2104 1543 2166 quam
1570 2081 1637 2166 ple·

271 2199 274 2204 “
402 2187 534 2253 nissime
556 2189 627 2255 fieri
648 2189 753 2272 possit
771 2189 926 2254 orationis
946 2189 1051 2254 forme
1069 2210 1151 2272 quae
1169 2189 1267 2255 fuerit
1286 2187 1506 2273 perspiciatur.
1536 2187 1637 2254 Velut

403 2296 439 2361 in
461 2295 604 2380 Odyssea
627 2296 739 2361 x1195
764 2296 802 2360 de
826 2294 1031 2380 Scyllaeum
1056 2295 1173 2361 dicitur
1272 2322 1275 2330 ·
1425 2297 1428 2302 ’

544 2452 548 2460 .
565 2404 673 2468 αὐτοῦ
694 2400 724 2467 δ’
753 2404 893 2490 ίχδνοίᾳ,
917 2405 1082 2468 σκόπελον
1103 2405 1376 2487 περιμαιμώωσα,

564 2510 724 2594 δελφῖνάς
746 2533 781 2574 τε
804 2511 908 2586 κύνας
931 2533 980 2591 τε,
1004 2512 1068 2574 καλ
1092 2515 1130 2575 εί
1148 2516 1246 2574 ποθι
1269 2513 1403 2595 μεῖζον
1425 2508 1562 2595 ἕλῃσιν

564 2627 692 2701 κῆτος,
716 2614 737 2680 ἃ
758 2618 862 2700 μυρία
884 2619 999 2699 βόσκει
1022 2615 1207 2698 ἀγάστονος
1225 2615 1435 2700 Ἀμφιτρίτη,

403 2723 615 2809 intelligimus
637 2723 728 2810 (nam
751 2724 940 2807 interpretes
958 2745 1024 2788 non
1046 2724 1175 2809 explent
1193 2720 1401 2804 desideriuml
1420 2723 1545 2809 ιἠθυοίηι
1563 2725 1638 2788 δελ-
1653 2745 1692 2800 ις

363 2853 390 2897 ιι
404 2831 505 2917 φῑνοίς
527 2855 562 2897 τε
584 2831 688 2908 κύνας
709 2854 755 2914 τε,
778 2831 832 2896 καὶ
856 2836 889 2896 εί
904 2836 989 2897 ποθι
1008 2833 1119 2914 μεῖζον
1138 2827 1251 2916 ἕλησιν
1272 2829 1316 2915 (h.
1336 2851 1361 2895 e.
1381 2827 1638 2914 deprehenderit,

403 2940 485 3005 falso
514 2939 599 3003 enim
622 2937 793 3025 accipitur)
817 2948 930 3023 κῆτος,
958 2938 1026 3003 scil
1051 2946 1149 3003 τοῦτο
1173 2937 1307 3025 ἰχθυάᾳ.
1345 2935 1487 3013 Quorum
1511 2940 1637 3001 senten-

403 3046 482 3125 tiam
495 3044 726 3111 Eratosthenes
750 3046 835 3129 apud
849 3044 1041 3110 Strabonem
1060 3043 1165 3109 1240
1184 3044 1236 3109 his
1258 3045 1404 3109 versibus
1426 3044 1533 3109 allatis
1552 3048 1638 3110 recte

404 3154 550 3238 quamvis
574 3153 638 3219 alio
654 3153 797 3218 consilio
816 3154 862 3217 ita
879 3152 977 3217 refert
994 3156 1204 3234 περιπίπτειν
1222 3160 1291 3226 sole
1309 3152 1434 3235 μείζοσι
1452 3162 1520 3216 τῶν
1539 3148 1637 3238 ζῴων,

404 3252 477 3326 οἷον
500 3261 671 3343 δελφίνων
693 3259 747 3324 καλ
770 3269 884 3324 κυνῶν
906 3257 962 3324 καλ
981 3260 1091 3324 ἄλλων
1109 3260 1276 3342 κητωδῶν.
1314 3257 1439 3324 Similia
1457 3258 1638 3323 heec‘eius-

404 3367 475 3433 dem
498 3365 658 3451 Odysseae
681 3385 731 3431 vn
750 3366 815 3430 319

724 3476 759 3537 οἳ
780 3471 810 3536 δ’
838 3471 955 3538 ἐλόωσι
978 3475 1142 3557 γαλήνην,
1166 3470 1243 3558 ὄφρ’
1267 3471 1309 3538 δν
1332 3473 1422 3556 ἵκηαι

538 3581 682 3664 πατρίδα
704 3581 767 3663 σὴν
789 3578 844 3645 καὶ
869 3581 972 3662 δῶμα,
995 3578 1058 3645 καλ
1083 3585 1122 3644 εί
1140 3581 1214 3645 πού
1238 3602 1298 3644 τοι
1322 3581 1441 3663 φίλον
1464 3576 1587 3661 ἐστίν,

538 3694 572 3751 ελ
590 3709 651 3768 περ
675 3684 730 3751 καλ
753 3687 840 3771 μάλα
863 3688 990 3753 πολλὸν
1014 3684 1175 3772 ἑκαστέρω
1199 3682 1264 3750 ἔστ’
1288 3684 1453 3769 Ἐοβοίης,

404 3796 436 3860 e't
459 3818 477 3860 e
500 3793 657 3859 Romanis
675 3791 806 3877 Apuleii
824 3791 963 3879 Apolog·
982 3814 1007 3857 e.
1027 3794 1070 3859 98
1090 3794 1225 3876 λοηαιλνιν
1241 3814 1414 3877 numqaum
1432 3794 1499 3873 nisi
1516 3792 1638 3858 Ριαιίοο

363 3908 432 3967 acet
452 3903 482 3967 si
504 3902 582 3983 ςαίδ
603 3902 706 3965 adbuc
727 3922 749 3965 α
771 3906 871 3964 marre
891 3899 1087 3966 Grambsut:
1111 3901 1225 3965 Latiae
1247 3902 1331 3965 enirn
1353 3900 1438 3982 loqui
1459 3920 1555 3982 aeque
1572 3899 1639 3965 cult

421 4116 425 4123 '
494 4114 558 4180 Sed
577 4116 642 4179 iam
661 4114 878 4196 subsistimus,
894 4117 933 4178 'et
952 4134 1034 4199 quae
1052 4117 1219 4199 praeterea
1236 4113 1275 4177 de
1295 4111 1422 4178 Catullo
1441 4112 1637 4193 volebamus

404 4243 470 4287 non
494 4222 643 4307 graviore
666 4221 853 4305 ceteroquin
876 4220 941 4285 illis
965 4242 1047 4305 quae
1070 4220 1323 4305 expositarum,
1346 4220 1381 4287 in
1404 4221 1500 4285 aliem
1523 4220 1551 4285 si
1573 4242 1637 4304 que

404 4329 503 4394 fuerit
526 4328 726 4393 occasionem
748 4328 942 4412 seponimus.
980 4325 1046 4391 Scr.
1061 4348 1102 4391 m.
1117 4326 1204 4391 Maio
1224 4349 1250 4392 ο.
1265 4343 1475 4392 nncccxcvr.
