3967 5725
597 636 778 688 SERMONIS
795 635 992 687 PLATONICI
1010 636 1314 687 OBSERVATIONES.
1514 632 1578 697 371

480 798 580 883 Hipp.
604 798 680 863 min.
699 821 730 882 p.
749 796 806 880 46,
825 797 866 860 21
915 795 1052 862 ἐπειδὰν
1080 795 1293 882 συγγένωμαί
1318 821 1363 884 τφ
1391 797 1486 883 ὑμῶν
1513 808 1581 862 τῶν

561 905 831 986 εὐδοκιμούντων
853 901 908 968 ἐπὶ
932 908 1036 992 σοφίᾳ

478 1009 560 1077 Ibid.
579 1035 611 1096 p.
631 1011 682 1097 52,
701 1011 742 1076 31
790 1008 847 1096 ἐμὲ
869 1007 931 1092 μὲν
954 1009 1056 1077 οὐδὲν
1074 1011 1271 1097 θαυμαστὸν
1290 1017 1482 1077 πλανᾶσθαι
1502 1008 1581 1077 οὐδὲ

561 1120 664 1183 ἄλλον
683 1116 833 1202 ἰδιώτην·
853 1121 882 1184 εί
901 1119 939 1184 δὲ
957 1117 1013 1184 καὶ
1031 1119 1126 1204 ὑμεῖς
1143 1123 1355 1203 πλανήσεσθε
1374 1121 1409 1184 οἱ
1421 1122 1526 1203 σοφοί
1538 1157 1580 1165 -

479 1224 548 1291 Ion.
567 1249 597 1310 p.
617 1224 709 1309 em
757 1225 889 1290 ἀκούων
911 1226 1007 1307 ὑμῶν
1030 1237 1097 1292 τῶν
1120 1238 1252 1310 σοφῶν,
1276 1227 1360 1291 infra
1383 1226 1517 1290 allatum

479 1333 615 1398 Phaedr.
633 1355 664 1416 p.
684 1332 741 1417 68,
760 1333 804 1396 20
849 1344 920 1410 τοῖς
946 1337 1022 1399 τότε
1049 1334 1105 1399 ἅτε
1133 1335 1194 1399 οὐκ
1222 1329 1299 1398 οὖσι
1328 1344 1448 1418 σοφοῖς
1471 1333 1580 1416 ὥσπερ

560 1440 656 1524 ὑμεῖς
679 1440 715 1504 ol
734 1439 805 1505 νέοι
829 1441 936 1524 inquit
959 1440 1107 1506 Socrates
1130 1441 1278 1506 Phaedro

480 1547 556 1632 Leg.
575 1569 606 1631 p.
627 1547 660 1631 1,
681 1544 806 1611 138011.
853 1560 977 1632 φαῖμεν
1000 1546 1043 1613 δν
1065 1549 1157 1633 ἡμεῖς
1180 1571 1218 1631 γε
1241 1549 1277 1613 ol
1297 1551 1426 1634 Κρῆτες
1449 1547 1495 1611 eit
1519 1544 1581 1610 Oli-

559 1654 630 1719 nias
654 1652 730 1718 Cres
754 1658 786 1718 et
810 1675 906 1738 quem
930 1653 1059 1720 Oretem
1082 1676 1151 1720 esse
1173 1656 1238 1719 iem
1261 1655 1420 1739 apparuit.

347 1761 491 1838 Quorum
523 1761 661 1826 fortusse
693 1761 818 1824 nullum
850 1765 901 1826 est
933 1763 1020 1848 quod
1047 1785 1105 1846 per
1133 1785 1167 1827 se
1195 1763 1300 1827 solum
1327 1761 1486 1847 probandi
1514 1761 1581 1826 vim
1597 1784 1622 1824 ιο

346 1869 472 1951 habeat,
495 1869 668 1932 eoniuneta
691 1868 756 1932 iam
779 1868 923 1935 indicant
946 1870 981 1932 in
1005 1891 1102 1953 quam
1124 1873 1250 1954 partem
1269 1891 1302 1933 se
1322 1869 1488 1952 seripturis
1508 1889 1581 1933 oon-

347 1976 482 2041 suetudo
507 1975 709 2057 converterit,
734 1976 790 2058 qui
812 1977 841 2039 si
863 1997 995 2060 paroere
1018 1975 1147 2041 volebat
1170 1976 1287 2060 verbis,
1309 1996 1488 2060 pronomen
1506 1974 1582 2038 feei·

346 2083 410 2149 lius
434 2105 529 2166 quem
554 2083 640 2166 quod
662 2082 848 2166 pronomini
872 2082 989 2147 adiecit
1012 2081 1193 2166 relinquere
1216 2085 1350 2166 poteret.

436 2189 515 2253 Plus
533 2190 686 2272 ponderis
703 2188 871 2253 habebunt
887 2187 967 2252 haee
985 2211 1067 2273 qnae
1085 2190 1239 2274 leguntur
1256 2190 1291 2253 in
1304 2187 1382 2253 Ione
1401 2185 1446 2274 (p.
1461 2185 1514 2270 53,
1525 2183 1582 2274 14)

510 2306 574 2371 Καὶ
602 2308 669 2390 μὴν
695 2305 855 2381 πολλάκις
882 2328 919 2387 γε
947 2303 1092 2389 ἐζήλωσα
1119 2304 1217 2390 ὑμᾶς
1243 2306 1335 2381 τοὺς
1358 2302 1582 2399 ῥαψῳδούς,

509 2406 635 2495 ὦἽων,
652 2421 711 2495 τῆς
723 2411 852 2497 τέχνης·
866 2414 904 2477 τὸ
918 2413 982 2497 γὰρ
997 2413 1063 2494 ἅμα
1076 2408 1139 2496 μὲν
1151 2413 1188 2478 τὸ
1204 2424 1296 2497 σῶμα
1310 2417 1581 2496 κεκοσμῆσθαι

509 2517 559 2585 ἀεὶ
581 2519 710 2605 πρέπον
732 2518 828 2601 ὑμῶν
851 2511 936 2585 εἶναι
959 2529 998 2606 τῃ
1022 2519 1120 2606 τέχνῃ
1143 2517 1198 2585 καὶ
1222 2520 1266 2596 ὡς
1288 2523 1484 2594 καλλίστους
1503 2519 1580 2602 φαί-

508 2634 646 2710 νεσθαι,
678 2627 744 2708 ἅμα
774 2627 812 2691 δὲ
840 2626 1022 2710 ἀναγκαῖον
1049 2618 1134 2692 εἶναι
1163 2629 1200 2692 έν
1226 2650 1261 2692 τε
1289 2627 1404 2703 ἄλλοις
1430 2635 1581 2709 ποιηταῖς

509 2735 695 2818 διατρίβειν
716 2731 771 2798 καὶ
796 2783 855 2796 ...
880 2736 1025 2817 ζηλωτόν
1049 2733 1147 2800 ἐστιν.

347 2851 397 2915 De
425 2849 557 2935 quibua,
583 2850 637 2915 usi
663 2848 724 2915 hae
750 2848 899 2915 libertate
930 2849 1121 2935 disserendi,
1149 2850 1212 2916 hoo
1239 2850 1379 2935 primum
1407 2870 1583 2933 monemus,
1599 2871 1624 2909 νο

349 2956 541 3023 Sohanzium
563 2956 666 3020 videri
688 2978 756 3022 non
773 2960 860 3022 reete
877 2963 1104 3040 κεκοσμῆσθαι
1124 2958 1288 3042 delevisse,
1312 2980 1376 3042 quo
1395 2958 1481 3022 faoto
1502 2978 1583 3041 quae

347 3068 472 3130 restant
496 3086 611 3148 parum
639 3067 713 3148 apte
741 3064 1027 3148 coniungerentur,
1053 3066 1091 3131 τὸ
1115 3066 1178 3147 γὰρ
1202 3066 1239 3129 τὸ
1264 3075 1357 3149 σῶμα
1381 3062 1431 3128 olel
1455 3061 1584 3146 πρέπον

348 3172 444 3255 ὑμῶν
467 3164 554 3236 εἶναι
575 3180 614 3255 τῃ
633 3169 731 3256 τέχνῃ
750 3168 805 3234 καὶ
824 3170 868 3247 ὡς
886 3175 1085 3247 καλλίστους
1105 3175 1298 3254 φαίνεσθαι,
1321 3170 1378 3233 sed
1397 3170 1583 3251 orationem,

350 3301 446 3363 quam
464 3275 694 3342 Stallbeumius
712 3300 809 3361 prave
829 3278 961 3361 aceepit,
980 3279 1014 3341 in
1032 3277 1119 3341 huno
1136 3278 1268 3342 modum
1287 3298 1355 3341 esse
1375 3275 1582 3342 evolvendam

348 3388 386 3450 τὸ
410 3382 539 3469 πρέπον
562 3375 648 3449 εἶναι
671 3384 766 3467 ὑμῶν
788 3393 828 3469 τῇ
851 3383 950 3469 τέχνῃ
973 3386 1012 3449 τὸ
1037 3396 1129 3466 σῶμα
1148 3390 1375 3468 κεκοσμῆσθαι
1395 3380 1519 3449 ἀείκαὶ
1539 3382 1584 3459 ὡς

349 3495 547 3567 καλλίστους
570 3492 769 3575 φαίνεσθαι,
796 3494 829 3556 et
850 3489 980 3574 πρέπον
1004 3482 1090 3557 εἶναι
1112 3492 1177 3556 diei
1200 3491 1467 3574 quemadmodum
1490 3514 1520 3575 p.
1540 3488 1581 3552 67

350 3603 417 3663 tam
445 3590 500 3663 οἷα
527 3595 663 3681 γυναικὶ
689 3597 859 3683 πρέπουτοί
886 3595 979 3663 ἐστιν
1007 3602 1113 3664 εἰπεῖν
1140 3621 1236 3683 quam
1264 3588 1318 3663 οἷα
1346 3597 1444 3682 ἀνδρὶ
1467 3596 1584 3681 πρέπει

351 3708 458 3771 εἰπεῖν
481 3704 607 3771 dieitur.
640 3703 765 3768 Deinde
786 3704 882 3769 nobis
906 3726 979 3769 eum
998 3704 1128 3770 Nubere
1151 3727 1262 3770 rursus
1287 3727 1336 3769 res
1360 3708 1417 3785 eet,
1441 3705 1498 3787 qui
1521 3701 1584 3766 sibi

350 3816 501 3877 constans
533 3816 571 3875 ut
603 3814 677 3875 ante
709 3813 771 3895 τὴν
800 3823 868 3875 τῶν
896 3824 1082 3897 σοφιστῶν,
1115 3815 1161 3879 eie
1188 3833 1274 3877 nuno
1302 3813 1379 3887 τοὺς
1407 3810 1585 3897 ῥαψῳδοὺς

351 3919 555 3983 eximendum
574 3918 689 3983 statuit
707 3915 788 4003 (obe.
808 3919 877 3983 orit.
896 3942 926 4003 p.
943 3918 1000 4007 14)
1019 3919 1176 4003 nobisque
1194 3942 1295 3985 unum
1314 3940 1352 3983 ex
1371 3918 1411 3982 iis
1430 3916 1584 4001 exemplis
1599 3939 1625 3981 ιο

351 4027 472 4111 eripuit
494 4024 612 4109 quibus
635 4026 726 4088 usuri
749 4047 874 4089 eramus
897 4026 954 4090 illa
976 4032 1014 4091 ut
1036 4027 1278 4092 vindicaremun
1316 4024 1379 4091 Sed
1401 4024 1479 4090 licet
1497 4045 1585 4107 aper·

351 4138 421 4198 tum
454 4134 496 4197 eit
524 4131 671 4196 Socrates
705 4152 786 4216 quos
814 4132 901 4196 dieat
927 4134 1028 4217 ὑμᾶς,
1060 4124 1165 4197 tamen
1194 4132 1378 4217 pronomini
1405 4131 1478 4196 addi
1506 4133 1586 4206 τοὺς

352 4239 530 4327 ραψφδούς
553 4238 588 4302 in
610 4260 648 4303 ea
670 4239 842 4323 praecipue
866 4240 1025 4304 sententia
1049 4262 1129 4323 quae
1152 4238 1386 4324 rhapsodorum
1408 4239 1508 4302 vitam
1530 4238 1585 4301 ha-

350 4346 520 4430 bitumque
548 4344 720 4429 describat,
750 4367 823 4410 oum
851 4346 892 4411 iis
920 4346 1076 4430 exemplis
1104 4368 1185 4429 quae
1213 4368 1310 4431 supra
1337 4346 1505 4411 attulimus
1534 4345 1585 4409 de-

350 4452 495 4518 fenditur
521 4455 591 4517 tum
619 4452 671 4517 his
700 4474 781 4536 quae
809 4455 955 4537 proxime
983 4454 1022 4517 ad
1050 4453 1140 4517 illem
1163 4452 1405 4518 similitudinem
1429 4452 1585 4517 aooedunt

351 4558 397 4645 (p.
415 4559 473 4643 τι,
492 4557 527 4646 ο)

353 4805 468 4876 dialogo
486 4810 603 4873 p.13‚l
624 4804 702 4874 ἴσμεν
721 4805 775 4877 γάρ
793 4825 850 4860 που
868 4806 980 4873 πάντες,
1002 4802 1043 4859 ὅτι
1063 4802 1134 4860 ὅπου
1154 4803 1190 4861 διν
1208 4814 1289 4859 τοῦτο
1305 4805 1330 4877 (δ
1345 4804 1456 4877 χρυσός)
1469 4806 1585 4878 προσχέ-

353 4914 449 4964 νῃται,
472 4892 527 4949 κᾶν
550 4891 687 4963 πρότερον
710 4895 827 4967 αἰσχρὸν
846 4893 996 4964 φαίνηται,
1020 4895 1107 4950 καλὸν
1127 4904 1259 4964 φανεῖται
1277 4900 1370 4969 χρυσῷ
1384 4915 1415 4966 χε
1433 4894 1585 4965 κοσμηθέν.

1316 4986 1372 5037 24*
