3967 5725
398 625 464 699 388
586 629 646 678 nn.
664 627 782 677 mnnx
799 626 1015 677 annnorum
1032 626 1274 676 ammianum
1294 622 1461 693 ιοοομοοι.

557 791 627 871 φὸν
645 787 748 852 αὐτὸν
771 789 860 874 αὑτῷ
877 787 1019 871 μάλιστα
1037 789 1089 852 det
1107 788 1217 869 σοφὸν
1236 778 1330 851 εἶναι.
1357 786 1480 849 τούτου
1500 781 1532 848 δ’
1555 784 1635 868 ὅρος

557 894 649 959 ἐστὶν
672 897 747 979 ἀρα,
769 894 806 970 ὃς
828 893 871 959 ἀν
893 899 1051 959 πλεῖστον
1074 893 1237 979 ἀργύριον
1261 892 1448 976 ἐργάσηται.

396 1001 543 1066 Primum
567 1001 606 1066 de
628 1001 735 1066 verbis
755 998 806 1088 (3)
828 1012 897 1066 τῶν
919 1003 982 1085 γὰρ
1006 1000 1178 1083 προτέρων
1199 1001 1306 1082 πολλὴ
1325 999 1455 1083 ἀμαθία
1473 1000 1555 1062 κατὰ
1574 999 1637 1063 τὸν

396 1111 458 1174 σὸν
483 1111 600 1192 λόγον,
628 1131 711 1193 quae
738 1109 785 1173 sio
807 1108 858 1172 uti
880 1130 978 1193 supra
1000 1108 1187 1191 scripsimus
1211 1131 1229 1171 a
1253 1105 1411 1172 Sohanzio
1435 1105 1522 1170 edita
1545 1109 1636 1189 snnt3

395 1237 471 1279 nam
499 1214 577 1279 libri
599 1215 714 1298 scripti
735 1213 816 1282 haee
839 1215 902 1280 hoe
924 1215 1021 1279 modo
1045 1219 1175 1278 exarata
1198 1214 1352 1279 exhibent
1374 1224 1442 1278 τῶν
1465 1213 1529 1295 γὰρ
1553 1235 1636 1296 προ

396 1322 503 1405 τέρων
530 1320 620 1407 περὶ
639 1320 901 1407 Ἀναξαγόρου
923 1319 1079 1404 λέγεται
1101 1323 1208 1405 πολλὴ
1231 1321 1360 1402 ἀμαθία
1383 1322 1465 1384 κατά
1488 1321 1549 1384 τὸν
1571 1321 1637 1384 σὸν

397 1434 510 1512 λόγου.
545 1429 597 1493 Ex
621 1429 739 1513 quibus
764 1429 861 1493 verba
878 1427 955 1513 περὶ
972 1426 1192 1510 Ἀναξαγόρου
1209 1429 1334 1512 primus
1352 1426 1532 1491 Immanuel
1549 1426 1638 1490 Bek-

396 1536 495 1599 kerus
517 1536 700 1621 repudiarit
723 1540 759 1600 ut
781 1558 823 1599 ne
845 1535 1028 1618 recipienda
1051 1535 1180 1619 quidem
1205 1535 1343 1600 dueeret.
1380 1532 1440 1598 Oui
1464 1534 1564 1598 ceteri
1587 1556 1636 1598 as·

397 1643 484 1706 sensi
507 1646 585 1706 sunt
606 1643 653 1706 ita
675 1647 713 1707 nt
736 1641 950 1706 Stallbaumio
973 1646 1104 1707 auctore
1126 1645 1161 1706 in
1184 1641 1327 1706 eiusdem
1349 1641 1566 1706 damnationis
1586 1661 1637 1704 so

358 1749 548 1813 1oeietatem
567 1747 696 1831 λέγεται
714 1749 848 1814 verbnm
867 1748 1087 1834 adiungerent.
1116 1747 1364 1813 Stallbaumium
1384 1747 1476 1812 valde
1489 1747 1637 1812 laudavit

400 1854 541 1921 Gobetns
559 1854 592 1918 N
594 1877 643 1920 or.
662 1854 749 1920 Leot.
766 1878 798 1940 p.
813 1855 878 1920 646
898 1854 938 1919 ad
957 1855 1163 1939 eiusdemque
1182 1858 1322 1919 mentem
1337 1854 1513 1920 Sohanzius
1533 1853 1637 1919 edidit

397 1985 436 2026 ea
454 1984 536 2047 quae
554 1962 777 2047 supraposita
795 1965 879 2026 sunt.
915 1961 1004 2047 Ergo
1022 1961 1102 2025 haee
1121 1965 1170 2026 est
1187 1963 1314 2047 integra
1332 1961 1535 2042 sententiola,
1556 1960 1637 2045 περὶ

397 2068 617 2154 Ἀναξαγόρου
643 2069 789 2152 λέγεται,
817 2090 899 2152 quae
921 2068 956 2132 in
979 2070 1157 2154 marginem
1179 2069 1346 2133 reiieiatur
1368 2072 1498 2153 oportet
1519 2072 1638 2152 utpote

397 2177 564 2241 adnotatio
588 2180 814 2262 argumentum
838 2175 996 2240 sermonis
1019 2177 1110 2241 brari
1131 2175 1306 2260 complexa.

442 2295 510 2349 τῶν
533 2285 596 2367 γάρ
620 2282 792 2368 προτέρων
814 2284 921 2365 πολλὴ
945 2281 1075 2366 ἀμαθία
1097 2285 1179 2346 κατὰ
1201 2283 1261 2347 τὸν
1283 2283 1346 2347 σὸν
1416 2277 1638 2418 ἕξξῑῖίνξέἕῖὅ·

1514 2373 1530 2420 Y

443 2392 557 2471 λόγον’
585 2390 786 2455 τούναντίου
813 2391 877 2474 γάρ
903 2387 1104 2474 Ἀναξαγόρᾳ
1131 2387 1236 2472 φασὶν
1263 2408 1345 2472 συμ-

442 2500 542 2580 βῆναι
565 2495 586 2580 ἢ
607 2496 698 2580 ὑμῖν.

396 2601 626 2687 Habemusque
653 2601 818 2685 exemplar
845 2603 1055 2666 additamenti
1083 2625 1122 2666 ex
1150 2604 1295 2688 margine
1322 2604 1358 2668 in
1382 2606 1508 2667 textum
1532 2607 1638 2668 trans·

395 2711 468 2792 lati,
497 2709 588 2773 euius
615 2708 734 2773 similia
760 2708 822 2772 riri
851 2707 937 2774 docti
964 2731 1059 2794 saepe
1083 2713 1278 2793 statuerunt,
1306 2732 1366 2775 nos
1389 2732 1484 2793 saepe
1508 2709 1637 2774 dubita-

356 2840 384 2880 ao
397 2817 503 2881 rimus
526 2838 622 2902 quam
645 2819 740 2881 reete.
776 2814 866 2880 Haeo
888 2815 965 2881 dum
988 2819 1175 2901 reputamus
1199 2820 1231 2881 et
1254 2815 1288 2880 in
1311 2838 1382 2882 eam
1400 2838 1461 2883 nos
1480 2816 1639 2883 delibera·

398 2924 520 2989 tionem
548 2923 750 2987 demittimus
778 2945 859 3007 quae
886 2926 1084 2991 consectaria
1112 2924 1181 2987 fieri
1208 2946 1337 2989 neeesse
1364 2926 1420 3006 sit,
1450 2924 1478 2988 si
1503 2924 1566 2990 hoo
1590 2925 1640 2989 ita

399 3032 521 3095 factum
540 3053 609 3095 esse
628 3053 687 3113 pro
707 3035 794 3095 eerto
808 3030 973 3115 habeatur,
992 3031 1122 3095 interim
1135 3053 1195 3096 nos
1209 3030 1348 3095 advertit
1362 3029 1568 3095 Stallbaumii
1583 3031 1640 3095 ad-

398 3140 533 3221 notatio,
552 3161 616 3223 qua
633 3136 763 3220 λέγεται
781 3159 847 3202 non
865 3137 969 3223 magis
983 3159 1080 3221 quam
1098 3136 1174 3222 περὶ
1192 3135 1412 3222 Ἀναξαγόρου
1430 3136 1639 3202 tolerandum

399 3267 469 3309 esse
486 3250 520 3309 et
532 3245 613 3311 haee
626 3244 691 3309 tria
703 3247 875 3310 eoniuneta
889 3243 1093 3331 glossematis
1108 3245 1247 3328 speeiem
1261 3266 1339 3328 prae
1353 3265 1386 3308 se
1400 3244 1484 3308 ferre
1497 3244 1640 3327 probare

398 3352 463 3415 sibi
480 3352 571 3415 risus
589 3356 647 3417 est.
678 3352 741 3430 Qui
759 3356 932 3436 postquam
950 3350 1133 3415 Heindorfii
1146 3349 1381 3436 Ἀναξαγόρου,
1400 3350 1541 3417 Bekkeri
1559 3354 1639 3437 περὶ

393 3456 618 3541 Ἀναξαγόρου
651 3458 788 3523 delentis
815 3460 955 3522 rationes
983 3457 1129 3540 quamvis
1157 3458 1341 3541 probabiles
1370 3459 1554 3524 satisfacere
1582 3482 1639 3524 ne-

398 3565 502 3650 gavit,
526 3563 606 3657 haee
629 3566 719 3632 addit
741 3566 922 3629 nimirem
944 3584 989 3628 ne
1011 3562 1138 3645 λέγεται
1161 3565 1309 3646 quidem
1332 3565 1503 3631 molestie
1526 3573 1640 3631 oaeat

396 3693 508 3754 quum
540 3674 717 3753 deinceps
748 3672 963 3736 adiicietur
993 3672 1076 3736 κατὰ
1107 3671 1167 3734 τὸν
1199 3672 1260 3735 σὸν
1292 3673 1403 3753 λόγον.
1438 3674 1544 3754 itaque
1582 3694 1638 3756 epo

397 3785 493 3843 totum
515 3780 572 3844 boe
593 3778 669 3864 περὶ
687 3776 907 3863 Ἀναξαγόρου
931 3775 1059 3859 λέγεται
1079 3776 1231 3858 glossema
1254 3797 1317 3841 esse
1332 3783 1411 3858 puto
1433 3780 1518 3859 qaod
1538 3801 1638 3861 quam

356 3910 383 3949 so
394 3886 491 3967 faule
512 3907 528 3950 e
549 3892 625 3951 nete
648 3886 789 3968 margini
811 3885 973 3967 adscripta
996 3883 1075 3947 eriri
1090 3885 1240 3965 potuerit,
1268 3885 1423 3949 neminem
1440 3886 1637 3967 praeteribit.

396 3991 499 4077 Atqui
522 3992 585 4057 hoe
607 3992 702 4057 nobis
726 3992 865 4075 aspersit
888 4013 1017 4074 aquam:
1040 4011 1077 4053 ao
1099 3989 1210 4053 mirari
1232 3991 1398 4075 coepimus
1421 3996 1488 4056 tam
1506 3993 1637 4059 futilem

396 4100 554 4163 rationem
579 4099 720 4165 movisse
743 4098 856 4163 doctos
879 4097 1035 4181 homines,
1058 4098 1096 4158 ut
1119 4094 1247 4177 λέγεται
1271 4097 1369 4161 simul
1392 4119 1466 4163 eum
1489 4098 1553 4165 isto
1577 4123 1636 4165 no-

396 4208 483 4270 mine
511 4207 771 4270 exterminarent.
808 4203 893 4281 Quid
920 4204 1005 4268 enim
1034 4201 1161 4283 λέγεται
1190 4204 1230 4267 ad
1257 4204 1356 4268 rerba
1382 4208 1465 4271 κατὰ
1488 4207 1549 4271 τὸν
1573 4208 1637 4273 σὸν
1652 4212 1692 4267 la
1805 4232 1806 4251 ο

397 4313 520 4397 loyor?
544 4334 626 4397 quae
644 4335 712 4378 non
729 4334 802 4378 rara
820 4314 896 4375 sunt
914 4309 947 4374 in
961 4309 1083 4395 Hippia
1102 4313 1134 4373 et
1152 4309 1244 4374 libris
1263 4311 1347 4395 aliis,
1364 4312 1455 4377 velut
1467 4336 1499 4397 p.
1516 4313 1568 4396 17,
1582 4314 1636 4399 23,

396 4424 431 4495 et
451 4444 481 4505 p.
500 4419 559 4503 47,
578 4420 630 4485 26.
669 4418 812 4497 Quorum
839 4439 934 4481 usum
962 4418 1019 4500 qui
1046 4415 1212 4501 cognitum
1241 4416 1340 4483 habet
1367 4421 1424 4481 aut
1451 4420 1637 4506 attenderit,

395 4527 570 4614 intelliget,
597 4528 639 4591 iis
666 4526 774 4592 verbis
801 4546 866 4589 non
894 4527 960 4587 tam
989 4544 1070 4607 quae
1097 4523 1168 4607 quis
1193 4523 1310 4588 dixerit
1333 4546 1430 4608 quam
1455 4547 1537 4610 quae
1561 4548 1636 4591 oon-

395 4634 531 4705 seetaria
553 4633 638 4696 fiunt
660 4655 699 4696 ex
719 4633 760 4695 iis
779 4653 862 4714 quae
881 4630 963 4695 dixit
981 4628 1166 4716 significari.
1204 4629 1308 4707 Quare
1328 4630 1476 4697 Socrates
1495 4633 1523 4697 si
1543 4633 1635 4717 dixit,

395 4751 464 4815 τῶν
491 4738 663 4822 προτέραν
691 4737 820 4819 λέγεται
848 4739 953 4819 πολλὴ
976 4736 1104 4819 ἀμαθία
1127 4739 1208 4802 κατά
1232 4738 1292 4803 τὸν
1315 4739 1377 4803 σὸν
1400 4744 1519 4823 λόγον,
1547 4745 1635 4807 reete

398 4846 489 4929 dixit,
511 4865 578 4909 non
599 4865 637 4909 ea
654 4847 771 4925 mente,
796 4842 889 4925 quasi
907 4840 1045 4925 Hippias
1065 4842 1255 4908 affirmasset
1275 4849 1476 4911 vetustorum
1495 4848 1634 4914 multam
