3967 5725
725 623 1010 675 ErOENDATIONEs
1027 624 1243 675 ennurmAn.
1560 622 1605 685 35

598 788 680 851 Tum
703 791 769 849 tum
792 784 928 867 aliquem
951 790 1114 868 conantum
1136 805 1245 850 mum:

434 892 578 958 Eatenus
600 892 713 957 obeunt
734 912 756 955 u
776 890 887 973 fabris.
923 888 1043 959 ‘Unum
1066 892 1121 955 ubi
1142 893 1333 957 emeritcmct
1354 892 1559 975 cumdium,

434 1001 540 1084 Inuum
562 1006 627 1065 ium
650 999 802 1080 specimen
825 1000 1042 1081 ceruumque
1065 1001 1186 1063 eveniet
1207 999 1393 1081 aedificatio.

368 1106 511 1183 Quorum
535 1107 573 1171 de
597 1106 723 1172 duobus
747 1106 859 1189 primis
883 1127 980 1190 supra
1003 1104 1142 1169 diximus
1160 1127 1201 1169 ne
1220 1105 1253 1169 in
1269 1105 1333 1171 'hac
1352 1105 1480 1190 quidem
1498 1105 1605 1170 forma

367 1236 464 1297 quam
487 1214 746 1298 recuperavimus
770 1233 838 1276 esse
863 1212 948 1296 quod
972 1234 1122 1277 mensura
1142 1212 1363 1299 addubitetur3
1386 1235 1490 1296 neque
1510 1234 1603 1296 quar-

367 1324 420 1385 tus
448 1342 515 1385 non
543 1320 783 1404 integerrimam
813 1319 1101 1384 conformationem
1129 1319 1234 1383 habet.
1277 1318 1341 1384 Sed
1363 1319 1402 1385 de
1426 1320 1522 1384 tertio
1547 1322 1602 1404 qui

367 1449 450 1492 unus
479 1431 528 1493 est
554 1427 589 1492 in
617 1426 726 1491 codice
754 1425 876 1511 ambigi
898 1448 966 1492 non
988 1425 1107 1490 iniuria
1129 1430 1250 1510 potest,
1278 1427 1362 1490 sitne
1384 1448 1495 1492 revera
1518 1449 1603 1491 unus

367 1554 409 1597 an
432 1533 466 1597 in
490 1534 567 1598 duas
591 1532 766 1617 particulas
790 1532 1027 1618 dispescendus.
1050 1531 1107 1597 -Et
1130 1556 1190 1598 nos
1214 1534 1343 1617 quidem
1366 1534 1413 1599 ite
1435 1535 1602 1618 sentimus,

365 1640 424 1703 has
449 1640 527 1705 duas
551 1643 658 1724 partes
683 1662 765 1724 quae
787 1661 891 1724 neque
911 1640 1123 1705 continuitate
1141 1640 1267 1704 numeri
1286 1629 1601 1724 comprehenduntur

365 1768 470 1832 neque
502 1748 680 1813 sententiae
712 1748 836 1811 unitate
864 1744 953 1835 (nam
979 1747 1069 1830 'prior
1096 1769 1170 1832 pars
1197 1747 1354 1831 superiori
1383 1748 1521 1811 orationi
1549 1749 1601 1811 ad·
1616 1775 1644 1815 io

365 1854 520 1937 nectitur,
549 1854 588 1918 ab
616 1855 717 1919 altera
744 1876 828 1918 nova
856 1854 971 1938 incipit
998 1852 1155 1940 narratio)
1183 1854 1298 1919 melius
1326 1856 1361 1918 in
1386 1855 1467 1919 duos
1489 1876 1601 1919 versus

265 2026 267 2032 ,
366 1960 472 2050 dividi.
516 1959 579 2026 Sed
595 1960 760 2045 quidquid
783 1962 938 2026 statuitur
960 1959 1059 2048 (nihil
1081 1962 1167 2027 enim
1191 1961 1355 2026 definitius
1378 1960 1602 2046 affirmamus),

363 2068 427 2131 hoc
454 2068 629 2132 cavendum
658 2090 727 2133 esse
755 2068 852 2133 etiam
881 2072 977 2152 etque
1004 2069 1101 2133 etiam
1125 2070 1255 2151 mimus,
1282 2090 1323 2133 ne
1346 2070 1539 2153 orationem,
1561 2069 1601 2132 in

364 2196 429 2257 qua
456 2174 539 2239 nihil
566 2178 615 2239 est
643 2175 730 2258 quod
757 2174 955 2240 emendando
978 2176 1130 2259 temptari
1154 2175 1268 2241 debeat
1291 2179 1347 2239 aut
1369 2175 1478 2256 licent,
1506 2178 1601 2250 metri

365 2280 488 2347 scilicet
507 2303 603 2347 causa
621 2282 661 2347 ad
678 2286 823 2348 nostrum
843 2283 1034 2347 arbitratum
1048 2284 1283 2348 conformemus
1298 2304 1335 2348 ac
1349 2282 1601 2367 pessumdemus.

364 2386 430 2454 Sor.
449 2411 489 2453 m.
509 2387 685 2454 Novembri
704 2413 730 2453 a
745 2405 1009 2454 Muccchxxxxl.
