3967 5725
397 631 463 696 524
597 637 655 687 Lx.
674 636 790 716 INDEX
808 636 1022 688 LECTIONUM
1041 637 1281 688 HIBERNARUM
1300 637 1431 707 1904s05.

397 793 485 860 Haec
508 795 606 862 verba
629 797 685 881 qui
709 795 903 861 Hannibalis
931 797 1046 862 ultima
1069 819 1138 862 esse
1157 799 1285 878 volunt,
1304 797 1393 863 velut
1411 798 1630 886 Kiesslingius

396 902 430 965 in
453 901 517 968 hoo
544 903 665 967 eiulatu
692 905 807 967 mortis
834 903 995 968 fraternae
1018 901 1164 968 Poenum
1191 904 1352 970 titubante
1380 905 1492 990 lingua
1515 909 1630 991 utpote

398 1009 543 1095 singultu
576 1008 807 1097 impeditum*)
840 1010 984 1074 desinere
1016 1010 1125 1096 fingit,
1160 1032 1270 1076 aarum
1301 1033 1430 1077 sensum
1462 1035 1528 1077 non
1559 1035 1630 1097 per-

398 1120 580 1200 spexerunt.
616 1115 702 1181 Nam
730 1117 791 1181 etsi
819 1116 899 1182 haec
927 1139 1008 1201 quae
1036 1117 1115 1182 dicit
1137 1116 1276 1201 quodam
1299 1117 1394 1183 modo
1417 1119 1567 1184 nituntur
1589 1120 1632 1183 iis

398 1243 479 1306 quae
502 1224 650 1288 universe
674 1223 712 1287 de
731 1222 951 1289 Romanorum
975 1225 1106 1309 ingenio
1126 1224 1290 1309 explicuit,
1315 1225 1434 1309 quibus
1454 1226 1517 1291 sibi
1540 1248 1630 1310 spem

396 1329 538 1412 praecidi
562 1330 709 1416 agnoscit
731 1330 877 1395 victoriis
900 1331 997 1395 etiam
1028 1352 1068 1395 ex
1090 1329 1246 1396 Romanis
1270 1332 1429 1416 potiunda
1452 1337 1560 1397 tamen
1583 1355 1632 1397 ea

398 1436 470 1501 dem
490 1437 686 1523 singularem
710 1436 850 1502 colorem
867 1459 945 1521 prae
963 1459 998 1502 se
1016 1437 1138 1521 ferunt,
1158 1438 1237 1503 adeo
1256 1443 1294 1503 ut
1313 1460 1423 1504 eorum
1442 1461 1508 1503 non
1526 1438 1632 1524 possit

397 1565 463 1608 non
488 1543 661 1629 singularis
684 1544 768 1607 ratio
792 1545 983 1627 exspectari:
1011 1543 1074 1611 hoc
1102 1545 1188 1609 enim
1213 1567 1346 1629 quaeras
1371 1548 1508 1630 oportet,
1532 1567 1630 1629 quare

399 1673 432 1714 se
455 1653 523 1714 iarn
545 1669 610 1715 reon
628 1647 728 1736 (niebt
744 1651 840 1734 mein,
859 1651 982 1716 scilicet
1000 1654 1038 1714 ut
1056 1655 1158 1731 antea,
1177 1656 1252 1737 post
1272 1651 1394 1718 cladem
1416 1649 1630 1738 Cannensem)

358 1757 530 1823 renuntias
550 1756 706 1840 superbos
726 1755 953 1844 Carthaginem
971 1757 1146 1822 missurum
1165 1760 1313 1844 fateatur,
1334 1781 1434 1843 quare
1454 1781 1545 1843 spem
1563 1781 1630 1823 om-

398 1885 472 1928 nem
487 1868 519 1928 et
537 1864 701 1928 fortunam
719 1864 861 1929 nominis
875 1866 926 1928 sui
940 1864 1143 1930 Hasdrubale
1157 1870 1286 1946 mortuo
1306 1866 1459 1930 occidisse
1478 1867 1631 1950 affirmet3

399 1992 503 2054 neque
526 1969 612 2034 enim
635 1969 848 2036 Hasdrubalis
872 1991 959 2035 mors
981 1971 1113 2037 illorum
1137 1994 1218 2056 quas
1241 1973 1361 2037 fatetur
1384 1977 1556 2051 causaest,
1575 1971 1631 2036 sed

399 2077 468 2142 eius
491 2078 607 2143 mortis
629 2078 732 2162 ipsius
756 2099 838 2161 quae
857 2099 953 2142 causa
974 2079 1039 2143 fuit
1062 2077 1119 2144 illa
1138 2101 1267 2164 quoque
1290 2079 1405 2145 effecit.
1441 2077 1492 2143 Ita
1512 2081 1539 2143 si
1559 2080 1631 2163 quis

400 2184 580 2268 quaesierit,
603 2183 667 2249 hoc
690 2185 751 2250 sibi
776 2185 863 2250 dicat
884 2206 1013 2249 necesse
1032 2189 1091 2268 est,
1114 2207 1179 2250 non
1198 2187 1343 2270 patuisse
1362 2185 1577 2251 Hannibalem
1596 2187 1631 2249 in

399 2289 455 2355 illo
483 2291 606 2377 gemitu
634 2290 731 2356 finem
758 2292 877 2375 iacere,
904 2292 945 2357 ad
968 2291 1092 2376 ‘quare’
1115 2297 1222 2358 autem
1245 2293 1327 2358 illud
1349 2297 1496 2359 nastrum
1521 2297 1630 2376 aperte

291 2433 294 2440 -
399 2396 585 2480 responderi
611 2399 727 2463 ultimo
755 2398 827 2464 colo
856 2399 1020 2483 caminis,
1049 2399 1135 2483 quod
1159 2421 1232 2464 cum
1255 2421 1355 2483 paene
1379 2401 1493 2467 ultima
1518 2400 1630 2465 intime
1647 2406 1687 2461 lc

399 2501 549 2568 cohaeret
571 2503 616 2568 ita
640 2508 677 2568 ut
693 2525 771 2570 naen
788 2506 948 2589 particula
972 2505 1139 2571 interiecta
1162 2507 1277 2571 harum
1300 2507 1533 2572 sententiarum
1557 2528 1630 2572 con-

398 2609 583 2674 tinuitatem
606 2609 765 2675 declarare
787 2612 905 2695 possis:
928 2632 992 2676 nan
1015 2615 1082 2676 iam
1100 2614 1246 2678 vinariae
1263 2615 1390 2679 nuntios
1409 2612 1631 2694 Carthaginem

399 2717 531 2797 mittam,
549 2736 618 2798 spes
635 2719 737 2782 amnis
751 2722 781 2781 et
794 2719 925 2800 feninea
938 2724 1046 2784 nostra
1065 2720 1156 2784 caede
1169 2719 1385 2785 Hasdrubalis
1402 2720 1527 2784 cnidii:
1545 2740 1631 2785 nan

360 2847 386 2889 a
402 2822 558 2889 Claudiae
575 2843 698 2906 mannas,
716 2843 796 2905 qnae
812 2823 896 2889 iliad
910 2825 1032 2907 prande
1050 2845 1206 2906 mannen,
1225 2847 1284 2910 qna
1302 2846 1372 2893 cnm
1391 2829 1534 2893 narina
1554 2826 1632 2891 Pae·

399 2950 512 2996 mann
535 2930 621 2995 dade
644 2930 831 2996 Hasdrubal
853 2933 988 3014 interiit,
1009 2934 1118 3015 facere
1140 2934 1226 2999 Ionis
1248 2940 1276 2999 et
1298 2954 1357 3000 sna
1380 2936 1551 3016 sagacitate
1574 2935 1631 2998 ad·

399 3038 460 3102 inti
466 3040 671 3119 perfecerant,
685 3036 767 3102 nibil
780 3058 844 3103 non
851 3038 1001 3120 parmae
1013 3040 1181 3105 censendae
1193 3046 1274 3107 sant.
1289 3040 1385 3106 Hune
1400 3042 1631 3105 sententiarum

400 3164 526 3227 nexum,
551 3164 746 3227 quamquam
769 3143 882 3209 alienis
900 3146 1058 3210 immixtis
1076 3167 1136 3211 nec
1154 3148 1222 3211 suis
1240 3146 1420 3213 rationibus
1440 3148 1631 3231 stabilitum,

401 3250 501 3315 sensit
525 3249 653 3333 quidem
676 3247 794 3329 Iunius,
818 3251 919 3315 sensit
941 3250 1039 3316 etiam
1058 3251 1241 3338 Muellerus,
1266 3254 1330 3337 qui,
1355 3255 1441 3338 quod
1464 3276 1565 3339 paene
1585 3255 1631 3319 in-

400 3355 553 3423 credibile
576 3360 634 3441 est,
657 3360 765 3421 tamen
789 3356 922 3423 alteram
945 3357 1113 3443 stropham
1132 3359 1318 3445 Hannibali,
1337 3359 1473 3426 Horatio
1498 3361 1632 3427 alteram

400 3462 555 3527 adscribit
582 3484 620 3528 eo
645 3464 770 3528 scilicet
792 3485 898 3528 errore
922 3463 1077 3529 adductus
1103 3488 1166 3550 quc
1191 3488 1272 3550 quae
1295 3467 1460 3533 Hannibal
1482 3468 1631 3533 universe

400 3568 439 3634 de
453 3568 672 3634 &manorum
691 3569 812 3633 virtute
830 3571 981 3654 exposuit
999 3593 1065 3637 nan
1087 3577 1124 3637 ut
1143 3574 1314 3658 oportebat
1332 3576 1514 3661 segregavit
1532 3575 1572 3639 ab
1591 3577 1630 3640 iis

401 3696 482 3760 quae
505 3674 590 3739 idem
613 3675 652 3739 de
676 3698 734 3741 sua
755 3674 886 3741 iortuna
909 3676 1115 3763 singulariter
1138 3680 1301 3746 confessus
1325 3685 1382 3745 est.
1489 3713 1492 3718 ·

489 3780 574 3847 Illud
596 3782 776 3847 addendum
804 3786 854 3847 est
880 3781 943 3848 hoo
966 3784 1005 3848 de
1029 3782 1171 3851 Claudiis
1195 3788 1342 3853 manibus
1369 3810 1436 3853 non
1459 3810 1528 3853 esse
1552 3790 1632 3854 vati-

360 3916 386 3956 sa
401 3888 529 3974 oinium,
548 3888 635 3973 qaod
653 3888 801 3955 nonnulli
820 3879 1008 3954 vaticinium
1028 3891 1095 3956 sive
1114 3891 1306 3959 Hannibalis
1325 3896 1392 3960 sive
1410 3894 1539 3961 Horatii
1562 3918 1633 3961 esse

399 3999 516 4081 putant
529 3999 562 4060 et
580 3996 622 4061 ob
637 4017 707 4061 eam
721 4018 849 4061 oausam
857 3997 1022 4080 perficient
1036 3997 1172 4065 Horatio
1186 4000 1277 4065 reddi
1290 4001 1403 4066 iubent
1416 4024 1476 4086 pro
1492 4025 1529 4069 aa
1546 4004 1633 4087 quod

400 4101 611 4167 vetustissimi
639 4102 760 4168 codicis
788 4103 973 4169 testimonio
1003 4105 1150 4170 firmatur
1175 4108 1353 4189 perficiant.
1401 4106 1465 4173 Sed
1493 4114 1526 4173 et
1552 4108 1633 4177 haec

401 4208 489 4274 verbi
512 4209 673 4274 formast
700 4210 824 4293 reliqua
852 4232 934 4294 quae
961 4232 1034 4276 cum
1062 4234 1099 4278 ea
1121 4212 1156 4277 in
1179 4235 1275 4278 unam
1299 4217 1492 4281 sententiam
1516 4222 1634 4282 cocunt

490 4419 536 4490 ·3)
555 4419 586 4473 ln
601 4420 782 4475 adnotatione
793 4419 934 4475 afferimus
944 4421 1029 4475 verba
1043 4421 1107 4491 ipsa
1116 4422 1177 4476 aine
1191 4424 1294 4491 quibus
1305 4424 1358 4479 hoc
1372 4441 1461 4495 genus
1472 4426 1633 4497 elegantias

400 4508 509 4578 gustari
527 4526 583 4563 non
601 4511 707 4578 potest3
726 4509 824 4564 scribit
842 4510 930 4579 igitur
947 4513 999 4565 nn‘t
1016 4512 1064 4565 der
1081 4511 1330 4583 Scbmereensldaye
1348 4532 1395 4568 am
1414 4516 1467 4569 den
1479 4517 1634 4585 yefatlenen

401 4598 513 4653 Brader
534 4598 653 4653 aeblicsst
677 4599 837 4653 Hannibale
856 4599 943 4665 Reda,
966 4600 1048 4653 Men
1070 4601 1145 4654 latete
1175 4602 1264 4655 Worte
1291 4619 1347 4656 nnr
1373 4604 1501 4659 stoekend
1528 4608 1578 4659 nie
1600 4609 1632 4661 s'n

400 4688 578 4743 minanam
596 4686 761 4741 Seblncbeen
782 4688 848 4740 tiber
870 4688 915 4739 dic
932 4688 1044 4756 Lippen
1067 4695 1151 4743 treten
1173 4691 1233 4743 nnd
1255 4691 1323 4745 abne
1343 4694 1519 4748 ndnnliaben
1543 4694 1632 4749 Wort

399 4776 504 4829 neblens
521 4776 579 4841 fast
596 4775 781 4828 naseinander
799 4789 834 4827 aa
851 4775 939 4840 fallen
956 4776 1088 4829 sebeinen.
1121 4775 1204 4830 Talia
1222 4778 1366 4848 finguntur
1383 4781 1419 4835 ab
1433 4781 1589 4852 ingeniosis
1604 4788 1634 4839 et

400 4864 513 4917 nonnae
528 4862 631 4915 aetatis
642 4861 809 4915 delicatulus
823 4860 1064 4929 obstupefaciant:
1080 4880 1097 4917 a
1111 4867 1236 4919 veterum
1252 4882 1334 4921 sensu
1344 4868 1509 4939 longissime
1519 4871 1632 4928 absunt.
