3967 5725
618 655 798 706 SERMONIS
816 654 1012 706 PLATONICI
1030 655 1336 708 OBSERVATIONES.
1532 654 1597 718 367

527 817 684 892 ψεύδεται
707 814 762 881 καὶ
785 816 846 880 οὐκ
869 815 980 899 ἀληθῆ
1005 815 1092 899 λέγει
1115 815 1228 901 Lysias

527 923 645 1008 φράσω
670 922 724 988 καὶ
748 925 808 988 οὐκ
832 923 1065 1007 ἀποκρύψομαι
1089 923 1264 1008 Dionysius
1283 925 1356 990 Hal.

367 1031 461 1114 Πρὸς
483 1033 518 1095 τί
540 1025 602 1095 οὖν
625 1031 666 1114 δὴ
691 1029 830 1115 λέγομεν
852 1040 969 1115 ταῦτα;
991 1030 1151 1096 Volumus
1171 1035 1199 1097 si
1217 1032 1287 1097 fieri
1305 1037 1414 1116 potest
1431 1033 1599 1098 Menexeni

367 1137 465 1202 verba
487 1137 658 1222 vindicare,
682 1159 763 1222 quae
787 1141 863 1202 sunt
886 1135 1004 1223 (psa,
1025 1136 1059 1224 1)

527 1246 624 1310 Μετὰ
652 1241 690 1310 δέ
717 1255 816 1310 τοῦτο
839 1249 1024 1321 παντελοῦς
1047 1247 1180 1331 εἰρήνης
1203 1247 1283 1331 ἡμῖν
1305 1245 1497 1331 γενομένης,
1521 1246 1601 1330 ἡσυ-

528 1355 603 1437 χὶαν
630 1346 710 1436 ἦγεν
738 1352 758 1436 ἡ
782 1355 892 1435 πόλις,
919 1363 990 1429 τοῖς
1012 1348 1074 1437 μὲν
1096 1354 1279 1438 βαρβάροις
1302 1355 1602 1437 συγγιγνώσκουσα

528 1460 578 1526 ὅτι
610 1462 778 1536 παθόντες
809 1457 865 1523 ὑπ’
902 1460 1004 1542 αὐτῆς
1035 1471 1143 1537 κακῶς
1174 1461 1317 1538 ἱκανῶς
1355 1461 1426 1525 οὐκ
1458 1458 1601 1536 ἐνδεῶς

528 1567 708 1649 ἠμύναντο,
726 1577 796 1643 τοῖς
815 1563 851 1631 δὲ
867 1564 1026 1651 Ἕλλησιν
1045 1565 1277 1650 ἀγανακτοῦσα
1295 1566 1483 1653 μεμνημένη
1504 1567 1548 1644 ὡς
1562 1560 1600 1631 εὖ

527 1676 694 1749 παθόντες
716 1671 772 1737 ὑπ’
800 1672 901 1757 αὐτῆς
924 1673 1001 1738 οἱαν
1024 1674 1122 1759 χάριν
1145 1674 1321 1741 ἀπέδοσαν.

366 1781 405 1847 In
433 1781 550 1866 quibus
573 1780 680 1845 verbis
703 1781 844 1864 primum
869 1778 1010 1845 Cobetus
1034 1779 1254 1868 (Mnemosn.
1274 1782 1499 1866 s.111874p.
1520 1778 1600 1865 244)
1616 1809 1644 1849 ιο

368 1890 429 1954 ὅσα
452 1888 595 1953 restitnit
617 1909 677 1971 pro
702 1888 755 1970 ὡς,
780 1887 894 1952 deinde
917 1888 1003 1951 idem
1026 1892 1063 1952 ut
1086 1891 1189 1954 multa
1208 1889 1242 1953 in
1260 1890 1321 1954 hac
1340 1889 1484 1955 oratione
1503 1889 1600 1952 inter-

366 1997 477 2079 polata
499 2016 568 2060 esse
592 1995 653 2059 sibi
676 1995 845 2078 persuasit,
868 1996 914 2058 ita
938 1996 1060 2071 ἱκανῶς
1083 1996 1146 2061 iam
1170 2020 1189 2060 a
1211 1995 1358 2061 Bekkcro
1383 1995 1543 2061 inclusum
1565 1999 1602 2059 ut

367 2103 507 2167 alienum
534 2103 789 2166 additamentum
817 2100 942 2166 notavit
968 2100 1145 2186 habuitque
1174 2123 1361 2187 sponsorem
1387 2102 1602 2166 Hartmanum

367 2212 414 2275 ita
440 2210 649 2275 disserentem
678 2207 723 2294 (p.
747 2207 805 2294 95)
838 2230 926 2273 nemo
959 2209 1133 2291 obloquatur
1161 2208 1312 2296 (Cobeto)
1343 2212 1408 2275 nisi
1435 2211 1486 2274 cui
1512 2210 1604 2290 nefas

366 2319 510 2382 videatur
544 2337 684 2399 ακηιιαια
716 2317 889 2398 quidquam
921 2318 956 2380 ia
988 2317 1108 2382 tradita
1138 2317 1263 2382 lecticae
1291 2323 1420 2382 mature.
1457 2317 1487 2380 is
1518 2317 1604 2380 εκληι

365 2426 497 2506 fortasse
522 2424 685 2488 contendat
708 2424 793 2488 istud
820 2424 939 2498 ἱκανῶς
967 2443 1037 2488 cam
1065 2427 1230 2500 παθόντες
1253 2435 1360 2500 κακῶς
1384 2444 1446 2490 esse
1473 2425 1604 2506 ιάκμειι-

368 2533 451 2596 ιὶανι.
475 2537 541 2596 tam
564 2532 760 2595 invenustam
783 2531 937 2594 nimirum
959 2531 1043 2594 aiiii
1066 2537 1110 2596 est
1126 2532 1209 2613 ηαοιλ
1226 2552 1290 2596 κον
1306 2532 1534 2597 venustissimis
1552 2531 1602 2596 ob-

368 2640 498 2703 trudant
517 2637 719 2718 scriptoribus
737 2638 770 2716 ii,
793 2637 904 2718 quibas
921 2638 989 2702 sota
1007 2637 1295 2721 ικαιαιοαιγλοιτινι
1308 2639 1386 2722 fides
1403 2644 1602 2704 εαινοεανοὶα

367 2751 419 2812 est.
456 2744 543 2822 Quae
575 2743 672 2808 verba
703 2743 765 2807 viri
792 2742 1017 2809 humanissimi
1046 2745 1204 2810 deterrere
1231 2747 1359 2830 possint
1387 2768 1460 2812 eum
1489 2746 1516 2810 si
1545 2745 1602 2829 qui

314 2853 451 2921 11f0rte
471 2855 583 2917 contra
601 2851 649 2916 ire
668 2850 837 2916 audentior
855 2851 999 2916 animum
1014 2851 1152 2917 inducat.
1186 2851 1256 2918 Nos
1269 2852 1359 2917 nulla
1374 2853 1601 2937 superstitione
1616 2880 1646 2920 so

367 2962 424 3024 aut
446 2959 649 3023 veneratione
674 2957 856 3023 chartarum
879 2962 1025 3023 tenemur
1047 2981 1151 3043 neque
1175 2982 1327 3043 umquam
1352 2961 1397 3024 ita
1419 2960 1602 3026 ratiocinati

368 3088 478 3130 sumus
492 3070 529 3130 ut
544 3086 625 3149 quae
638 3065 757 3129 tradita
770 3065 836 3129 sint
850 3064 891 3129 ob
907 3087 977 3130 eam
992 3087 1120 3132 causam
1137 3068 1213 3150 quia
1227 3068 1345 3132 tradita
1358 3073 1433 3133 sunt
1444 3089 1503 3151 pro
1518 3067 1605 3131 veris

366 3172 513 3238 habenda
536 3192 605 3236 esse
628 3173 760 3237 siamus.
797 3171 860 3237 Sed
884 3194 965 3256 quae
988 3173 1051 3238 fide
1073 3173 1231 3238 librorum
1254 3178 1484 3260 propagantur,
1508 3196 1545 3240 ea
1565 3177 1607 3237 ut

366 3284 452 3345 recte
470 3278 653 3343 iudicentur
670 3301 750 3343 neve
767 3279 888 3343 indicta
907 3301 1003 3344 cansa
1022 3279 1221 3363 damnentur,
1240 3281 1414 3365 quomodo
1430 3280 1602 3365 accipiant

367 3386 493 3469 possint
520 3390 577 3450 aut
605 3386 742 3450 debeant
768 3386 970 3469 inquirimus.
1011 3384 1110 3450 Velut
1137 3387 1199 3451 hoc
1226 3388 1298 3452 loco
1326 3410 1387 3453 nos
1414 3387 1512 3452 verba
1540 3387 1602 3452 ista

367 3516 432 3558 non
465 3515 503 3558 eo
535 3494 632 3557 modo
665 3494 914 3577 interpretamur
941 3515 1038 3576 quam
1066 3493 1265 3559 Hartmanus
1293 3497 1504 3581 vituperavit,
1537 3516 1605 3579 quo

367 3600 462 3664 modo
497 3600 577 3663 aiios
605 3599 749 3663 videmus
776 3601 995 3684 interpretari,
1027 3602 1084 3685 qui
1111 3599 1190 3665 haec
1217 3606 1385 3680 παθόντες
1412 3602 1468 3669 ὑπ’
1500 3603 1602 3686 αὐτῆς

368 3717 475 3783 κακῶς
504 3707 625 3781 ἱκανῶς
653 3715 685 3769 et
712 3729 750 3770 ex
779 3706 879 3771 altera
906 3711 998 3791 parte
1026 3709 1087 3773 οὐκ
1115 3707 1236 3785 ἐνδεῶς
1263 3710 1432 3794 ἠμύναντο
1461 3711 1602 3775 interae

369 3813 490 3897 opponi
517 3813 645 3896 volunt,
673 3813 760 3896 qnod
788 3813 848 3877 etsi
875 3836 933 3898 per
957 3816 1114 3879 sermonis
1137 3815 1225 3901 leges
1249 3817 1319 3881 fieri
1340 3821 1482 3901 poterat,
1509 3820 1546 3882 ut
1569 3818 1603 3881 in

370 3919 541 4004 Symposio
566 3918 687 4005 (pso,
708 3918 764 4005 10)
793 3919 939 4006 ὁρμήσας
968 3920 1021 3986 ἐπὶ
1049 3924 1107 3987 τὸν
1135 3926 1237 4006 λόγον
1265 3927 1372 4000 καλῶς
1396 3924 1457 4009 οὐχ
1482 3925 1602 3999 ἱκανῶς
1616 3949 1648 3989 so

369 4025 578 4109 ἀπετέλεσεν,
606 4030 662 4091 aut
689 4028 724 4091 in
746 4025 924 4091 Menexeno
952 4030 1023 4112 ipso
1052 4027 1096 4115 (p.
1117 4028 1177 4115 84,
1195 4027 1254 4115 29)
1282 4031 1361 4113 ἡμῖν
1387 4030 1424 4096 δὲ
1448 4028 1522 4107 ἐξὸν
1545 4033 1603 4113 ζην

368 4135 413 4218 μὴ
441 4138 563 4216 καλῶς,
595 4136 702 4209 καλῶς
734 4134 922 4218 αἱρούμεθα
948 4140 1076 4216 μᾶλλον
1103 4141 1275 4219 τελευτᾶν,
1308 4141 1417 4201 tamen
1444 4136 1604 4201 sententia

368 4240 456 4304 alind
478 4240 606 4305 videtur
630 4239 774 4304 suadere:
798 4240 826 4304 si
849 4241 934 4305 enim
957 4245 1044 4305 recte
1067 4244 1224 4326 scriptum
1247 4246 1296 4307 est
1320 4241 1407 4326 quod
1428 4263 1522 4306 nemo
1547 4241 1602 4305 du-

367 4346 451 4411 bitat
474 4346 536 4411 οὐκ
559 4344 679 4422 ἐνδεῶς
701 4346 882 4430 ἠμύναντο,
906 4368 964 4412 cur
985 4369 1141 4434 negamus
1165 4350 1241 4414 huic
1260 4349 1396 4413 alterum
1415 4348 1496 4412 illud
1516 4348 1604 4431 quod

367 4457 417 4517 est
436 4454 557 4529 ἱκανῶς
574 4452 622 4516 ita
640 4452 714 4517 addi
732 4454 876 4537 potuisse
894 4458 932 4518 ut
949 4456 1110 4519 contraria
1128 4458 1162 4520 in
1180 4479 1278 4520 unam
1295 4456 1462 4521 notionem
1480 4454 1608 4520 coirent.

368 4582 406 4625 eo
433 4582 496 4624 usu
523 4560 674 4625 videlicet
702 4582 798 4643 quem
826 4560 981 4625 latissime
1008 4565 1118 4645 patere
1144 4564 1297 4648 vidimus;
1324 4583 1400 4626 nam
1427 4564 1548 4638 ἱκανῶς
1571 4565 1609 4627 ελ

369 4667 432 4732 οὐκ
459 4665 580 4743 ἐνδεῶς
607 4670 754 4731 accurate
782 4669 867 4731 inter
894 4689 928 4731 se
956 4674 1179 4754 opponuntur,
1208 4671 1294 4754 quod
1322 4671 1350 4735 si
1374 4691 1456 4753 opus
1479 4673 1528 4733 est
1550 4668 1603 4733 vel

367 4773 499 4839 Phaedo
518 4771 563 4859 (p.
585 4774 657 4857 132,
678 4774 728 4838 17.
750 4771 805 4859 19)
824 4774 1006 4857 patefaciat.
1043 4774 1113 4852 Qua
1131 4776 1165 4841 in
1183 4799 1218 4842 re
1237 4782 1411 4862 utrumque
1429 4776 1601 4842 videndum

369 4885 419 4945 est
442 4884 475 4944 et
496 4901 536 4944 ne
559 4880 660 4944 nimia
682 4882 731 4945 vis
751 4880 910 4963 copulatis
928 4880 1090 4947 adverbiis
1109 4884 1279 4969 tribuatur,
1304 4884 1391 4968 quod
1410 4884 1450 4948 ab
1470 4906 1530 4948 usu
1549 4881 1603 4947 ab·
