3967 5725
637 625 817 678 snauoms
837 627 1032 678 emromcr
1051 603 1357 680 osennvsrionas
1547 626 1612 692 363

374 806 448 850 rum
471 786 630 851 ιοκιιίίόιιε
645 788 823 869 praelucet?
858 793 1011 854 Μουσῶν
1029 790 1139 874 θύρας
1157 789 1220 854 dici
1241 787 1380 855 Cobetua
1399 790 1524 876 posuit:
1547 813 1611 875 quo

375 893 463 956 facto
495 903 682 978 ποιητικῆς,
715 898 753 959 ut
780 894 834 960 ille
860 895 955 981 legit,
986 897 1095 961 locum
1122 918 1189 962 non
1216 896 1321 961 habet.
1362 896 1426 962 Sed
1452 901 1612 983 repugnat

375 998 480 1083 Plato,
499 1021 594 1083 quem
614 1006 646 1065 et
665 1023 746 1085 quae
763 1003 911 1087 proxime
929 1003 1126 1088 praecedunt
1139 1001 1190 1090 (6)
1209 1005 1301 1088 τρίτη
1321 1001 1359 1069 δὲ
1379 1004 1443 1069 ιἰπὸ
1458 1010 1613 1072 Μουσῶν

374 1111 547 1191 κατακῶχῆ
574 1131 609 1172 τε
636 1109 691 1173 καί
718 1110 820 1193 μανία
848 1112 998 1192 λαβοῦσα
1024 1116 1083 1176 κτλ
1111 1114 1144 1175 et
1167 1132 1248 1194 quae
1271 1109 1335 1174 huc
1357 1111 1531 1196 respiciens
1556 1110 1612 1176 So-

375 1217 478 1277 crates
511 1218 625 1298 postea
653 1213 699 1300 (p.
722 1215 780 1299 54,
804 1215 861 1302 20)
890 1217 1025 1301 exponit
1052 1227 1111 1302 τῆς
1138 1217 1175 1283 δὲ
1202 1219 1299 1295 θείας
1326 1217 1461 1304 (μανίας
1488 1221 1612 1286 scilicet

377 1320 465 1404 quod
488 1343 506 1385 e
528 1323 646 1386 vicinia
668 1322 879 1410 intelligitur)
903 1323 1042 1409 τέτταρα
1061 1323 1142 1411 μέρη
1162 1325 1350 1408 διελόμενοι
1368 1328 1532 1411 μαντικὴν
1550 1324 1612 1411 μὲν

375 1426 553 1493 ἐπίπνοιαν
573 1427 781 1508 ’Λπόλλωνος
802 1430 930 1514 θέντες,
955 1432 1129 1498 Διονύσου
1153 1431 1191 1498 δὲ
1213 1437 1414 1517 τελεστικῆν,
1437 1437 1611 1499 Μουσῶν

373 1532 405 1599 δ’
433 1529 475 1599 αὖ
499 1541 724 1621 ποιητικήν,
753 1538 912 1624 τετάρτην
939 1535 977 1602 δὲ
995 1535 1190 1624 Ἀφροδίτης
1213 1539 1267 1603 καί
1284 1537 1429 1623 Ἔρωτος
1451 1537 1611 1625 ἐρωτικὴν

372 1643 520 1724 μανίαν
542 1641 712 1729 ἐφήσαμεν
736 1645 876 1730 ἀρίστην
899 1636 997 1728 εἶναι,
1019 1666 1086 1710 non
1100 1650 1253 1711 Μουσῶν
1276 1647 1387 1731 θύρας
1410 1647 1465 1712 sed
1487 1648 1612 1731 μανίαν

373 1753 527 1815 Μουσῶν
553 1751 694 1816 voluisse
721 1752 930 1836 persuadente
958 1752 1045 1836 quod
1072 1751 1100 1816 si
1130 1757 1179 1817 est
1206 1753 1247 1818 ad
1273 1754 1384 1837 θύρας
1406 1775 1536 1820 necesse
1559 1758 1608 1820 est
1624 1780 1649 1818 10

370 1856 441 1920 sive
467 1866 653 1940 ποιητικῆς,
681 1858 768 1942 quod
796 1858 873 1923 olim
901 1857 1050 1923 nonnulli
1077 1859 1315 1944 praeferebant,
1343 1860 1412 1926 sive
1437 1862 1610 1945 ποιητικὰς

374 1963 551 2028 adiicietur.
588 1963 661 2029 Hoc
683 1986 795 2030 verum
818 1987 887 2030 esse
910 1968 944 2030 et
961 1965 1130 2030 Platonem
1155 1967 1322 2050 scripsisse
1347 1967 1435 2050 quod
1452 1967 1609 2032 librorum

373 2072 529 2135 memoria
551 2074 689 2136 testatur
712 2070 749 2148 ὃς
767 2070 810 2136 ἂν
828 2073 910 2136 ἄνευ
928 2073 1048 2156 μανίας
1065 2076 1218 2138 Μουσῶν
1237 2071 1290 2138 ἐπὶ
1310 2074 1482 2156 ποιητικὰς
1501 2075 1611 2158 θύρας

374 2178 546 2263 ἀφίκηται,
573 2200 611 2243 eo
638 2179 822 2245 confirmari
850 2179 893 2245 M.
917 2178 1082 2264 Hauptius
1110 2178 1220 2245 docuit
1248 2177 1494 2266 (opp.111320)
1524 2179 1611 2264 quod

371 2285 483 2351 eadem
512 2289 544 2350 et
571 2284 692 2351 Seneca
718 2286 835 2371 legerit
862 2290 895 2350 et
923 2285 1055 2370 quidam
1083 2285 1256 2371 scriptores
1281 2285 1393 2352 Graeci
1420 2287 1609 2371 posterioris

373 2392 488 2457 aetatis
512 2393 643 2478 cognita
665 2392 839 2457 habuerint
860 2398 893 2458 et
912 2393 1029 2458 imitati
1049 2393 1123 2458 siut.
1161 2391 1231 2470 Quo
1250 2394 1353 2481 magis
1371 2416 1431 2479 par
1449 2398 1498 2460 est
1516 2394 1550 2458 in
1569 2395 1609 2459 iis

373 2498 584 2584 acquiescere,
604 2500 730 2565 etiamsi
749 2500 802 2565 cui
820 2502 881 2565 hae
896 2501 1040 2584 poeticae
1054 2501 1148 2583 fores,
1167 2523 1246 2584 quas
1261 2499 1381 2567 Seneca
1396 2501 1483 2584 dicit,
1502 2501 1609 2567 minus

373 2606 549 2691 placiturae
577 2606 643 2672 sint
665 2629 761 2691 quam
784 2607 950 2672 Musarum
973 2608 1095 2673 ianuae.
1133 2610 1294 2684 Πεισθείς
1316 2613 1424 2673 autem
1450 2609 1521 2692 quis
1544 2630 1610 2675 non

333 2711 499 2784 scobeto
528 2713 771 2798 Hartmanoque
803 2715 998 2780 concesserit
1029 2715 1173 2798 potuisse
1205 2713 1329 2799 abesse,
1361 2720 1398 2779 ut
1429 2716 1509 2780 haec
1536 2738 1609 2780 con·

373 2821 583 2907 iungerentur
615 2820 772 2907 ἀφίκηται
800 2822 845 2899 ὡς
871 2822 935 2908 ἄρα
964 2823 1077 2899 ίκανὸς
1104 2822 1241 2908 ποιητῆς
1269 2821 1439 2907 ἐσόμενος,
1472 2823 1507 2888 in
1536 2845 1608 2890 eum
1623 2851 1649 2892 so

372 2928 503 2994 modum
532 2951 628 3012 quem
655 2930 690 2993 in
716 2928 894 3017 Protagora
921 2930 1074 2995 scribitur
1102 2931 1143 2993 σὺ
1172 2927 1312 3014 ἑκάστην
1340 2931 1402 2996 οὐκ
1430 2928 1483 2995 ἐπὶ
1511 2930 1608 3021 τέχνη

371 3032 496 3122 ἔμαθες
519 3036 565 3112 ὡς
587 3037 789 3121 δημιουργὸς
814 3037 970 3118 ἐσόμενος
993 3034 1040 3123 (p.
1060 3036 1116 3120 54,
1135 3034 1170 3123 3)
1195 3041 1227 3101 et
1250 3034 1305 3101 καὶ
1330 3035 1383 3101 ἐπὶ
1406 3036 1503 3124 τέχνη
1526 3062 1608 3122 μαν-

371 3144 471 3208 θάνει
496 3144 540 3220 ὡς
564 3144 725 3227 σοφιστῆς
748 3140 903 3228 ἐσόμενος
922 3142 990 3231 (57,
1009 3143 1078 3229 20),
1103 3165 1298 3227 quamquam
1320 3144 1400 3208 haec
1423 3144 1486 3208 duo
1510 3167 1608 3209 enun-

373 3251 453 3315 tiata
489 3254 602 3335 utpote
639 3272 875 3334 supervacanea
909 3254 985 3335 post
1018 3248 1070 3315 ἐπὶ
1103 3248 1200 3336 τέχνη
1234 3250 1430 3315 delerenmt.
1476 3249 1539 3315 Sed
1571 3256 1609 3316 ut

372 3362 458 3422 reete
485 3379 545 3423 nec
572 3361 728 3441 occupata
755 3361 862 3422 mente
889 3357 1049 3423 iudicetur
1076 3356 1338 3441 distinguendum
1367 3360 1423 3421 est.
1467 3355 1607 3423 Cobetus

371 3467 458 3530 enim
492 3465 672 3530 ‘soloecum
701 3465 785 3530 esse’
815 3465 860 3529 ait
888 3462 1057 3540 ‘reindale
1084 3464 1129 3540 ὡς
1155 3462 1312 3548 ἐσόμενος
1338 3485 1397 3547 pro
1427 3464 1471 3541 ὡς
1494 3461 1607 3530 ἔσται’.

277 3574 281 3581 ’
372 3570 467 3648 Quod
484 3573 621 3636 fortasse
639 3573 686 3635 ita
703 3571 852 3657 redargui
867 3592 933 3635 non
946 3575 1063 3655 potest,
1081 3574 1118 3634 ut
1132 3569 1306 3656 gemellum
1320 3592 1488 3656 expromas
1503 3593 1607 3636 exem-

373 3677 463 3763 plum
486 3678 577 3742 verbi
600 3678 752 3754 πεισθείς
774 3699 848 3743 cum
871 3677 915 3752 ῶς
938 3681 970 3741 et
992 3676 1164 3762 participio
1188 3676 1305 3755 iuneti;
1330 3678 1417 3762 quod
1439 3682 1547 3743 tamen
1567 3700 1607 3741 ne

372 3785 444 3849 ideo
476 3783 682 3849 festinantius
714 3784 923 3868 reprobemus
955 3783 1108 3866 prohibet
1139 3784 1289 3869 analogia
1317 3784 1484 3865 similium,
1517 3785 1607 3848 cuius

372 3914 522 3978 magnam
549 3893 616 3956 rim
644 3913 713 3957 esse
740 3890 775 3953 in
801 3889 896 3954 rebus
924 3891 1143 3975 grammaticis
1166 3894 1280 3955 notum
1304 3895 1361 3956 est.
1397 3889 1437 3955 In
1459 3890 1606 3956 Phaedro
1622 3918 1648 3958 ao

372 3999 452 4065 baec
480 4003 556 4065 sunt
583 3996 628 4086 (p.
647 3998 683 4081 3,
703 3994 759 4082 15)
785 3995 1003 4081 ἐκκέκρουκοίς
1024 4021 1064 4079 με
1089 3996 1222 4075 ἐλπίδος
1244 3998 1287 4080 ἣν
1310 3989 1401 4082 είχον
1425 3998 1462 4063 ἐν
1485 3998 1539 4063 σοί
1563 3998 1608 4074 ὡς

371 4105 672 4191 εἠνυμνασόμενος,
688 4108 722 4168 at
736 4103 771 4166 in
784 4101 1021 4187 Euthyphrone
1035 4104 1070 4167 in
1085 4104 1243 4169 sententia
1257 4104 1415 4189 persimili
1430 4103 1537 4192 (pao,
1550 4102 1606 4191 11)

370 4211 429 4277 ἀπ’
466 4212 600 4290 ἐλπίδος
632 4235 672 4295 με
703 4209 898 4291 καταβαλὼν
926 4210 1070 4294 μεγάλης
1098 4209 1230 4295 ἀπέρχει
1258 4212 1302 4294 ῆν
1329 4204 1420 4296 είχον
1447 4212 1491 4288 ὡς
1518 4212 1607 4295 παρὰ
1738 4213 1740 4217 ’

371 4330 434 4385 σοῦ
467 4321 589 4406 μαθὼν
621 4318 660 4383 τό
692 4342 726 4383 τε
754 4317 830 4382 όσια
858 4314 913 4381 καὶ
939 4318 984 4401 μῆ
1012 4314 1068 4381 καὶ
1095 4325 1153 4399 τῆς
1180 4318 1263 4402 πρὸς
1290 4318 1449 4402 Μέλητον
1476 4326 1607 4402 γραφῆς

369 4425 613 4509 ἀπαλλάξομαι;
636 4426 721 4489 idem
745 4424 906 4491 Lucienus
929 4423 964 4485 in
987 4420 1120 4486 Somnio
1145 4422 1165 4486 2
1188 4423 1331 4506 χρηστὰς
1350 4415 1441 4507 εἶχον
1459 4420 1511 4488 ἐπ’
1533 4422 1606 4507 ἐμοὶ

369 4536 430 4612 τὰς
457 4533 593 4609 ἐλπίδας
625 4533 669 4608 ῶς
703 4530 740 4595 ἐν
766 4533 883 4615 βραχεῖ
909 4533 1104 4614 μαθήσομαι
1132 4528 1193 4610 τὴν
1223 4527 1350 4611 τέχνην.
1392 4528 1486 4594 Unde
1514 4530 1606 4594 intel-

369 4642 486 4728 ligitur
521 4641 642 4725 pariter
678 4642 851 4721 utrumque
887 4636 1017 4701 licuisse
1048 4656 1108 4700 neo
1140 4634 1258 4701 rectius
1292 4634 1448 4719 scriptum
1481 4636 1522 4699 iri
1555 4634 1606 4702 ἐλ-

368 4751 470 4826 πίδος
497 4748 540 4831 ῆν
569 4738 659 4831 είχον
687 4745 724 4811 ἐν
752 4742 806 4810 σοὶ
830 4744 875 4821 ὡς
897 4741 1147 4827 ἐγγυμνόσομαι
1171 4762 1268 4824 quam
1292 4741 1379 4823 quod
1402 4740 1495 4806 Plato
1518 4764 1607 4827 prae·

370 4856 448 4920 tulit
472 4856 516 4932 ὡς
540 4852 837 4938 ἐνγυμνασόμενος.
874 4850 1070 4915 Menexenus
1092 4847 1172 4914 haec
1193 4846 1292 4911 habet
1315 4844 1361 4932 (p.
1378 4847 1429 4933 74,
1443 4846 1501 4933 31)
1526 4848 1604 4931 brt
