3967 5725
735 646 784 695 DE
803 645 1066 695 ARISTOPHANIS
1085 645 1288 706 EQUITIBUS.
1559 641 1625 706 285

390 811 443 873 tus
461 807 670 891 perspexerit,
690 828 787 890 quam
806 807 948 870 traiectis
962 805 1109 870 versibus
1122 807 1334 889 restituimus,
1353 827 1418 871 non
1433 806 1627 871 infitiabitur

391 916 460 978 sine
482 913 550 978 ulla
573 913 749 978 offensione
771 912 822 977 bis
846 913 931 977 idem
954 913 993 977 de
1016 913 1129 977 iisdem
1153 913 1217 977 dici
1240 912 1398 997 potuisse,
1426 913 1461 978 in
1483 913 1544 978 hac
1568 915 1626 978 sci-

390 1021 467 1085 licet
489 1021 649 1085 sententia
673 1042 755 1104 quae
772 1020 825 1084 vel
843 1020 927 1084 hanc
945 1019 1233 1085 conformationem
1251 1019 1385 1104 ferebat,
1408 1031 1541 1097 σκοπεῖς
1559 1033 1626 1086 τῶν

390 1134 536 1194 πολιτῶν
559 1127 649 1203 ὅστις
672 1128 833 1203 πλούσιος
855 1125 910 1192 καὶ
934 1125 1063 1211 τρέμων
1081 1129 1121 1192 τὰ
1139 1127 1323 1212 πράγματα,
1346 1128 1410 1193 κύν
1428 1126 1498 1192 τιν’
1516 1128 1627 1194 αὐτῶν

391 1243 476 1322 γνῷς
498 1243 687 1300 τοιοῦτον
710 1237 812 1299 ὄντα.
850 1232 913 1299 Sed
935 1255 976 1298 ne
1001 1238 1076 1299 sunt
1097 1234 1227 1319 quidem
1245 1234 1340 1318 plane
1360 1234 1470 1299 eadem
1488 1239 1626 1318 utroque

391 1342 473 1426 loco,
492 1364 573 1426 quae
591 1342 646 1406 ille
666 1341 776 1406 eadem
795 1340 886 1421 dixit,
905 1345 938 1405 et
956 1341 1069 1406 scitius
1088 1341 1185 1405 etiam
1199 1339 1433 1426 Aristophanes
1447 1341 1626 1407 orationem

391 1449 553 1534 formavit,
576 1453 613 1513 ut
635 1450 681 1512 ita
705 1448 833 1532 diceret,
858 1449 1089 1534 ‘circumspicis
1114 1449 1232 1514 civium
1256 1449 1312 1533 qui
1331 1449 1374 1513 sit
1393 1451 1554 1526 πλούσιος
1571 1450 1625 1514 καὶ

391 1558 435 1640 μὴ
452 1557 599 1641 πονηρὸς
617 1554 672 1620 καὶ
690 1555 820 1641 τρέμων
838 1559 878 1622 τὰ
897 1558 1082 1642 πράγματα,
1106 1560 1138 1620 et
1157 1558 1185 1620 si
1205 1578 1299 1640 quem
1318 1556 1435 1621 horum
1455 1557 1625 1621 offenderis

392 1685 501 1728 secure
533 1663 689 1747 desidem,
719 1664 966 1748 necopinantem
1000 1663 1214 1748 oppressisti,
1249 1686 1324 1728 nam
1357 1665 1413 1748 qui
1444 1662 1554 1745 τρέμει
1586 1666 1626 1728 τὰ

391 1769 566 1856 πράγματα
592 1790 660 1833 non
687 1773 736 1833 est
758 1769 876 1834 idcirco
901 1767 1122 1856 ἀπράγμων*)
1146 1773 1178 1834 et
1200 1770 1297 1835 huius
1321 1771 1387 1835 vim
1410 1771 1667 1836 nominisad·1o

392 1878 511 1942 iectum
534 1878 679 1961 κεχηνώς
703 1873 757 1963 (cf.
778 1875 857 1962 7553
874 1875 955 1940 Ran.
974 1876 1056 1965 990)
1079 1878 1242 1961 patefacit,
1266 1901 1347 1961 quae
1371 1879 1434 1943 duo
1454 1879 1627 1943 coniuncta

391 1984 611 2069 plenissimam
636 1983 845 2069 incogitantia
869 1984 1049 2050 socordiam
1073 1985 1250 2070 designant.

480 2089 520 2154 In
546 2090 606 2155 hos
635 2091 737 2177 igitur
764 2093 849 2156 cives
875 2090 975 2158 Cleon
1002 2091 1274 2176 sycophantarum
1297 2114 1386 2158 more
1410 2093 1477 2156 suis
1501 2091 1626 2156 technis

392 2221 468 2263 usus
492 2220 561 2263 esse
584 2197 803 2283 insimulatur,
827 2198 883 2281 qui
907 2197 1025 2281 quibus
1047 2197 1151 2262 modis
1175 2201 1207 2262 et
1232 2196 1350 2280 quibus
1374 2196 1544 2261 calumniis
1563 2199 1627 2281 pri·

391 2309 482 2370 vatos
505 2305 652 2370 homines
676 2327 792 2369 vexare
815 2304 931 2368 solitus
954 2305 1008 2386 sit,
1030 2305 1100 2389 ipse
1123 2305 1162 2369 de
1186 2324 1219 2370 se
1243 2305 1415 2388 profitetur
1437 2327 1466 2369 v.
1487 2305 1552 2369 774

436 2413 473 2488 ὃς
495 2424 608 2498 πρῶτα
631 2411 702 2496 μέν,
725 2410 811 2496 ἡνίκ’
840 2409 1031 2493 ἐβούλευον,
1055 2410 1108 2477 σοὶ
1132 2413 1280 2496 χρήματα
1302 2410 1427 2477 πλεῖστ’
1455 2409 1608 2488 ἀπέδειξα

437 2519 473 2585 ἐν
486 2527 531 2608 τῷ
542 2527 655 2607 κοινῷ,
668 2522 748 2595 τοὺς
761 2515 823 2600 μὲν
836 2523 1015 2604 στρεβλῶν,
1029 2523 1109 2596 τοὺς
1123 2518 1159 2584 d'
1173 2520 1295 2604 ἄγχων,
1309 2521 1387 2596 τοὺς
1401 2515 1439 2583 δὲ
1453 2531 1626 2603 μεταιτῶν,

437 2627 478 2691 ού
502 2629 687 2712 φροντίζων
711 2637 779 2690 τῶν
803 2628 946 2691 ἰδιωτῶν
969 2627 1125 2709 οὐδενός,
1149 2629 1180 2691 εί
1202 2624 1256 2690 σοὶ
1279 2629 1464 2711 χαριοίμην.

390 2732 486 2799 Nunc
513 2756 588 2799 vero
618 2734 706 2817 quod
729 2734 846 2816 civem,
874 2735 902 2797 si
926 2735 998 2818 quis
1021 2735 1156 2798 idoneus
1181 2734 1348 2799 obvenerit
1371 2755 1466 2818 quem
1489 2734 1625 2798 fallaciis

392 2842 457 2906 suis
480 2845 512 2906 et
531 2840 827 2907 insimulationibus
845 2842 966 2926 perdat,
988 2865 1006 2905 a
1026 2840 1226 2908 Cherroneso
1246 2840 1417 2907 abduxisse
1437 2845 1469 2905 et
1487 2839 1625 2906 Athenis
1640 2866 1666 2905 ao

391 2948 517 3013 artibus
549 2949 615 3013 suis
647 2949 810 3013 irretitum
843 2971 970 3032 pessum
1005 2950 1127 3015 dedisse
1160 2949 1292 3031 dicitur,
1324 2953 1457 3033 apparet
1485 2948 1625 3033 exempli

391 3076 487 3120 causa
518 3055 641 3139 aliquid
672 3055 797 3139 proprii
829 3056 863 3120 in
896 3058 1055 3121 sententia
1086 3056 1237 3121 universa
1264 3056 1384 3141 afferri,
1416 3056 1503 3140 quod
1531 3057 1624 3139 quale

390 3162 489 3226 fuerit
510 3162 566 3226 vix
590 3166 697 3246 potest
715 3162 827 3248 fugere
846 3185 928 3246 eum,
952 3164 1081 3247 siquis,
1105 3185 1168 3248 quo
1189 3162 1380 3228 Cherronesi
1399 3164 1520 3226 mentio
1539 3162 1625 3228 facta

391 3268 487 3350 ducit,
502 3268 751 3334 Atheniensium
765 3271 961 3354 κληρούχων
975 3270 1139 3335 fortunam
1153 3274 1185 3334 et
1200 3270 1420 3334 condicionem
1434 3270 1624 3352 meminerit,

391 3377 447 3459 qui
476 3398 547 3440 cum
578 3376 662 3440 cives
690 3380 797 3440 essent
823 3375 1038 3441 Athenienses
1066 3376 1100 3441 in
1124 3376 1321 3441 Cherroneso
1345 3376 1480 3440 Thracia
1508 3380 1563 3440 aut
1590 3376 1625 3439 in

338 3494 377 3549 15
391 3484 505 3548 insulis
532 3485 633 3547 vitam
657 3482 817 3569 degebant
840 3488 872 3548 et
895 3506 990 3567 saepe
1014 3484 1130 3548 divites
1154 3506 1192 3546 ex
1216 3485 1411 3568 pauperibus
1434 3483 1512 3547 facti
1535 3505 1625 3567 syco-

390 3590 584 3674 phantarum
607 3591 763 3654 invidiam
782 3612 910 3655 movere
929 3595 1087 3675 poterant,
1111 3594 1147 3655 ut
1166 3612 1239 3655 cum
1258 3613 1368 3656 eorum
1387 3613 1437 3655 res
1457 3590 1625 3655 diiudicari

391 3697 453 3761 nisi
476 3696 615 3761 Athenis
638 3718 704 3761 non
727 3700 868 3781 possent,
891 3720 930 3761 ex
950 3698 1037 3783 agris
1057 3697 1121 3761 suis
1141 3695 1285 3762 Athenas
1305 3697 1433 3761 adducti
1453 3702 1485 3761 et
1504 3698 1624 3781 iniquis

390 3803 503 3868 litibus
531 3804 740 3868 circumventi
768 3806 803 3868 in
830 3804 964 3869 exitium
992 3809 1189 3889 raperentur.
1228 3804 1300 3869 Hoc
1322 3804 1423 3889 igitur
1446 3807 1513 3867 erat
1536 3804 1624 3887 quod

392 3909 501 3994 Cleon,
520 3934 616 3996 quam
636 3912 698 3976 sibi
717 3912 882 3976 victimam
902 3913 1062 3997 elegisset,
1085 3935 1156 3976 eam
1174 3934 1214 3975 ex
1234 3910 1433 3975 Cherroneso
1453 3911 1665 3974 adduxissem

391 4018 563 4103 diceretur;
591 4018 647 4102 qui
674 4020 708 4082 in
735 4018 797 4083 hoc
823 4040 925 4103 genus
948 4019 1116 4085 hominum
1141 4017 1248 4102 qualia
1271 4017 1450 4083 machinari
1473 4018 1624 4101 potuerit,
1665 4068 1667 4073 ³

478 4194 544 4261 *10)
564 4193 629 4247 Non
648 4210 733 4263 saepe
750 4211 817 4247 usus
832 4197 875 4248 est
889 4196 942 4248 hoc
956 4196 1070 4248 nomine
1084 4193 1295 4263 Aristophanes,
1316 4194 1392 4261 quod
1407 4195 1507 4261 suapte
1522 4194 1623 4247 natura

391 4282 500 4351 aliquid
519 4282 648 4353 ambigui
661 4283 760 4349 habat3
779 4300 835 4351 quo
849 4284 940 4352 magis
955 4286 1027 4338 haec
1041 4284 1159 4338 duorum
1173 4282 1372 4337 vocabulorum
1387 4282 1517 4335 iunctura
1531 4283 1623 4335 atten-

390 4371 484 4425 denda
502 4374 552 4426 est.
586 4371 625 4426 Ut
642 4373 790 4426 mittamus
809 4375 858 4426 Av.
873 4379 909 4426 44
927 4371 1015 4427 τόπον
1034 4372 1212 4441 ἀπράγμονα,
1231 4372 1261 4425 in
1280 4372 1365 4439 Vesp.
1382 4376 1451 4424 1040
1470 4371 1516 4425 ἐπὶ
1534 4379 1623 4425 τοῖσιν

390 4460 568 4531 ἀπράγμοσιν
592 4462 670 4531 ὑμῶν
693 4461 869 4531 ἀντωμοσίας
886 4464 935 4515 καὶ
953 4461 1135 4530 προσκλήσεις
1153 4462 1202 4515 καὶ
1221 4458 1375 4529 μαρτυρίας
1395 4458 1578 4523 συνεκόλλων,
1602 4460 1623 4513 ii

390 4549 447 4603 dici
470 4551 601 4603 videntur
624 4551 673 4618 qui
696 4551 791 4605 litium
814 4551 898 4605 rudes
920 4553 949 4605 ct
967 4568 1115 4605 causarum
1134 4550 1308 4621 agendarum
1327 4550 1452 4619 imperiti
1471 4552 1549 4615 sunt;
1574 4548 1623 4603 sed

391 4654 463 4705 quae
486 4640 517 4692 in
539 4640 613 4694 Nub.
635 4646 703 4694 1007
727 4640 861 4694 laudatur
883 4640 1086 4710 ἀπραγμοσύνη
1111 4640 1230 4693 otiosam
1253 4640 1340 4695 vitam
1362 4640 1457 4709 potius
1479 4640 1623 4709 designat;

390 4745 441 4781 nec
464 4729 668 4799 negligendum
691 4732 734 4784 est
757 4746 813 4796 quo
836 4747 889 4782 usu
908 4729 1088 4798 Thucydidas
1111 4730 1164 4783 hoc
1185 4746 1286 4782 nomen
1304 4729 1438 4797 posuerit,
1457 4728 1535 4782 velut
1553 4734 1623 4781 1140

391 4818 442 4871 ota
460 4817 631 4887 ἀπράγμονα
649 4816 708 4871 ἀλλ’
730 4817 843 4888 ἀχρεῖον
858 4816 990 4871 Classeno
1009 4818 1162 4887 interprete
1182 4821 1231 4871 aut
1251 4823 1284 4871 64
1302 4806 1392 4871 ταυτα
1411 4816 1425 4871 ὁ
1444 4816 1495 4887 μὲν
1514 4817 1623 4885 ἀκράχ-

391 4926 450 4975 μων
469 4904 605 4978 μέμψαιτ’
626 4907 670 4973 ἄν,
690 4906 705 4961 ὁ
726 4907 757 4961 δὲ
777 4910 849 4974 δρᾶν
867 4927 894 4961 τι
912 4906 1080 4978 βουλόμενος
1100 4907 1219 4975 ζηλώσει.
