3967 5725
384 640 452 706 512
601 641 673 694 LIX.
691 640 808 690 INDEX
825 638 1041 690 LEOTIONUM
1058 637 1290 690 AESTIVARUM
1310 641 1387 690 1904.

546 799 633 868 ἔνθα
656 797 694 866 di
717 800 840 885 πατρὸς
863 798 944 884 ε’μοῦ
967 798 1103 884 τέμενος
1125 800 1287 864 τεθαλυῖά
1310 797 1336 864 τ’
1364 799 1468 884 ἀλωή,
1499 803 1501 809 ’

546 902 669 975 τόσσον
692 907 756 972 ἀπὸ
779 910 914 983 πτόλιος
937 907 1041 972 ὅσσον
1062 929 1097 971 τε
1121 904 1246 989 γέγωνε
1267 908 1414 990 βοήσας

384 1018 417 1082 h.
436 1039 462 1082 e.
486 1015 523 1093 ὃς
546 1014 588 1080 ἂν
611 1019 730 1101 βοήσφς
754 1018 786 1080 et
808 1012 922 1098 Odyss.
940 1030 1027 1076 xxiv
1048 1012 1109 1078 107

546 1123 667 1199 πάντες
688 1120 877 1207 κεκριμένοι
900 1118 955 1185 καλ
979 1119 1146 1204 ὁμήλικες;
1169 1118 1252 1184 οὐδέ
1272 1143 1331 1185 κεν
1353 1121 1461 1198 άλλως

547 1230 784 1315 κρινάμενος
808 1225 934 1310 λέξαιτο
957 1228 1041 1293 κατά
1064 1229 1182 1293 πτόλιν
1204 1228 1330 1312 άνόρας
1353 1226 1518 1311 άρίστους,

385 1340 417 1403 h.
437 1360 463 1403 e.
487 1344 521 1402 εί
539 1361 590 1415 τις
612 1340 771 1422 κρίναιτο.
808 1333 869 1398 His
892 1333 1040 1398 addimus
1063 1332 1199 1399 Hesiodi
1222 1356 1274 1419 op.
1294 1333 1337 1398 33
1360 1333 1493 1399 Kirchh.

546 1453 608 1510 τοῦ
631 1466 668 1508 κε
691 1441 932 1527 κορεσσάμενος
954 1443 1064 1506 νείκεα
1087 1441 1142 1505 καί
1167 1441 1265 1525 δῆριν
1289 1439 1426 1524 ὀφέλλοι

547 1548 683 1634 κτήμασ’
711 1547 761 1615 ἐπ’
787 1548 984 1633 ἀλλοτρίοις.

388 1656 441 1724 Sic
463 1658 550 1722 enim
574 1656 722 1742 ὀφέλλοι,
744 1678 811 1721 non
831 1653 996 1741 ὀφέλλοις,
1020 1654 1108 1739 quod
1126 1655 1356 1720 sententiarum
1375 1657 1469 1720 tenor
1486 1655 1618 1741 respuit,

345 1795 374 1837 ιο
389 1764 610 1831 Schoemanno
639 1767 671 1828 et
694 1762 898 1828 Kirchhoffio
926 1762 1120 1828 assentimur
1146 1765 1233 1827 recte
1256 1760 1354 1828 scribi
1377 1765 1414 1828 ut
1438 1762 1618 1828 subiectum

289 1886 292 1899 ¹
389 1874 432 1937 sit
454 1872 489 1936 in
510 1870 682 1957 participio
705 1871 956 1955 κορεσσάμενος.
992 1867 1147 1952 Aeschyli
1170 1867 1359 1955 Agamemn.
1378 1868 1421 1933 69

922 1973 1002 2043 οὔθ’
1027 1975 1200 2041 ὑποκαίων

708 2082 788 2150 οὔθ’
814 2084 1006 2167 ὑπολείβων
1029 2084 1105 2150 οὔτε
1130 2083 1284 2168 δακρύων

710 2191 849 2278 άπύρων
872 2192 973 2275 ίερῶν
1023 2247 1024 2250 .

710 2299 810 2385 ὀργάς
833 2297 959 2374 ἀτενεῖς
981 2296 1193 2382 παραθέλξει,

386 2409 443 2473 ubi
466 2404 521 2495 (ad
545 2405 602 2492 69)
626 2406 801 2472 scholiasta
823 2405 956 2471 adnotat
979 2408 1083 2470 λείπει
1107 2406 1144 2471 τό
1169 2402 1266 2492 τίς*).

387 2513 568 2579 Theocritei
587 2516 694 2578 autem
713 2512 862 2578 carminis
880 2530 942 2576 xlv
960 2533 1034 2576 cnm
1054 2512 1088 2576 in
1106 2513 1273 2595 prooemio
1292 2519 1370 2578 aest.
1389 2534 1415 2576 a.
1437 2511 1523 2578 1885
1542 2509 1591 2599 (P.
1606 2529 1619 2576 1
1634 2522 1673 2579 18

386 2643 417 2704 p.
437 2619 503 2684 295
522 2618 561 2707 a.)
584 2619 668 2684 hanc
691 2619 884 2685 sententiam
906 2617 953 2704 (v.
974 2618 1017 2682 10
1036 2616 1097 2705 sq.)
1122 2619 1267 2683 stabilire
1291 2640 1480 2684 conaremur

521 2735 674 2802 τοιοῦτος
696 2722 757 2808 μὲν
780 2725 831 2790 άεί
854 2728 895 2790 τὺ
918 2723 988 2809 φίλ’
1019 2727 1172 2809 Αίσχίνα,
1196 2725 1302 2811 ἁσυχᾶ
1325 2723 1403 2803 ὀξὺς

346 2864 374 2906 ω
522 2831 620 2900 πάντ’
643 2831 795 2899 ἐθέλων
813 2833 895 2898 κατά
912 2834 1041 2918 καιρόν,
1060 2831 1148 2917 ὅμως
1168 2830 1197 2898 δ’
1221 2825 1317 2900 είπον
1335 2836 1370 2898 τί
1386 2833 1423 2898 τὸ
1441 2835 1569 2917 καινόν,

386 2964 453 3008 non
477 2941 713 3020 dubitabamus,
737 2938 883 3024 exemplo
908 2938 1098 3025 Sophocleo,
1122 2962 1162 3005 ex
1185 2961 1249 3025 quo
1270 2940 1483 3006 nunc'exorsi
1501 2962 1620 3024 sumus,

389 3047 583 3133 confirmati,
620 3050 699 3131 quin
732 3047 939 3132 participium
971 3050 1056 3111 esset
1087 3069 1147 3132 pro
1180 3048 1339 3131 subiecto,
1377 3048 1468 3132 quasi
1502 3046 1620 3113 diceret

388 3155 495 3241 ἁσυχᾶ
524 3154 616 3239 ὀξύς,
645 3154 736 3231 ὅστις
763 3151 845 3241 (sive
872 3160 907 3219 εἴ
929 3151 993 3240 τις)
1022 3155 1124 3220 πάντ’
1153 3152 1260 3221 ἐθέλει
1290 3155 1373 3219 κατά
1395 3158 1521 3239 καιρόν.
1558 3153 1619 3231 Qui

387 3263 480 3348 loqui
502 3262 630 3327 videtur
651 3264 690 3326 ut
713 3260 823 3326 Cicero
846 3263 974 3327 locutus
998 3265 1047 3326 est
1069 3260 1107 3325 de
1131 3261 1295 3344 offic.12‚
1318 3261 1339 3325 5
1360 3263 1453 3343 fortis
1474 3282 1544 3327 cero
1567 3262 1621 3327 do·

388 3370 483 3435 iorem
505 3390 663 3435 εαιαιααικ
686 3369 806 3435 molum
828 3369 976 3435 ιἰιάίιαιιε
996 3374 1244 3451 abrumpamus
1262 3370 1446 3452 voluptatem
1464 3389 1621 3433 εαικικιιω

389 3477 504 3542 bonurn
530 3482 669 3542 ποίκοκε
695 3496 758 3542 esec
784 3476 983 3541 nullomodo
1000 3482 1108 3558 potest,
1140 3498 1210 3541 cum
1235 3479 1347 3561 posset
1369 3476 1424 3558 poi
1446 3476 1567 3541 iudicet
1589 3478 1621 3541 et

387 3586 444 3667 qui
465 3585 583 3649 οίαίκθ.
621 3582 709 3659 Quae
731 3604 808 3648 vero
831 3584 917 3649 idem
939 3582 1130 3647 Theocritus
1155 3584 1285 3667 scripsit
1307 3600 1382 3647 xvn
1406 3582 1449 3646 42

549 3692 724 3775 θαρσήσας
746 3689 958 3775 σφετέροισιν
981 3688 1149 3776 ἐπιτρέποι
1173 3682 1268 3755 οίκον
1288 3691 1421 3755 ἅπαντα

551 3797 675 3864 ὁππότε
698 3821 756 3862 κεν
779 3795 927 3881 φιλέων
950 3799 1050 3883 βαίνῃ
1074 3795 1168 3881 λέχος
1191 3796 1225 3873 ές
1248 3797 1437 3882 φιλεούσής,

347 3934 376 3974 ω
389 3928 427 3970 ea
449 3926 544 3989 saepe
566 3904 662 3969 multi
684 3926 782 3989 prave
805 3904 1009 3989 interpretati
1031 3907 1107 3968 sunt
1136 3904 1211 3987 quia
1234 3926 1301 3969 non
1323 3904 1473 3970 viderunt
1496 3902 1622 3987 φιλέων

477 4083 543 4151 *16)
562 4079 712 4134 Difficilius
727 4078 871 4133 iudicatur
889 4079 925 4135 dc
943 4078 1142 4149 Aristophane,
1161 4079 1237 4148 apud
1257 4096 1341 4147 quem
1356 4097 1420 4134 cnm
1435 4078 1571 4149 scriptum
1585 4078 1623 4133 sit

388 4170 419 4223 in
437 4169 520 4223 Pluto
540 4175 592 4224 606
984 4182 988 4184 ’

496 4258 601 4314 obscur
619 4253 696 4312 εἷναί
713 4255 797 4329 φημ’,
816 4257 841 4312 εί
858 4256 961 4311 παύσει
979 4255 1085 4327 ταύτην
1104 4255 1210 4328 βλέψας
1228 4252 1301 4311 ποθ’
1323 4256 1338 4312 ὁ
1356 4260 1500 4323 Πλοῦτος,

497 4345 566 4402 riddo
584 4342 674 4416 ἥντιν’
697 4346 748 4402 ίὼν
766 4356 826 4411 τοῖς
844 4346 1011 4413 ἀνθρώποις
1028 4344 1117 4417 ἀγάθ’
1139 4343 1175 4402 dev
1194 4343 1276 4415 μείζω
1294 4344 1436 4417 πορίσειεν

388 4438 529 4505 reponunt
546 4434 582 4506 ἦν
600 4456 650 4501 τις,
669 4452 725 4503 quo
742 4436 817 4490 nihil
834 4452 905 4506 opus
924 4437 1000 4502 erat3
1018 4434 1049 4488 in
1067 4433 1218 4490 Ecclesiae.
1234 4441 1284 4490 611

496 4523 532 4595 ἢν
549 4521 660 4595 μείρακ’
682 4524 753 4581 tour
772 4524 932 4596 ἐπιθυμήσῃ
951 4524 1002 4579 καὶ
1020 4524 1152 4596 βούληται
1171 4527 1359 4593 σκαλαθῦραι,

497 4613 552 4681 ἔξει
570 4613 677 4669 τούτων
696 4615 808 4683 ἀφελὼν
826 4616 941 4681 ὀοῦναις
1601 4660 1607 4671 .

388 4702 499 4758 exstitit
518 4704 568 4771 qui
582 4703 748 4773 corrigendo
763 4703 888 4775 ἐπιθυμῇ
902 4722 945 4768 τις
958 4703 1115 4759 orationem
1130 4704 1327 4771 corrumperet.
1355 4700 1410 4758 Sed
1423 4701 1507 4756 huius
1520 4704 1622 4771 poetae

387 4792 512 4847 sermoni
529 4792 583 4847 hoc
600 4792 769 4862 permissum
787 4796 857 4861 erat,
875 4793 908 4847 ut
926 4792 987 4847 sine
1005 4792 1155 4863 participio
1174 4809 1230 4860 quo
1245 4790 1403 4846 subiectum
1417 4790 1624 4861 significaretur

388 4881 506 4935 tertiam
522 4896 674 4951 personam
690 4882 770 4937 verbi
788 4881 866 4935 nullo
884 4881 1010 4936 indicato
1030 4881 1155 4937 subiecto
1173 4896 1278 4950 ponere
1296 4880 1402 4937 liceret.
