3967 5725
422 627 488 691 402
648 630 722 680 LIII.
740 630 857 679 INDEX
874 628 1089 680 Lscrlormn
1107 629 1340 681 AES'I'IVARUM
1359 634 1437 682 1901.

421 812 488 855 non
514 790 740 874 intelligebam
765 790 852 854 ultro
876 795 1097 874 corruperunt
1134 789 1269 854 Gravius
1293 792 1389 857 etiam
1412 797 1580 876 peccatum
1603 797 1657 857 est

421 896 461 961 ab
489 899 544 981 iis,
577 899 633 981 qui
660 899 727 963 cius
753 919 932 981 pronomen
958 901 1035 981 post
1056 897 1187 962 Boeotia
1212 899 1306 963 metri
1334 899 1458 963 scilicet
1485 921 1579 963 causa
1605 899 1654 963 in-

421 1009 598 1088 seruerunt,
620 1005 707 1089 quod
730 1011 768 1068 ut
789 1005 916 1070 nullum
938 1005 1135 1089 praesidium
1157 1006 1275 1070 habere
1297 1007 1481 1072 aeodicum
1498 1007 1657 1071 memoris

421 1134 518 1195 supra
541 1112 696 1196 diximus,
718 1113 766 1177 itu
786 1112 851 1176 nisi
873 1134 947 1176 cum
969 1112 1090 1198 insigni
1113 1112 1304 1176 detrimento
1328 1114 1483 1178 orationis
1507 1116 1654 1178 constare

419 1241 486 1282 non
503 1220 621 1304 potuit.
653 1218 852 1283 Ritschelius
870 1224 987 1301 autem,
1005 1240 1070 1303 quo
1088 1220 1207 1284 fortius
1224 1223 1357 1305 negaret
1371 1220 1460 1285 illam
1473 1219 1654 1304 pedestrem

420 1347 489 1390 esse
508 1327 697 1406 orationem,
720 1349 793 1391 cum
812 1326 874 1390 hoc
892 1328 1040 1410 exemplo
1057 1325 1191 1390 ludibrii
1210 1349 1306 1392 causa
1323 1350 1342 1390 a
1361 1349 1395 1391 se
1413 1328 1490 1393 ficto
1508 1331 1656 1391 uteretur

420 1431 563 1520 (Parerg.
582 1458 614 1519 p.
634 1433 676 1498 86
686 1433 747 1521 n),
773 1454 829 1498 uec
855 1435 947 1499 Titus
972 1453 1029 1498 acc
1053 1433 1258 1515 Scruprouius
1286 1436 1450 1514 Vumcm's,
1477 1455 1532 1500 nco
1555 1433 1657 1500 Ocius

418 1561 474 1606 uec
491 1541 627 1606 Publius
649 1543 730 1606 cius
752 1541 924 1622 discipulus
941 1563 1091 1624 umqrrum
1107 1542 1179 1623 suit,
1202 1561 1257 1606 ucc
1273 1543 1350 1607 adeo
1370 1543 1461 1607 Titus
1478 1562 1533 1607 uec
1549 1541 1656 1606 Aulus

417 1648 495 1728 fuit
509 1649 648 1712 Terentii
662 1649 781 1733 Murci,
800 1650 909 1732 qualia
926 1649 1080 1713 nimirum
1097 1649 1162 1713 nisi
1179 1653 1294 1733 poetae
1311 1671 1378 1713 non
1396 1649 1656 1732 concederentur,

381 1786 407 1825 10
419 1776 461 1819 ne
484 1755 626 1820 dicamus
649 1777 781 1839 pravam
803 1756 1098 1840 interpunctionem
1121 1760 1154 1819 et
1176 1757 1259 1821 falso
1283 1756 1442 1820 adiectum
1465 1759 1543 1834 cius,
1566 1760 1656 1820 certe

420 1866 457 1926 ut
482 1862 545 1927 rite
568 1864 843 1946 comparationem
864 1864 976 1945 iniret,
1004 1863 1109 1926 simile
1133 1885 1226 1927 suum
1249 1865 1295 1927 ita
1318 1863 1485 1927 instituere
1508 1862 1657 1946 debebat,

418 1990 474 2034 mcc
493 1971 585 2035 Titus
601 1989 657 2034 acc
674 1969 878 2051 Sempronius
896 1971 1051 2035 Varronis
1069 1971 1241 2051 discipulus
1257 1991 1314 2035 uec
1331 1969 1430 2036 Cuius
1447 1990 1502 2036 acc
1519 1969 1657 2036 Publius

340 2160 343 2171 Δ
418 2097 568 2158 umquam
585 2078 651 2159 suit
668 2073 720 2163 (ut
739 2078 772 2140 in
791 2077 853 2141 bac
871 2080 963 2160 parte
980 2097 1068 2141 nunc
1086 2076 1323 2162 subsistemus).
1360 2076 1460 2154 Quam
1476 2077 1656 2142 conforma-

419 2184 541 2248 tionem
556 2185 630 2268 quis
644 2185 700 2268 qui
714 2184 870 2270 intelligit
882 2207 949 2248 non
962 2184 1051 2248 videt
1065 2187 1098 2247 et
1110 2184 1290 2268 pedestrem
1304 2206 1372 2249 esse
1386 2207 1497 2249 revera
1514 2206 1572 2248 nec
1584 2185 1656 2249 ullo

419 2291 514 2356 modo
539 2291 786 2375 vituperabilem
804 2295 861 2355 aut
878 2295 1047 2376 poetarum
1065 2292 1196 2356 licentia
1213 2291 1446 2373 vindicandam,
1469 2313 1655 2375 comparem

419 2402 526 2462 eutem
546 2402 578 2462 et
597 2398 847 2483 comparabilem
866 2399 912 2464 sic
930 2398 1059 2462 demum
1073 2397 1232 2464 decianae
1251 2398 1299 2462 illi
1318 2421 1415 2482 quam
1432 2399 1508 2464 libri
1522 2399 1657 2463 bedunt

420 2505 583 2588 exsistere,
596 2527 678 2589 quae
691 2509 761 2569 tum
775 2505 999 2589 vituperabilis
1018 2527 1088 2570 esse
1107 2507 1214 2589 coepit
1233 2527 1305 2571 cum
1324 2510 1459 2591 propter
1471 2525 1654 2570 mensuram

419 2634 439 2675 a
461 2633 520 2675 sua
541 2613 708 2696 primitiva
730 2612 834 2677 forma
856 2614 1043 2678 criticorum
1066 2613 1200 2678 arbitrio
1219 2613 1383 2678 demutata
1401 2617 1458 2678 est.
1494 2611 1589 2678 Unde
1606 2613 1654 2676 in-

419 2720 579 2804 telligitur
601 2740 698 2803 quam
722 2719 873 2785 credibile
897 2721 939 2784 sit
962 2719 1050 2804 quod
1068 2719 1266 2785 Ritschelius
1284 2721 1422 2784 maxime
1440 2721 1538 2785 etiem
1556 2725 1654 2803 atque

378 2853 406 2894 eu
419 2827 516 2890 etiam
545 2825 739 2892 asseveravit
762 2828 895 2892 Accium
922 2828 1017 2891 istam
1045 2827 1237 2893 sententiam
1263 2848 1331 2891 non
1352 2848 1448 2913 posse
1469 2829 1533 2892 nisi
1556 2827 1654 2893 versi-

419 2932 480 2996 bus
503 2934 712 3017 expressisse,
738 2957 833 3018 quem
856 2936 961 2999 virum
984 2938 1114 2999 acutum
1137 2937 1256 2999 mirum
1279 2938 1329 2999 est
1351 2936 1497 3019 profecto
1519 2957 1586 3000 non
1609 2937 1656 2999 vi-

419 3038 504 3103 disse
535 3041 713 3105 orationem
746 3063 843 3125 quam
876 3040 1016 3126 exempli
1048 3062 1144 3105 causa
1170 3042 1265 3106 finxit
1291 3064 1351 3108 nec
1378 3043 1557 3126 pedestrem
1585 3064 1657 3107 esse

418 3168 523 3230 neque
541 3168 617 3213 vero
636 3149 797 3232 poeticam
815 3148 870 3211 sed
888 3150 997 3213 nescio
1018 3170 1081 3231 qua
1100 3149 1263 3233 imperitia
1276 3149 1429 3233 loquendi
1443 3154 1655 3233 procreatam.

509 3253 573 3319 Sed
595 3277 659 3339 quo
679 3258 783 3342 magis
802 3256 935 3339 patefiat
954 3257 1110 3321 orationis
1129 3256 1417 3321 conformationem
1437 3280 1501 3341 qua
1518 3256 1654 3324 Accium

418 3384 513 3425 usum
531 3383 601 3427 esse
620 3362 761 3426 diximus
779 3362 971 3426 familiarem
989 3363 1089 3429 fixisse
1109 3363 1322 3447 scriptoribus
1336 3362 1493 3428 Romanis
1507 3364 1656 3449 exempla

419 3468 595 3550 afferimus,
626 3470 747 3533 ‘selecta
776 3491 816 3532 ex
843 3469 946 3533 multo
975 3471 1123 3553 pluribus
1152 3492 1233 3554 quae
1261 3470 1368 3535 afferri
1394 3472 1569 3556 potuerint,
1598 3472 1653 3535 sed

419 3596 501 3660 quae
525 3577 603 3640 sutis
628 3581 722 3640 erunt
742 3577 782 3640 ad
800 3576 895 3639 fidem
915 3576 1103 3641 faciendam.
1140 3575 1254 3661 Itaque
1274 3577 1386 3643 Cicero
1405 3575 1518 3642 scribit
1536 3578 1570 3641 in
1588 3574 1654 3641 An·

418 3682 545 3746 tonium
568 3700 592 3745 v
612 3683 663 3765 18,
682 3682 725 3746 49

630 3790 695 3871 filii
712 3791 768 3872 qui
785 3810 855 3854 cum
873 3790 1016 3856 omuibus
1034 3797 1167 3857 estium
1181 3793 1295 3872 optimc
1309 3792 1418 3873 micus
1430 3792 1657 3856 carissimus

378 3921 405 3961 u
552 3894 781 3980 Ibid.1x1,l
815 3916 871 3961 nec
901 3898 1007 3963 dubito
1038 3900 1115 3980 quiu
1141 3899 1261 3964 reditus
1287 3900 1354 3964 eius
1380 3904 1409 3963 et
1434 3897 1519 3963 cobis
1543 3904 1657 3980 pratus

631 4003 751 4083 fucrit
773 4010 801 4068 ct
822 4004 1032 4085 reipublicae
1053 4006 1206 4071 soluturis
1226 4007 1381 4087 futurus

551 4108 809 4193 Ibid.1121,51
835 4131 904 4175 cum
928 4112 967 4175 ub
988 4112 1045 4176 boc
1066 4113 1176 4177 ordine
1198 4134 1250 4195 epo
1269 4118 1462 4178 consecutor
1484 4133 1596 4178 essem
1621 4118 1656 4177 tu

631 4216 727 4282 hostis
748 4219 796 4282 rci
811 4217 958 4298 publicae
979 4219 1181 4284 iudicatus.

419 4322 656 4408 Agnosciturne
689 4323 810 4408 aliquid
845 4325 1066 4389 similitudinis
1100 4348 1173 4391 curn
1205 4327 1268 4390 ista
1301 4328 1445 4391 oratione
1475 4325 1565 4391 Accii
1599 4346 1657 4391 uec

421 4428 610 4495 Condalium
636 4431 748 4496 Plauti
775 4452 830 4496 ricc
851 4431 981 4497 Boeotia
1008 4454 1157 4515 umquam
1183 4432 1270 4515 suit?
1301 4431 1354 4496 An
1383 4456 1473 4499 secus
1502 4438 1655 4517 putamus

419 4534 453 4598 in
479 4535 531 4601 his
560 4537 714 4623 exemplis
741 4538 917 4622 praedicati
940 4540 1098 4604 unitatem
1121 4538 1323 4625 dispertitam
1346 4562 1404 4623 per
1425 4544 1534 4626 partes
1556 4541 1654 4623 parti-

419 4641 478 4705 bus
506 4644 662 4729 orationis
687 4645 945 4709 accommodari?
977 4643 1135 4710 Addimus
1159 4646 1231 4711 alia.
1263 4644 1301 4709 lu
1324 4645 1504 4713 Antonium
1522 4646 1650 4731 V13,l

633 4771 688 4814 uec
713 4772 783 4815 cero
811 4752 849 4815 de
874 4752 929 4816 iilo
954 4753 1035 4816 sicut
1061 4753 1099 4817 dc
1125 4753 1249 4818 bomine
1276 4753 1381 4836 aliquo
1409 4754 1578 4819 debemus
1600 4754 1657 4820 scd

632 4859 668 4918 ut
689 4856 727 4920 dc
749 4858 1020 4938 imperiosissimo
1043 4859 1131 4923 belua
1154 4862 1318 4943 ospitare
