3967 5725
429 632 495 696 386
603 635 664 685 nn
682 635 799 684 murex
815 634 1031 686 necnouuu
1048 636 1292 687 suessanus
1311 637 1481 705 ιιοομιοι.

427 796 516 862 haud
533 798 616 862 scias
634 819 676 861 an
694 818 732 861 eo
747 795 932 878 adducatur,
949 818 1016 860 non
1029 799 1067 860 ut
1081 797 1340 881 λοιδορούμενος
1354 797 1395 862 ad
1408 809 1517 874 κακῶς
1530 797 1665 863 ἀκούων

428 905 485 970 scd
511 909 624 969 contra
649 914 757 980 κακῶς
783 903 918 968 ἀκούων
944 902 985 967 ad
1013 904 1273 984 λοιδορούμενος
1299 926 1398 989 prave
1423 908 1569 969 assutum
1591 925 1664 968 esse

427 1012 575 1076 fatertur.
613 1009 677 1075 Sed
699 1032 760 1074 nos
783 1033 857 1074 cum
880 1010 1104 1075 contendimus
1127 1033 1208 1095 quae
1231 1012 1265 1074 in
1289 1011 1400 1076 eadem
1423 1012 1491 1075 vita
1508 1011 1664 1098 leguntur
1678 1017 1721 1072 lo

427 1139 453 1184 c.
474 1118 516 1183 12
539 1127 639 1184 τοῦτο
662 1118 803 1200 μάλιστα
822 1129 892 1182 τῶν
908 1118 1160 1200 πολιτευμάτων
1178 1127 1239 1183 τοῦ
1258 1117 1463 1201 Περικλέους
1481 1117 1663 1202 ἐβάσκαι-

429 1249 498 1290 νον
520 1227 554 1290 ολ
577 1223 696 1311 ἐχθροὶ
718 1226 781 1290 καὶ
804 1223 1022 1308 διέβαλλον
1044 1223 1082 1289 ἐν
1104 1234 1176 1300 ταῖς
1199 1223 1385 1309 ἐκκλησίαις
1407 1229 1552 1307 βοῶντες
1574 1226 1619 1302 ὡς
1642 1225 1662 1291 ὁ

425 1329 488 1416 μὲν
515 1334 619 1416 δῆμος
646 1329 783 1408 ἀδοξεῖ
806 1329 872 1396 καὶ
898 1342 1024 1406 κακῶς
1050 1330 1188 1397 ἀκούει
1214 1334 1254 1396 τά
1281 1334 1379 1398 κοινὰ
1405 1343 1474 1397 τῶν
1491 1331 1663 1414 Ἑλλήνων

425 1442 574 1524 χρήματα
590 1439 676 1523 πρὸς
693 1438 796 1502 αὑτὸν
814 1437 851 1502 ἐκ
863 1440 982 1521 Δήλου
1000 1436 1195 1522 μεταγαγών
1213 1443 1270 1502 ant
1283 1439 1340 1504 illa
1353 1441 1389 1504 in
1401 1437 1502 1504 Fabio
1515 1438 1661 1504 Maximo

427 1567 451 1610 c.
477 1547 496 1608 7
529 1548 603 1611 τότε
635 1547 677 1629 δὴ
708 1546 850 1629 μάλιστα
879 1556 1007 1622 κακῶς
1033 1543 1202 1611 ἀκοῦσαι
1228 1547 1293 1611 καὶ
1320 1553 1661 1631 καταφρονηθῆναι

425 1652 551 1736 συνέβη
573 1652 634 1716 τὸν
658 1653 790 1735 Φάβιον
810 1649 866 1738 (cf.
885 1650 966 1735 ολδ,
983 1649 1036 1737 2),
1057 1655 1231 1737 utrumque
1253 1652 1481 1740 intelligimus,
1505 1657 1539 1718 et
1561 1676 1660 1738 qnan-

385 1782 412 1821 ιι
425 1763 538 1843 topere
559 1757 734 1824 Plutarcho
761 1763 891 1845 gratum
916 1759 1017 1823 fuerit
1043 1759 1273 1846 cognominata
1298 1761 1395 1824 rerba
1422 1761 1604 1825 consociare
1627 1766 1662 1825 ct

425 1877 533 1942 κακῶς
555 1864 692 1931 ἀκούειν
714 1888 773 1950 per
795 1887 829 1930 se
852 1866 957 1930 solum
980 1868 1012 1931 ei
1034 1869 1101 1931 tam
1122 1888 1189 1931 non
1208 1867 1402 1933 satisfecisse
1420 1872 1457 1931 ut
1474 1889 1542 1932 non
1558 1866 1660 1932 liben-

423 1977 475 2038 ter
502 1994 577 2037 cum
604 1994 643 2038 eo
670 1975 806 2038 alterum
834 1977 867 2037 ot
894 1972 999 2036 simile
1026 1972 1160 2037 verbnm
1189 1973 1407 2060 coniungeret
1448 1973 1537 2039 Idem
1561 1997 1660 2061 agno·

424 2070 525 2145 scitur
547 2085 614 2146 tum
636 2081 703 2146 illis
726 2101 808 2165 qnae
832 2081 946 2144 scribit
966 2081 1003 2144 in
1024 2079 1136 2145 libello
1161 2082 1217 2146 An
1238 2082 1306 2147 seui
1327 2081 1502 2164 respublica
1522 2083 1661 2164 ρειυιᾱιι

422 2191 465 2253 e‘t
483 2211 510 2254 c.
528 2188 572 2253 23
591 2187 630 2275 (v
648 2186 691 2253 53
705 2185 815 2272 Bern)
838 2190 870 2251 εί
891 2186 932 2251 δέ
949 2211 982 2252 τι
1001 2190 1155 2270 σφαλείη,
1177 2189 1221 2272 μὴ
1239 2199 1406 2274 περιορῶν
1425 2186 1660 2271 ἐξαθυμοῦντα

422 2298 482 2361 τὸν
500 2295 579 2361 νέον
599 2294 677 2360 ἀλλ’
694 2293 831 2370 ἀνιστὰς
843 2292 899 2358 καὶ
913 2295 1229 2379 παραμυθούμενος,
1248 2296 1293 2372 ὡς
1306 2294 1505 2381 Ἀριστείδης
1524 2297 1661 2380 Κίμωνα

422 2399 478 2467 καὶ
505 2405 724 2488 Μνησίφιλος
753 2399 992 2485 Θεμιστοκλέα,
1026 2401 1415 2488 δυσχεραινομένους
1442 2403 1503 2467 καὶ
1533 2414 1661 2480 κακῶς

423 2509 643 2586 ἀκούοντας
670 2508 708 2574 ἐν
734 2519 774 2594 τῇ
801 2510 897 2573 πόλει
919 2509 957 2572 τὸ
979 2519 1114 2593 πρῶτον
1138 2508 1183 2585 ὡς
1207 2511 1344 2592 ἰταμοὺς
1366 2509 1421 2574 καὶ
1445 2509 1660 2594 ἀκολάστους,

423 2616 549 2701 ἐπῆραν
576 2612 631 2680 καὶ
659 2614 913 2700 ἀνεθάρρυναν,
942 2637 1040 2699 quum
1066 2614 1119 2679 his
1143 2638 1224 2700 quae
1247 2619 1345 2701 paulo
1367 2617 1462 2702 plura
1483 2640 1523 2680 ex
1546 2617 1658 2682 libello

423 2725 461 2788 de
482 2724 683 2787 inimicorum
701 2721 844 2804 ιιίύὶίοίε,
867 2723 902 2786 in
921 2744 985 2806 quo
1005 2723 1107 2786 multa
1126 2727 1175 2788 est
1193 2724 1346 2806 λοιδορία
1364 2728 1398 2788 et
1416 2727 1660 2811 λοιδορεῖσθαι,

381 2851 409 2892 ιι
423 2831 642 2915 excerpsimus
669 2851 695 2895 c.
714 2828 736 2895 5
753 2826 781 2915 (1
799 2851 830 2913 p.
850 2830 973 2915 214sq.
986 2828 1098 2918 Rern.)
1129 2831 1164 2896 οί
1188 2827 1251 2913 μὲν
1278 2826 1341 2897 οὖν
1368 2830 1487 2898 πολλοὶ
1515 2837 1661 2915 γελῶσιν

422 2941 465 3004 ἀν
491 2962 542 3014 τις
569 2939 618 3003 ὢν
645 2938 815 3023 φαλακρὸς
842 2936 862 3021 ἢ
889 2939 1010 3024 κυρτὸς
1037 2936 1171 3021 ἑτέρους
1199 2940 1246 3014 εἰς
1274 2948 1377 3003 ταῦτα
1404 2940 1569 3025 λοιδορῇ
1592 2938 1659 3007 καὶ

422 3046 591 3131 σκύτιτη·
623 3050 757 3128 γελοῖον
787 3043 818 3109 δ’
854 3044 939 3121 ὅλως
968 3041 1039 3109 ἐστὶ
1066 3046 1104 3109 τὸ
1133 3047 1338 3130 λοιδορεῖν
1365 3042 1433 3110 καὶ
1460 3048 1662 3112 σκώπτειν

421 3154 538 3219 ὁτιοῦν
560 3152 949 3236 ἀντιλοιδορηθῆναι
972 3151 1164 3235 δυνάμενον
1182 3190 1225 3198 -
1244 3190 1288 3198 -
1307 3173 1333 3217 c.
1352 3153 1373 3216 6
1393 3152 1438 3239 (p.
1458 3151 1539 3240 215)
1562 3153 1658 3219 τουτὶ

421 3262 482 3345 μὲν
505 3256 570 3326 οὖν
592 3256 700 3325 ἔνεστι
723 3268 769 3347 τῷ
789 3259 957 3342 λοιδορεῖν
979 3259 1040 3323 τὸν
1063 3257 1188 3342 ἐχθρὸν
1211 3256 1415 3343 ὠφέλιμον
1437 3258 1502 3325 καὶ
1521 3264 1660 3345 χρήσι-

420 3389 510 3449 μον·
549 3367 611 3432 οὐκ
641 3363 781 3432 ἔλαττον
812 3364 842 3430 δ’
878 3364 1008 3451 ἕτερον,
1046 3366 1083 3430 τὸ
1117 3367 1400 3453 λοιδορεῖσθαι
1432 3365 1496 3432 καὶ
1528 3378 1660 3445 κακῶς

421 3474 583 3540 ἀκούειν
605 3474 709 3539 αὐτὸν
731 3474 797 3539 ὑπὸ
820 3482 889 3537 τῶν
912 3472 1055 3557 ἐχθρῶν,
1078 3473 1113 3536 in
1137 3472 1255 3557 quibus
1278 3494 1350 3538 cum
1374 3473 1478 3539 multa
1501 3473 1567 3539 sint
1589 3496 1659 3541 non

420 3581 555 3668 indigna
586 3602 667 3666 quae
699 3579 919 3662 attendantur,
948 3584 1019 3644 tum
1048 3578 1130 3643 illud
1161 3579 1310 3664 inprimis
1340 3581 1570 3667 λοιδορεῖσθαι
1599 3580 1657 3647 καὶ
1781 3610 1782 3622 ¹

420 3701 528 3765 κακῶς
555 3688 690 3753 ἀκούειν
714 3686 983 3772 quemadmodum
1006 3688 1041 3751 in
1064 3686 1131 3750 vitu
1153 3684 1287 3751 Periclis
1309 3685 1373 3752 hoc
1396 3687 1507 3753 ordine
1529 3687 1595 3774 legi
1617 3692 1660 3753 ut
1779 3670 1781 3762 J

420 3817 493 3861 cum
516 3794 578 3860 hoc
601 3794 701 3859 verbo
723 3794 790 3859 ὑπὸ
812 3793 1010 3878 praepositio
1034 3794 1196 3878 iungatur.

380 3922 407 3960 ιι
511 3902 598 3979 Quae
613 3904 669 3987 qui
682 3902 850 3986 reputarit,
864 3900 1070 3966 cunctabitur
1084 3901 1119 3964 iu
1132 3902 1200 3965 vitu
1211 3900 1327 3965 Thesei
1340 3923 1381 3966 ex
1394 3902 1501 3967 verbis
1515 3901 1657 3968 διετέλει
1775 3972 1776 3977 ,

420 4022 527 4087 κακῶς
554 4008 688 4074 ἀκούων
715 4007 770 4072 καὶ
798 4007 1056 4093 λοιδορούμενος
1081 4006 1144 4072 hoc
1165 4006 1317 4091 alterum,
1345 4009 1416 4093 ipso
1439 4013 1594 4073 renuente
1616 4031 1656 4075 ac

420 4120 548 4181 tutante
570 4114 757 4197 Plutarcho,
779 4114 968 4198 rescindere,
990 4114 1076 4198 apud
1095 4112 1353 4197 Theophrastum
1377 4119 1482 4179 autern
1502 4115 1657 4181 fidentius

419 4223 557 4290 fortusse
584 4221 760 4287 affirmabit
780 4222 860 4286 haec
882 4232 991 4297 κακῶς
1014 4220 1155 4286 ἀκοῦσαι
1180 4222 1258 4299 (καὶ)
1284 4222 1527 4306 λοιδορηθῆναι
1551 4225 1655 4288 δυνά-

419 4354 518 4413 μενος
545 4330 654 4395 addita
675 4328 834 4413 particula
856 4327 1018 4414 iungenda
1040 4349 1110 4392 csse
1132 4350 1236 4413 neque
1258 4328 1354 4393 licere
1377 4350 1415 4393 ea
1437 4328 1539 4394 altera
1560 4334 1657 4415 parte

418 4444 575 4503 truncme.

509 4544 645 4610 Restant
658 4543 756 4609 rerba
768 4543 909 4628 Hippiae
925 4542 1064 4625 maioris,
1080 4564 1162 4626 quac
1175 4564 1235 4607 nos
1249 4542 1285 4607 in
1297 4541 1381 4609 hanc
1399 4543 1651 4627 disputationem

419 4654 600 4736 traxerunt,
632 4651 819 4735 συμβέβηκε
851 4651 893 4734 δή
925 4674 981 4733 μοι
1015 4648 1095 4735 ὅπερ
1128 4647 1213 4732 λέγω
1241 4660 1349 4726 κακῶς
1375 4650 1437 4734 μὲν
1463 4649 1527 4715 ὑπὸ
1555 4650 1654 4732 ὑμῶν

419 4757 555 4822 ἀκούειν
581 4756 636 4821 καὶ
664 4758 901 4840 ὀνειδίζεσθαι,
931 4768 1038 4833 κακῶς
1067 4753 1103 4822 δὲ
1131 4755 1187 4823 ὑπ’
1219 4755 1365 4841 ἐκείνου,
1393 4780 1489 4842 quse,
1516 4757 1544 4821 si
1572 4757 1652 4842 quid

419 4862 573 4946 exemplis
596 4861 801 4926 tribuendum
824 4867 882 4945 est,
905 4884 1016 4928 eorum
1040 4862 1184 4929 subsidio
1202 4864 1286 4929 freta
1303 4885 1369 4929 non
1387 4868 1454 4929 tam
1473 4863 1568 4930 facile
1586 4864 1651 4931 sibi
