3967 5725
494 589 791 640 OBSERVATIONES
811 588 978 640 ORITICAE
997 589 1037 637 IN
1057 586 1257 639 SOPHOOLIS
1275 586 1477 637 ELEGTRAM.
1536 584 1600 648 169

367 750 454 833 quod
472 754 619 835 apertum
638 754 688 815 est
706 748 942 833 ξυγγίγνεσθαι
963 750 1035 834 pari
1053 749 1308 832 modopositum
1324 768 1472 830 essequo
1488 752 1601 830 φιλεῖν

366 857 401 921 in
418 856 556 941 Electra,
574 880 640 922 non
659 855 743 934 ἄξιοι
764 856 1003 940 ξυγγίγνεσθαι
1019 856 1169 920 dicuntur
1184 855 1239 920 sed
1252 855 1376 930 παντὸς
1391 853 1476 932 ἄξιοι
1492 853 1600 939 ξυγγί·

364 971 506 1048 γνεσθαι
524 964 556 1029 h.
572 987 597 1028 e.
616 986 683 1029 non
697 964 786 1049 digni
801 963 856 1028 sed
870 964 1009 1055 maxime
1024 964 1114 1049 digni
1128 963 1321 1045 quibuscum
1335 961 1600 1026 consuetudinem

363 1069 492 1135 habeas.
534 1070 697 1135 Addimus
716 1072 851 1135 alterum
877 1069 1061 1155 exemplum
1085 1070 1228 1134 eiusdem
1247 1065 1431 1151 locutionis,
1455 1069 1541 1152 quod
1560 1090 1600 1133 ex

363 1176 509 1243 Phaedro
521 1178 666 1242 Platonis
685 1179 835 1262 petimus,
854 1178 910 1243 ubi
924 1178 970 1241 ita
983 1177 1130 1260 loquitur
1139 1174 1287 1241 Socrates
1303 1174 1411 1260 (1247,
1421 1175 1441 1239 3
1453 1173 1601 1262 Sahana)

464 1299 468 1307 '
499 1285 554 1350 ὅτε
578 1286 708 1371 σπουδῇ
729 1302 765 1349 σε
784 1287 946 1368 πείθοιμι,
970 1284 1142 1359 συντιθεὶς
1162 1285 1263 1365 λόγον
1281 1279 1420 1347 ἔπαινον
1438 1283 1520 1346 κατὰ
1539 1292 1601 1348 τοῦ

543 1393 642 1474 ὄνου,
670 1393 774 1457 ἵππον
802 1392 1014 1473 ἐπονομάζων
1030 1391 1095 1454 ’καὶ
1124 1389 1230 1473 λέγων
1253 1390 1297 1466 ὡς
1319 1390 1464 1465 παντὸς
1486 1387 1600 1467 ἄξιον

417 1482 420 1492 “
542 1500 585 1563 τὸ
609 1498 766 1582 θρέμμα
791 1504 877 1563 οἴκοι
901 1522 935 1563 τε
958 1502 1177 1581 κεκτῆσθαι
1200 1497 1254 1567 καὶ
1280 1495 1332 1561 ἐπὶ
1356 1506 1519 1582 στρατιᾶς.

362 1604 424 1670 Hi·
447 1607 550 1692 igitur
572 1604 781 1690 exemplis*i‚
804 1605 915 1690 paneis
940 1604 1069 1688 quidem
1092 1604 1148 1667 sed
1171 1604 1266 1667 certis
1290 1607 1322 1667 et
1345 1603 1474 1687 apertis,
1497 1603 1600 1668 adiuti

363 1716 395 1777 et
418 1713 601 1778 confirmati
624 1712 744 1777 multos
768 1724 868 1776 annos
892 1712 927 1776 in
950 1698 1070 1775 seholis
1089 1709 1280 1795 Sophoaleis
1298 1710 1396 1774 verba
1414 1709 1562 1775 Electrae
1576 1732 1641 1779 am

362 1820 547 1885 eritieornm
572 1820 763 1885 commentis
786 1820 886 1884 tutari
909 1805 1046 1883 viriliter
1069 1817 1266 1901 studuimus,
1291 1818 1373 1881 illud
1396 1839 1526 1901 quoque
1549 1816 1600 1881 de

362 1926 495 2011 clarere,
525 1924 614 2004 ἄξιος
638 1927 714 2011 quia
736 1927 803 1991 vim
827 1925 924 2009 pretii
947 1925 1096 2009 haberet,
1123 1946 1160 1988 ea
1182 1925 1274 1988 notio
1297 1924 1353 1988 ubi
1377 1924 1601 2010 exaggeranda

362 2037 456 2117 esset,
480 2032 588 2098 addito
612 2034 763 2119 genetivo
786 2037 924 2115 πολλοῦ,
948 2034 1072 2108 παντός
1094 2020 1204 2117 augeri
1228 2032 1356 2095 solitam
1380 2053 1458 2115 esse,
1480 2029 1600 2108 πολέος

363 2139 403 2204 δέ
429 2140 460 2205 ot
485 2138 578 2217 ἄξιον
601 2137 692 2205 ἔσται
718 2137 971 2226 (ouv111405)
997 2139 1062 2204 ie.
1089 2159 1121 2203 es
1147 2138 1231 2202 αιίδ
1256 2139 1323 2202 ihm
1349 2139 1420 2203 sehr
1444 2138 1600 2203 werthaoll

361 2248 446 2324 seim
473 2248 526 2310 vel
554 2250 590 2310 ut
617 2246 799 2331 Xenophon
827 2248 973 2331 loquitur
1000 2245 1035 2310 in
1062 2244 1204 2310 Anebasi
1224 2243 1276 2332 (lv
1297 2246 1330 2329 1,
1349 2245 1407 2330 28)
1430 2242 1601 2330 Ἀριστέας

361 2357 459 2435 Χῖος,
490 2352 526 2429 ὃς
554 2359 722 2438 πολλαχοῦ
748 2358 876 2419 πολλοῦ
900 2354 991 2432 ἄξιος
1013 2363 1052 2437 τῇ
1077 2360 1215 2438 στρατιᾷ
1238 2355 1284 2428 εἰς
1307 2354 1347 2417 τὰ
1370 2339 1507 2417 τοιαῧτα
1530 2351 1599 2435 ἐγέ-

358 2471 437 2525 νετο
461 2461 492 2524 h.
512 2481 538 2523 e.
566 2460 635 2525 sehr
661 2461 818 2525 ινανδνοδῑ
842 2463 899 2544 fiir
925 2456 1161 2545 derpleiahea*),
1190 2482 1230 2523 ex
1251 2458 1312 2523 hae
1335 2463 1444 2523 autem
1468 2480 1599 2523 consue

363 2566 474 2631 tudine
502 2571 615 2631 natum
644 2589 712 2632 esse
736 2569 887 2652 alterum,
914 2571 951 2631 ut
976 2569 1028 2632 vel
1051 2566 1096 2632 ibi
1120 2565 1269 2652 genetivo
1293 2566 1402 2631 addito
1427 2570 1599 2652 augeretur

362 2673 411 2738 vie
434 2674 524 2739 vocis
548 2672 645 2757 ἄξιος,
668 2674 725 2737 ubi
749 2674 846 2739 simul
869 2671 1065 2739 infinitivum
1085 2673 1176 2738 verbi
1196 2673 1258 2738 sibi
1278 2673 1437 2738 adiectum
1456 2673 1599 2754 haberet,

362 2780 448 2865 quod
468 2803 532 2866 qua
549 2802 583 2844 re
603 2782 674 2865 quis
695 2782 811 2868 dignus
830 2781 1005 2846 haberetur
1024 2766 1228 2868 significaret
1266 2778 1329 2844 Sed
1343 2782 1410 2845 sive
1424 2781 1487 2846 hoe
1501 2783 1597 2847 modo
1612 2804 1641 2843 ιο

359 2888 429 2953 siva
452 2887 515 2952 aiio
539 2888 623 2952 hanc
645 2889 882 2973 proprietatem
903 2912 979 2955 usus
1004 2888 1226 2972 expliaandam
1251 2892 1390 2972 censent,
1413 2890 1452 2952 de
1475 2912 1509 2954 re
1528 2891 1598 2974 ipsa

362 2993 502 3059 dubitari
524 3018 592 3059 non
614 3001 730 3080 potest.
773 2995 822 3062 Aa
845 3019 948 3082 nuper
968 3016 1090 3061 novum
1109 2996 1243 3061 necessit
1261 2995 1405 3061 eiusdem
1424 2994 1597 3062 locutionis

360 3101 557 3187 exemplum,
591 3103 678 3186 quod
709 3126 769 3168 nos
802 3104 932 3188 quidem
966 3104 1070 3169 adhue
1098 3105 1234 3188 fugerat
1267 3103 1354 3186 quod
1381 3107 1503 3186 tamen,
1534 3105 1598 3169 nisi

307 3219 346 3276 13
360 3209 447 3273 fallit
484 3210 612 3294 opinio,
649 3211 746 3294 primi
777 3211 817 3274 ud
849 3233 960 3275 rerum
993 3210 1226 3296 interpretandi
1258 3208 1389 3274 modum
1421 3211 1599 3295 referimus,

360 3315 476 3380 Dionis
501 3314 737 3400 Chrysostomi,
766 3339 860 3400 quem
892 3319 969 3382 olim
999 3341 1019 3382 a
1044 3318 1138 3382 nobis
1170 3316 1426 3382 adnleseentibus
1454 3318 1599 3383 studiose

359 3426 531 3506 versatum,
547 3423 633 3506 quod
648 3423 744 3487 modo
759 3426 900 3489 recolere
914 3425 1090 3508 eoepimus‚
1104 3424 1259 3488 beneficio
1274 3424 1396 3488 factum
1408 3428 1458 3488 est
1467 3423 1599 3490 Ioannis

360 3527 514 3612 Arnimii‚
542 3530 604 3594 riri
630 3531 764 3615 nobilis,
793 3532 847 3615 qui
876 3532 1017 3616 priorem
1045 3532 1227 3595 orationum
1254 3535 1377 3616 partem
1408 3531 1448 3594 ad
1471 3532 1597 3596 codices

361 3637 534 3722 diligenter
561 3658 711 3702 excussos
742 3638 941 3724 recognitam
970 3639 1165 3724 ingenioque
1192 3641 1259 3702 tam
1289 3660 1347 3701 sno
1372 3661 1468 3723 qnam
1492 3638 1597 3703 alieno

361 3743 563 3807 emendatam
587 3743 695 3808 edidit.
731 3744 796 3808 Dio
819 3745 921 3830 igitur
943 3745 1054 3811 statim
1076 3746 1109 3809 in
1133 3745 1238 3829 prima
1260 3745 1405 3809 oratione
1424 3745 1503 3809 haec
1522 3746 1598 3810 seri·

359 3850 428 3933 psit
453 3850 481 3934 1,
501 3851 529 3914 6.
1508 3839 1639 3910 ”·’ῗέὀ

423 3943 425 3946 ¹
496 3956 513 4022 ὁ
538 3965 623 4040 γοῦν
647 3961 819 4040 Τιμόθεος,
844 3959 873 4023 εἰ
892 3957 1044 4042 καθάπερ
1063 3962 1241 4040 πολεμικόν
1259 3948 1335 4023 τινα
1354 3960 1505 4023 διελθεῖν
1523 3957 1596 4045 ᾔδει

540 4066 655 4148 νόμον,
676 4063 782 4140 οὕτως
800 4064 959 4147 ἠπίστατο
979 4066 1109 4148 αὔλημα
1129 4067 1261 4130 δικαίαν
1280 4064 1334 4130 καὶ
1354 4069 1522 4150 φρόνιμον
1541 4064 1596 4131 καὶ

449 4181 451 4192 ‘
479 4197 491 4207 ¹*
540 4172 701 4256 σώφρονα
724 4173 785 4255 τὴν
807 4172 921 4254 ψυχὴν
944 4170 998 4236 καὶ
1021 4172 1265 4255 φιλάνθρωπον
1285 4173 1474 4255 δυνάμενον
1492 4195 1597 4258 παρα-

503 4312 506 4318 ·
540 4289 642 4360 σχεῖν,
664 4279 707 4361 μὴ
725 4278 807 4362 πρὸς
827 4277 912 4342 ὅπλα
931 4278 1088 4364 ὁρμῶσαν
1106 4281 1212 4361 μόνον
1231 4278 1314 4345 ἀλλὰ
1334 4279 1389 4345 ἐπί
1406 4304 1440 4345 τε
1459 4282 1597 4364 εἰρήνην

539 4384 593 4448 καὶ
617 4384 777 4469 ὁμόνοιαν
799 4383 854 4449 καὶ
878 4391 970 4450 θεῶν
993 4386 1088 4468 τιμδις
1111 4383 1167 4449 καὶ
1186 4385 1377 4471 ἀνθρώπων
1396 4386 1596 4471 ἐπιμέλειαν,

466 4575 511 4646 *9)
532 4577 721 4648 [Aristophun.
737 4578 786 4632 Av.
804 4583 854 4632 797
875 4573 921 4644 ἆρ’
942 4576 1103 4644 ὑπόπτερον
1122 4576 1256 4646 γενέσθαι
1274 4578 1381 4643 παντός
1400 4580 1472 4634 ἐστιν
1488 4581 1595 4652 ἅξιονς]

420 4694 421 4699 1
448 4666 512 4736 ’17)
532 4666 670 4738 [Thuayd
685 4686 713 4720 rv
727 4672 770 4735 40,
784 4673 800 4720 2
821 4664 992 4735 ἀπεκρίνατο
1012 4667 1088 4739 αὐτῷ
1102 4667 1269 4735 (Spartanus
1285 4670 1412 4737 captivus
1427 4669 1594 4724 Atheniensi

359 4754 507 4822 quaerenti
526 4756 561 4810 de
580 4756 684 4809 virtute
703 4757 886 4826 mortuorum)
905 4759 1009 4811 πολλοῦ
1028 4753 1064 4810 διν
1083 4756 1164 4821 ἄξιον
1183 4752 1257 4811 εἶναι
1276 4755 1325 4812 τὸν
1339 4756 1488 4824 ἄτρακτον,
1506 4758 1594 4827 λέγων

358 4844 408 4897 τὸν
427 4841 531 4912 οἰστόν,
550 4847 575 4899 εἰ
593 4845 658 4908 τοὺς
677 4847 806 4914 ἀγαθοὺς
825 4844 1004 4915 διεγίγνωσκε
1023 4846 1195 4917 peracerbe]
1562 4872 1565 4881 ·
