3967 5725
492 585 789 637 OBSERVATIONES
809 584 977 637 ORITIOAE
995 586 1036 636 IN
1055 584 1257 637 SOPHOOLIS
1292 585 1496 638 susorum
1546 583 1610 648 163

482 768 484 773 ⁴
550 734 682 829 rpdyqre
714 748 776 830 τὴν
809 743 887 831 παρ’
923 746 1115 831 ἀνθρώπων
1142 749 1282 811 κόλασιν
1307 765 1333 811 x
1355 746 1398 811 28
1421 770 1453 832 p.
1476 747 1533 831 44,
1559 748 1612 813 22.

418 881 421 886 ·
555 852 602 917 Of.
621 852 773 936 Excerpt.
791 874 823 938 p.
841 852 949 937 23411.

464 961 494 1024 4.
527 959 695 1045 Pergimus
723 959 875 1046 colligere
902 962 1066 1026 minutias.
1105 959 1146 1025 In
1173 962 1336 1046 colloquio
1366 962 1452 1046 quod
1474 961 1612 1028 habetur

375 1068 459 1133 inter
481 1067 644 1133 Electram
672 1072 704 1131 et
730 1068 880 1132 mulieres
903 1067 1112 1152 Mycenenses
1138 1091 1220 1153 quae
1243 1068 1376 1134 chorum
1399 1071 1612 1155 constituunt,

375 1197 448 1240 cum
471 1175 510 1238 de
532 1172 646 1239 Oreste
669 1176 778 1261 agitur
800 1178 833 1239 et
856 1174 934 1258 quid
957 1174 998 1239 ab
1022 1196 1060 1241 eo
1085 1176 1334 1259 exspectandum
1358 1176 1410 1258 sit,
1436 1175 1535 1242 choro
1560 1177 1612 1240 ad-

374 1282 518 1346 hortanti
542 1279 585 1367 (v.
605 1280 685 1368 322)

282 1386 285 1391 “
535 1389 668 1473 θάρσει·
692 1387 841 1471 πέφυκεν
866 1386 1003 1471 ἐσθλός,
1027 1388 1110 1453 ὥστ’
1132 1388 1247 1474 ἀρκεῖν
1270 1392 1383 1473 φίλοις

339 1500 357 1556 8
375 1494 505 1561 Electra
527 1495 699 1579 respondet

534 1600 683 1685 πέπονθ’,
706 1601 781 1668 tarel
799 1601 862 1667 rito
885 1604 925 1667 οὐ
948 1604 1080 1687 μακρὰν
1102 1599 1184 1682 ἔζων
1206 1602 1272 1687 ἐγώ

374 1710 405 1773 h,
428 1732 453 1775 e.
483 1709 623 1795 confid03
649 1731 724 1774 uam
754 1708 818 1774 uisi
846 1710 1038 1776 confiderem
1067 1732 1134 1773 non
1160 1711 1300 1775 viverem
1329 1710 1392 1775 diu
1428 1710 1497 1776 Eos
1523 1712 1610 1776 enim
1624 1734 1651 1775 ro

373 1817 451 1881 licet
474 1818 623 1882 omittere
647 1818 703 1901 qui
724 1816 804 1881 haee
822 1839 887 1882 uon
907 1817 1074 1881 defuturo
1093 1818 1147 1882 sed
1168 1816 1206 1880 de
1224 1818 1398 1901 praeterito
1417 1817 1611 1902 accipientes

374 1924 421 1989 ita
447 1924 638 1989 sententiam
665 1923 804 1987 reddunt
832 1925 923 2007 quasi
948 1924 1068 1989 diceret
1091 1924 1248 2007 ‘alioquin
1270 1946 1337 1990 non
1359 1926 1512 2002 vixissem
1534 1925 1611 1990 diu’.

372 2028 420 2094 Id¹
438 2030 525 2115 quod
553 2033 619 2094 tam
643 2030 789 2095 oratione
816 2031 888 2115 ipsa
914 2031 1107 2115 reprobatur
1130 2053 1226 2115 quarn
1250 2032 1408 2097 sermonis
1431 2032 1541 2096 itineri
1563 2054 1611 2095 re-

373 2141 506 2221 pugnat.
549 2135 612 2201 Sed
634 2136 816 2203 Meinekius
839 2137 922 2202 falso
947 2138 1045 2202 scribi
1061 2136 1143 2220 Ιἐγώ,
1167 2139 1290 2222 requiri
1312 2140 1353 2203 οὐ
1376 2140 1507 2222 μακρὰν
1528 2135 1612 2218 ἔζων

373 2240 432 2328 ἔτι,
455 2244 518 2309 sibi
540 2245 709 2329 persuasit,
733 2244 941 2328 disputatque
964 2246 1010 2308 ita
1033 2240 1145 2330 (verba
1168 2245 1254 2309 euim
1273 2244 1341 2310 eius
1361 2245 1521 2310 afferenda
1539 2246 1611 2330 ipsa

375 2348 477 2438 runt):
502 2350 658 2417 ‘desidero
683 2350 823 2435 aliquid’
843 2352 951 2435 inquit
974 2351 1027 2415 ‘ad
1048 2352 1203 2417 orationis
1221 2353 1448 2437 integritatem.
1487 2351 1611 2437 Sopho-

374 2459 438 2523 cles
462 2458 530 2521 sine
554 2457 652 2523 dubio
678 2460 849 2542 scripserat
872 2458 913 2523 οὐ
937 2459 1068 2543 μακρὰν
1089 2454 1172 2537 ἔζων
1194 2455 1251 2524 ἔτι.
1292 2457 1344 2525 Ita
1362 2481 1472 2525 omnes
1490 2461 1526 2524 in
1544 2480 1611 2523 om-

372 2566 470 2631 nibus
496 2565 617 2651 linguis
644 2564 830 2649 loquuntur.
871 2583 932 2632 ΕΤΙ
956 2569 988 2629 et
1010 2582 1085 2632 ΕΓΩ
1112 2564 1265 2631 facillime
1292 2589 1392 2631 unum
1420 2588 1480 2651 pro
1508 2565 1610 2630 altero

373 2674 557 2755 ponuntur.’
601 2670 689 2738 Haeo
716 2672 785 2757 ille,
813 2674 1071 2757 scripturamque
1099 2672 1139 2737 ab
1168 2695 1206 2738 eo
1234 2673 1434 2759 propositam
1459 2672 1612 2756 probavit

372 2778 556 2864 Nauekius,
590 2801 783 2866 quamquam
817 2800 886 2844 eam
918 2779 1135 2864 recipiendam
1166 2802 1232 2844 uon
1265 2780 1366 2845 duxit.
1408 2778 1471 2856 Qui
1503 2780 1611 2845 dedita
1623 2806 1651 2845 ao

374 2908 470 2971 opera
493 2887 653 2952 refelleret
674 2887 824 2953 novimus
847 2888 1011 2952 nemiuem
1030 2892 1062 2951 et
1081 2888 1121 2952 ab
1140 2888 1180 2952 iis
1194 2889 1256 2971 qui
1275 2889 1460 2954 criticorum
1478 2889 1611 2952 inventa

373 2993 532 3079 eolligunt
559 2995 783 3059 circumfertur
810 2999 847 3058 ut
877 3017 959 3079 quae
986 3016 1064 3060 vera
1091 3017 1159 3059 esse
1186 2997 1299 3079 possit,
1344 2995 1394 3060 De
1421 3016 1486 3059 uno
1514 3016 1614 3059 versu

373 3099 520 3166 Electrae
539 3101 567 3166 si
587 3105 744 3186 ageretur,
766 3124 834 3166 nou
852 3106 936 3166 esset
956 3103 1043 3186 quod
1061 3103 1164 3166 multa
1181 3103 1399 3187 loqueremur,
1420 3123 1495 3165 nam
1513 3122 1609 3164 nemo

373 3208 544 3294 dubitabit,
567 3208 647 3293 quiu
669 3204 718 3274 ἔτι
740 3213 827 3275 recte
850 3209 947 3274 scribi
971 3211 1123 3294 potuerit,
1147 3231 1340 3293 quamquam
1364 3209 1416 3273 vel
1434 3208 1480 3272 sic
1499 3207 1609 3292 quaeri

372 3319 500 3399 poterat
527 3313 591 3399 ἐγὼ
621 3338 685 3399 quo
712 3317 782 3380 iure
805 3321 997 3400 mutaretur,
1027 3317 1114 3399 quod
1137 3318 1274 3382 fortasse
1296 3317 1414 3382 falsum
1436 3336 1502 3380 non
1525 3319 1609 3380 esset

373 3427 406 3486 et
428 3445 447 3490 a
468 3426 565 3506 poeta
588 3424 776 3507 praelatum.
819 3421 882 3487 Sed
906 3445 970 3507 qua
992 3423 1117 3488 ratione
1140 3423 1321 3489 Meinekius
1344 3447 1363 3487 a
1386 3445 1419 3487 se
1442 3424 1609 3486 inventum

373 3526 422 3594 ἔτι
444 3530 607 3594 firmatum
630 3530 691 3594 ivit
714 3552 786 3596 cum
810 3530 931 3594 diceret
954 3531 1001 3594 ita
1020 3551 1131 3594 omnes
1149 3532 1184 3594 iu
1203 3531 1351 3595 omnibus
1369 3530 1490 3615 linguis
1508 3529 1608 3612 loqui,

372 3637 405 3700 id
423 3637 473 3702 illi
492 3638 736 3720 exploratumne
749 3637 857 3721 fuerit,
876 3659 916 3701 an
932 3638 1070 3701 fortasse
1085 3641 1213 3716 temere,
1231 3641 1268 3701 ut
1281 3637 1379 3701 nimis
1394 3658 1488 3720 saepe
1504 3637 1610 3700 solent

374 3745 485 3823 critici,
499 3765 572 3808 cum
587 3744 650 3809 sibi
659 3744 757 3820 fidem
765 3743 877 3808 haberi
889 3743 1010 3827 volunt,
1025 3745 1224 3830 incognitam
1234 3766 1301 3808 rem
1310 3743 1537 3828 pronuntiarit,
1546 3741 1609 3806 hoc

372 3851 446 3915 oum
464 3872 540 3916 cura
560 3851 741 3934 quaesitum
760 3852 864 3933 possit
883 3851 1007 3934 aliquid
1026 3853 1123 3916 etiam
1141 3850 1227 3914 ultra
1244 3871 1373 3915 versum
1392 3848 1608 3933 Sophocleum
1622 3879 1650 3918 ao

373 3958 524 4022 utilitatis
538 3958 665 4022 habere.
688 3956 871 4040 Nos-pauca
881 3958 1068 4041 promimus
1092 3957 1205 4041 Itaque
1215 3956 1608 4022 videmusincontrariam

372 4069 496 4149 partem
520 4063 661 4129 iudicare
685 4064 797 4128 doctos
816 4063 965 4128 inversu
985 4062 1175 4149 Supplicem
1193 4064 1268 4129 454.
1312 4062 1392 4129 (lum
1412 4062 1496 4129 enim
1514 4062 1607 4127 Euri-

372 4172 477 4256 pides,
505 4171 532 4235 si
555 4171 652 4235 fidem
679 4170 836 4235 librorum
861 4171 1039 4254 sequimur,
1066 4169 1190 4236 Thesea
1212 4171 1258 4234 ita
1281 4171 1497 4254 disputantem
1520 4171 1608 4253 facit,

421 4277 489 4342 450
535 4285 679 4343 κνᾶσθαι
703 4273 740 4342 el
763 4282 913 4342 πλοῦτον
935 4277 990 4341 καὶ
1014 4280 1091 4358 βίον
1113 4280 1148 4342 τί
1168 4280 1220 4342 δεῖ
1242 4277 1393 4361 τέκνοις,·

504 4423 506 4428 -
534 4385 579 4462 ὡς
602 4393 647 4472 τῷ
666 4385 820 4472 τυράννῳ
842 4381 968 4448 πλείον’
997 4383 1145 4469 ἐκμοχθῇ
1168 4387 1259 4469 βίον,
1279 4446 1282 4452 .

415 4514 418 4520 ’
533 4490 554 4576 ἢ
577 4491 802 4580 παρθενεύειν
822 4491 944 4568 παῖδας
967 4489 1004 4555 ἐν
1028 4491 1143 4571 δόμοις
1164 4496 1286 4575 καλῶς,

381 4629 384 4639 ¹
472 4639 478 4676 ·.
534 4595 679 4689 mm
710 4619 878 4679 r
899 4595 1038 4684 ἡδονάς,
1062 4596 1144 4661 ὅταν
1166 4597 1264 4682 θέλῃ,

527 4738 545 4807 Ι]
684 4769 685 4776 ,
989 4705 1040 4790 μὴ
1064 4701 1159 4792 ζῴην
1182 4701 1255 4787 ἔτι,
