<?xml version="1.0" encoding="UTF-8"?>
<!DOCTYPE html PUBLIC "-//W3C//DTD XHTML 1.0 Transitional//EN"
    "http://www.w3.org/TR/xhtml1/DTD/xhtml1-transitional.dtd">
<html xmlns="http://www.w3.org/1999/xhtml" xml:lang="en" lang="en">
 <head>
  <title>
</title>
<meta http-equiv="Content-Type" content="text/html;charset=utf-8" />
  <meta name='ocr-system' content='tesseract 3.04.00' />
  <meta name='ocr-capabilities' content='ocr_page ocr_carea ocr_par ocr_line ocrx_word'/>
</head>
<body>
  <div class='ocr_page' id='page_1' title='image "./iohannisvahleni00vahlgoog/iohannisvahleni00vahlgoog_0501.png"; bbox 0 0 3967 5725; ppageno 0'>
   <div class='ocr_carea' id='block_1_1' title="bbox 461 602 1626 708">
    <p class='ocr_par' dir='ltr' id='par_1_1' title="bbox 461 602 1626 708">
     <span class='ocr_line' id='line_1_1' title="bbox 461 602 1626 708; baseline 0.007 -19"><span class='ocrx_word' id='word_1_1' title='bbox 461 602 743 691; x_wconf 74' lang='lat' dir='ltr'>muorruouns</span> <span class='ocrx_word' id='word_1_2' title='bbox 762 639 1023 691; x_wconf 75' lang='lat' dir='ltr'>emrmlnoan</span> <span class='ocrx_word' id='word_1_3' title='bbox 1040 641 1080 691; x_wconf 84' lang='lat' dir='ltr'>ru</span> <span class='ocrx_word' id='word_1_4' title='bbox 1099 640 1300 693; x_wconf 74' lang='lat' dir='ltr'>soenooms</span> <span class='ocrx_word' id='word_1_5' title='bbox 1318 643 1522 696; x_wconf 70' lang='lat' dir='ltr'>nuncnunc.</span> <span class='ocrx_word' id='word_1_6' title='bbox 1560 642 1626 708; x_wconf 81' lang='lat'>509</span> 
     </span>
    </p>
   </div>
   <div class='ocr_carea' id='block_1_2' title="bbox 338 797 1667 4773">
    <p class='ocr_par' dir='ltr' id='par_1_2' title="bbox 393 797 1627 1085">
     <span class='ocr_line' id='line_1_2' title="bbox 484 797 1627 888; baseline 0.006 -23"><span class='ocrx_word' id='word_1_7' title='bbox 484 797 547 865; x_wconf 82' lang='lat' dir='ltr'>Sed</span> <span class='ocrx_word' id='word_1_8' title='bbox 575 799 614 865; x_wconf 91' lang='lat' dir='ltr'>de</span> <span class='ocrx_word' id='word_1_9' title='bbox 640 801 791 888; x_wconf 90' lang='lat' dir='ltr'>genetivo</span> <span class='ocrx_word' id='word_1_10' title='bbox 816 798 936 866; x_wconf 82' lang='lat' dir='ltr'>Graeco</span> <span class='ocrx_word' id='word_1_11' title='bbox 960 803 1100 886; x_wconf 91' lang='lat' dir='ltr'>amplius</span> <span class='ocrx_word' id='word_1_12' title='bbox 1123 801 1299 867; x_wconf 87' lang='lat' dir='ltr'>disserendi</span> <span class='ocrx_word' id='word_1_13' title='bbox 1321 803 1546 871; x_wconf 88' lang='lat' dir='ltr'>necessitatem</span> <span class='ocrx_word' id='word_1_14' title='bbox 1569 807 1627 872; x_wconf 92' lang='lat' dir='ltr'>im·</span> 
     </span>
     <span class='ocr_line' id='line_1_3' title="bbox 393 906 1626 1000; baseline 0.006 -29"><span class='ocrx_word' id='word_1_15' title='bbox 393 907 488 992; x_wconf 92' lang='lat' dir='ltr'>ponit</span> <span class='ocrx_word' id='word_1_16' title='bbox 514 928 626 972; x_wconf 90' lang='lat' dir='ltr'>versus</span> <span class='ocrx_word' id='word_1_17' title='bbox 655 906 737 971; x_wconf 85' lang='lat' dir='ltr'>alter</span> <span class='ocrx_word' id='word_1_18' title='bbox 764 907 924 993; x_wconf 77' lang='lat' dir='ltr'><strong>Electrae,</strong></span> <span class='ocrx_word' id='word_1_19' title='bbox 952 907 1009 992; x_wconf 88' lang='lat' dir='ltr'>qui</span> <span class='ocrx_word' id='word_1_20' title='bbox 1036 907 1098 974; x_wconf 91' lang='lat' dir='ltr'>hac</span> <span class='ocrx_word' id='word_1_21' title='bbox 1124 913 1215 993; x_wconf 84' lang='lat' dir='ltr'>parte</span> <span class='ocrx_word' id='word_1_22' title='bbox 1242 909 1378 974; x_wconf 86' lang='lat' dir='ltr'>laborat.</span> <span class='ocrx_word' id='word_1_23' title='bbox 1415 910 1626 1000; x_wconf 85' lang='lat' dir='ltr'>Paedagogus</span> 
     </span>
     <span class='ocr_line' id='line_1_4' title="bbox 394 1011 1625 1085; baseline 0.006 -7"><span class='ocrx_word' id='word_1_24' title='bbox 394 1016 480 1079; x_wconf 88' lang='lat' dir='ltr'>enim</span> <span class='ocrx_word' id='word_1_25' title='bbox 498 1017 628 1078; x_wconf 89' lang='lat' dir='ltr'>narrato</span> <span class='ocrx_word' id='word_1_26' title='bbox 648 1011 770 1078; x_wconf 87' lang='lat' dir='ltr'>Orestis</span> <span class='ocrx_word' id='word_1_27' title='bbox 788 1014 922 1080; x_wconf 89' lang='lat' dir='ltr'>interitu</span> <span class='ocrx_word' id='word_1_28' title='bbox 940 1013 1019 1080; x_wconf 88' lang='lat' dir='ltr'>haec</span> <span class='ocrx_word' id='word_1_29' title='bbox 1039 1015 1078 1081; x_wconf 92' lang='lat' dir='ltr'>de</span> <span class='ocrx_word' id='word_1_30' title='bbox 1096 1015 1208 1080; x_wconf 86' lang='lat' dir='ltr'>funere</span> <span class='ocrx_word' id='word_1_31' title='bbox 1227 1018 1348 1082; x_wconf 80' lang='lat' dir='ltr'>mortui</span> <span class='ocrx_word' id='word_1_32' title='bbox 1366 1018 1496 1083; x_wconf 86' lang='lat' dir='ltr'>nuntiat</span> <span class='ocrx_word' id='word_1_33' title='bbox 1513 1038 1545 1084; x_wconf 91' lang='lat' dir='ltr'>v.</span> <span class='ocrx_word' id='word_1_34' title='bbox 1562 1019 1625 1085; x_wconf 77' lang='grc'>757</span> 
     </span>
    </p>

    <p class='ocr_par' dir='ltr' id='par_1_3' title="bbox 607 1120 1383 1421">
     <span class='ocr_line' id='line_1_5' title="bbox 607 1120 1337 1209; baseline 0.005 -24"><span class='ocrx_word' id='word_1_35' title='bbox 607 1123 664 1187; x_wconf 82' lang='grc' dir='ltr'><strong><em>καί</em></strong></span> <span class='ocrx_word' id='word_1_36' title='bbox 684 1145 741 1186; x_wconf 92' lang='grc' dir='ltr'>νιν</span> <span class='ocrx_word' id='word_1_37' title='bbox 762 1129 853 1209; x_wconf 77' lang='grc' dir='ltr'><strong><em>πυρᾷ</em></strong></span> <span class='ocrx_word' id='word_1_38' title='bbox 874 1120 1008 1200; x_wconf 81' lang='grc' dir='ltr'><strong><em>κέαντες</em></strong></span> <span class='ocrx_word' id='word_1_39' title='bbox 1031 1121 1136 1200; x_wconf 75' lang='grc' dir='ltr'><strong><em>εὐθὺς</em></strong></span> <span class='ocrx_word' id='word_1_40' title='bbox 1159 1121 1196 1187; x_wconf 79' lang='grc' dir='ltr'>ἐν</span> <span class='ocrx_word' id='word_1_41' title='bbox 1218 1125 1337 1208; x_wconf 83' lang='grc' dir='ltr'><strong><em>βραχεῖ</em></strong></span> 
     </span>
     <span class='ocr_line' id='line_1_6' title="bbox 607 1227 1383 1316; baseline 0.005 -24"><span class='ocrx_word' id='word_1_42' title='bbox 607 1231 716 1316; x_wconf 80' lang='grc' dir='ltr'><strong><em>χαλκῷ</em></strong></span> <span class='ocrx_word' id='word_1_43' title='bbox 735 1227 892 1312; x_wconf 76' lang='grc' dir='ltr'><strong><em>μέγιστον</em></strong></span> <span class='ocrx_word' id='word_1_44' title='bbox 915 1241 1009 1314; x_wconf 85' lang='grc' dir='ltr'><strong><em>σῶμα</em></strong></span> <span class='ocrx_word' id='word_1_45' title='bbox 1032 1230 1210 1307; x_wconf 78' lang='grc' dir='ltr'><strong><em>δειλαίας</em></strong></span> <span class='ocrx_word' id='word_1_46' title='bbox 1233 1231 1383 1298; x_wconf 90' lang='grc' dir='ltr'><strong><em>σποδοῦ</em></strong></span> 
     </span>
     <span class='ocr_line' id='line_1_7' title="bbox 608 1333 1313 1421; baseline 0.004 -21"><span class='ocrx_word' id='word_1_47' title='bbox 608 1333 773 1418; x_wconf 82' lang='grc' dir='ltr'><strong><em>φέρουσιν</em></strong></span> <span class='ocrx_word' id='word_1_48' title='bbox 795 1335 916 1419; x_wconf 80' lang='grc' dir='ltr'><strong><em>ἄνδρες</em></strong></span> <span class='ocrx_word' id='word_1_49' title='bbox 941 1335 1087 1402; x_wconf 81' lang='grc' dir='ltr'><em>Φωκέων</em></span> <span class='ocrx_word' id='word_1_50' title='bbox 1109 1336 1313 1421; x_wconf 81' lang='grc' dir='ltr'><strong><em>τεταγμένοι,</em></strong></span> 
     </span>
    </p>

    <p class='ocr_par' dir='ltr' id='par_1_4' title="bbox 497 1441 1330 1530">
     <span class='ocr_line' id='line_1_8' title="bbox 497 1441 1330 1530; baseline 0.006 -25"><span class='ocrx_word' id='word_1_51' title='bbox 497 1441 562 1506; x_wconf 75' lang='grc'>760</span> <span class='ocrx_word' id='word_1_52' title='bbox 607 1443 697 1518; x_wconf 78' lang='grc' dir='ltr'><strong><em>ὅπως</em></strong></span> <span class='ocrx_word' id='word_1_53' title='bbox 719 1442 870 1530; x_wconf 78' lang='grc' dir='ltr'><strong><em>πατρῴας</em></strong></span> <span class='ocrx_word' id='word_1_54' title='bbox 892 1443 1021 1528; x_wconf 84' lang='grc' dir='ltr'><strong><em>τύμβον</em></strong></span> <span class='ocrx_word' id='word_1_55' title='bbox 1044 1441 1176 1528; x_wconf 78' lang='grc' dir='ltr'><strong><em>ἑαλοίχοι</em></strong></span> <span class='ocrx_word' id='word_1_56' title='bbox 1199 1448 1330 1529; x_wconf 79' lang='grc' dir='ltr'><strong><em>χθονός.</em></strong></span> 
     </span>
    </p>

    <p class='ocr_par' dir='ltr' id='par_1_5' title="bbox 338 1548 1667 4773">
     <span class='ocr_line' id='line_1_9' title="bbox 391 1548 1626 1638; baseline 0.004 -24"><span class='ocrx_word' id='word_1_57' title='bbox 391 1548 433 1614; x_wconf 91' lang='lat' dir='ltr'>In</span> <span class='ocrx_word' id='word_1_58' title='bbox 459 1549 576 1634; x_wconf 91' lang='lat' dir='ltr'>quibus</span> <span class='ocrx_word' id='word_1_59' title='bbox 604 1549 749 1620; x_wconf 90' lang='lat' dir='ltr'>versibus</span> <span class='ocrx_word' id='word_1_60' title='bbox 772 1548 941 1614; x_wconf 85' lang='lat' dir='ltr'>Kaibelius</span> <span class='ocrx_word' id='word_1_61' title='bbox 965 1548 1097 1635; x_wconf 78' lang='grc' dir='ltr'><strong><em>ἐκλίχοι</em></strong></span> <span class='ocrx_word' id='word_1_62' title='bbox 1120 1552 1253 1616; x_wconf 75' lang='lat' dir='ltr'>retinuit</span> <span class='ocrx_word' id='word_1_63' title='bbox 1281 1553 1322 1617; x_wconf 90' lang='lat' dir='ltr'>ad</span> <span class='ocrx_word' id='word_1_64' title='bbox 1345 1575 1462 1638; x_wconf 87' lang='lat' dir='ltr'>easque</span> <span class='ocrx_word' id='word_1_65' title='bbox 1485 1555 1626 1621; x_wconf 87' lang='lat' dir='ltr'>rationes</span> 
     </span>
     <span class='ocr_line' id='line_1_10' title="bbox 393 1655 1627 1749; baseline 0.005 -28"><span class='ocrx_word' id='word_1_66' title='bbox 393 1655 549 1739; x_wconf 76' lang='lat' dir='ltr'>explicuit</span> <span class='ocrx_word' id='word_1_67' title='bbox 581 1677 660 1740; x_wconf 87' lang='lat' dir='ltr'>quas</span> <span class='ocrx_word' id='word_1_68' title='bbox 692 1655 727 1719; x_wconf 90' lang='lat' dir='ltr'>in</span> <span class='ocrx_word' id='word_1_69' title='bbox 758 1657 925 1741; x_wconf 85' lang='lat' dir='ltr'>prooemio</span> <span class='ocrx_word' id='word_1_70' title='bbox 955 1661 1032 1722; x_wconf 90' lang='lat' dir='ltr'>aest.</span> <span class='ocrx_word' id='word_1_71' title='bbox 1057 1681 1084 1721; x_wconf 90' lang='lat' dir='ltr'>a.</span> <span class='ocrx_word' id='word_1_72' title='bbox 1111 1658 1194 1723; x_wconf 75' lang='lat'>1887</span> <span class='ocrx_word' id='word_1_73' title='bbox 1220 1658 1268 1746; x_wconf 85' lang='lat' dir='ltr'>(P.</span> <span class='ocrx_word' id='word_1_74' title='bbox 1288 1677 1301 1723; x_wconf 95' lang='lat'><em>1</em></span> <span class='ocrx_word' id='word_1_75' title='bbox 1323 1684 1354 1745; x_wconf 93' lang='lat' dir='ltr'>p.</span> <span class='ocrx_word' id='word_1_76' title='bbox 1374 1660 1439 1726; x_wconf 71' lang='lat'>375</span> <span class='ocrx_word' id='word_1_77' title='bbox 1459 1659 1514 1749; x_wconf 90' lang='lat' dir='ltr'>ss.)</span> <span class='ocrx_word' id='word_1_78' title='bbox 1540 1683 1627 1727; x_wconf 89' lang='lat' dir='ltr'>exse-</span> 
     </span>
     <span class='ocr_line' id='line_1_11' title="bbox 392 1761 1667 1850; baseline 0.004 -23"><span class='ocrx_word' id='word_1_79' title='bbox 392 1765 460 1828; x_wconf 88' lang='lat' dir='ltr'>cuti</span> <span class='ocrx_word' id='word_1_80' title='bbox 479 1784 597 1828; x_wconf 90' lang='lat' dir='ltr'>sumus.</span> <span class='ocrx_word' id='word_1_81' title='bbox 632 1761 685 1827; x_wconf 92' lang='lat' dir='ltr'>De</span> <span class='ocrx_word' id='word_1_82' title='bbox 702 1764 852 1850; x_wconf 89' lang='lat' dir='ltr'>genetivo</span> <span class='ocrx_word' id='word_1_83' title='bbox 866 1768 975 1829; x_wconf 87' lang='lat' dir='ltr'>autem</span> <span class='ocrx_word' id='word_1_84' title='bbox 989 1785 1086 1848; x_wconf 92' lang='lat' dir='ltr'>quem</span> <span class='ocrx_word' id='word_1_85' title='bbox 1099 1764 1177 1830; x_wconf 89' lang='lat' dir='ltr'>libri</span> <span class='ocrx_word' id='word_1_86' title='bbox 1190 1766 1323 1831; x_wconf 89' lang='lat' dir='ltr'>tradunt</span> <span class='ocrx_word' id='word_1_87' title='bbox 1338 1769 1484 1845; x_wconf 78' lang='grc' dir='ltr'><strong><em>δειλαίας</em></strong></span> <span class='ocrx_word' id='word_1_88' title='bbox 1498 1770 1626 1834; x_wconf 79' lang='grc' dir='ltr'><strong><em>σποδοῦ</em></strong></span> <span class='ocrx_word' id='word_1_89' title='bbox 1642 1790 1667 1833; x_wconf 80' lang='lat' dir='ltr'>ro</span> 
     </span>
     <span class='ocr_line' id='line_1_12' title="bbox 393 1868 1627 1956; baseline 0.006 -22"><span class='ocrx_word' id='word_1_90' title='bbox 393 1869 429 1934; x_wconf 88' lang='lat' dir='ltr'>in</span> <span class='ocrx_word' id='word_1_91' title='bbox 451 1869 583 1935; x_wconf 92' lang='lat' dir='ltr'>scholiis</span> <span class='ocrx_word' id='word_1_92' title='bbox 606 1870 778 1934; x_wconf 90' lang='lat' dir='ltr'>adnotatur</span> <span class='ocrx_word' id='word_1_93' title='bbox 801 1868 875 1935; x_wconf 82' lang='grc' dir='ltr'><strong><em>ἀντὶ</em></strong></span> <span class='ocrx_word' id='word_1_94' title='bbox 899 1872 1092 1955; x_wconf 79' lang='grc' dir='ltr'><strong><em>αἰτιατικῆς,</em></strong></span> <span class='ocrx_word' id='word_1_95' title='bbox 1115 1873 1233 1956; x_wconf 90' lang='lat' dir='ltr'>quibus</span> <span class='ocrx_word' id='word_1_96' title='bbox 1252 1874 1375 1938; x_wconf 86' lang='lat' dir='ltr'>addidit</span> <span class='ocrx_word' id='word_1_97' title='bbox 1394 1896 1508 1940; x_wconf 86' lang='lat' dir='ltr'>manus</span> <span class='ocrx_word' id='word_1_98' title='bbox 1527 1875 1627 1941; x_wconf 86' lang='lat' dir='ltr'>altera</span> 
     </span>
     <span class='ocr_line' id='line_1_13' title="bbox 393 1976 1626 2066; baseline 0.005 -25"><span class='ocrx_word' id='word_1_99' title='bbox 393 1977 600 2053; x_wconf 83' lang='grc' dir='ltr'><strong><em>ἆντίπτωσις.</em></strong></span> <span class='ocrx_word' id='word_1_100' title='bbox 637 1976 782 2060; x_wconf 83' lang='lat' dir='ltr'>Eamque</span> <span class='ocrx_word' id='word_1_101' title='bbox 805 1978 891 2042; x_wconf 91' lang='lat' dir='ltr'>viam</span> <span class='ocrx_word' id='word_1_102' title='bbox 913 1977 1075 2062; x_wconf 82' lang='lat' dir='ltr'>duplicem</span> <span class='ocrx_word' id='word_1_103' title='bbox 1099 2000 1196 2062; x_wconf 89' lang='lat' dir='ltr'>quam</span> <span class='ocrx_word' id='word_1_104' title='bbox 1219 1979 1408 2064; x_wconf 87' lang='lat' dir='ltr'>explicando</span> <span class='ocrx_word' id='word_1_105' title='bbox 1435 1982 1626 2066; x_wconf 72' lang='lat' dir='ltr'>interpretes</span> 
     </span>
     <span class='ocr_line' id='line_1_14' title="bbox 393 2082 1624 2169; baseline 0.004 -20"><span class='ocrx_word' id='word_1_106' title='bbox 393 2082 504 2149; x_wconf 80' lang='lat' dir='ltr'>Graeci</span> <span class='ocrx_word' id='word_1_107' title='bbox 527 2083 672 2150; x_wconf 89' lang='lat' dir='ltr'>indicant</span> <span class='ocrx_word' id='word_1_108' title='bbox 696 2083 799 2148; x_wconf 87' lang='lat' dir='ltr'>critici</span> <span class='ocrx_word' id='word_1_109' title='bbox 821 2085 925 2148; x_wconf 87' lang='lat' dir='ltr'>nostri</span> <span class='ocrx_word' id='word_1_110' title='bbox 947 2083 1145 2149; x_wconf 90' lang='lat' dir='ltr'>emendando</span> <span class='ocrx_word' id='word_1_111' title='bbox 1168 2088 1332 2169; x_wconf 80' lang='lat' dir='ltr'>persecuti</span> <span class='ocrx_word' id='word_1_112' title='bbox 1355 2091 1439 2152; x_wconf 87' lang='lat' dir='ltr'>sunt.</span> <span class='ocrx_word' id='word_1_113' title='bbox 1480 2087 1624 2164; x_wconf 86' lang='lat' dir='ltr'>Quorum</span> 
     </span>
     <span class='ocr_line' id='line_1_15' title="bbox 391 2190 1626 2277; baseline 0.003 -22"><span class='ocrx_word' id='word_1_114' title='bbox 391 2190 448 2256; x_wconf 90' lang='lat' dir='ltr'>alii</span> <span class='ocrx_word' id='word_1_115' title='bbox 479 2192 592 2276; x_wconf 89' lang='lat' dir='ltr'>reponi</span> <span class='ocrx_word' id='word_1_116' title='bbox 624 2191 737 2256; x_wconf 91' lang='lat' dir='ltr'>iubent</span> <span class='ocrx_word' id='word_1_117' title='bbox 774 2212 869 2274; x_wconf 87' lang='lat' dir='ltr'>quom</span> <span class='ocrx_word' id='word_1_118' title='bbox 902 2190 1076 2255; x_wconf 77' lang='lat' dir='ltr'>scholiasta</span> <span class='ocrx_word' id='word_1_119' title='bbox 1107 2192 1295 2275; x_wconf 86' lang='lat' dir='ltr'>postulabat</span> <span class='ocrx_word' id='word_1_120' title='bbox 1324 2193 1556 2277; x_wconf 79' lang='lat' dir='ltr'>accusativum,</span> <span class='ocrx_word' id='word_1_121' title='bbox 1588 2198 1626 2259; x_wconf 88' lang='lat' dir='ltr'>ut</span> 
     </span>
     <span class='ocr_line' id='line_1_16' title="bbox 391 2296 1625 2386; baseline 0.005 -25"><span class='ocrx_word' id='word_1_122' title='bbox 391 2297 472 2364; x_wconf 89' lang='lat' dir='ltr'>haec</span> <span class='ocrx_word' id='word_1_123' title='bbox 495 2298 538 2362; x_wconf 91' lang='lat' dir='ltr'>sit</span> <span class='ocrx_word' id='word_1_124' title='bbox 560 2298 664 2363; x_wconf 89' lang='lat' dir='ltr'>oratio</span> <span class='ocrx_word' id='word_1_125' title='bbox 688 2296 726 2364; x_wconf 83' lang='grc' dir='ltr'>ἐν</span> <span class='ocrx_word' id='word_1_126' title='bbox 748 2301 867 2382; x_wconf 79' lang='grc' dir='ltr'><strong><em>βραχεῖ</em></strong></span> <span class='ocrx_word' id='word_1_127' title='bbox 886 2302 996 2386; x_wconf 78' lang='grc' dir='ltr'><strong><em>χαλκῷ</em></strong></span> <span class='ocrx_word' id='word_1_128' title='bbox 1012 2297 1170 2382; x_wconf 80' lang='grc' dir='ltr'><strong><em>μέγιστον</em></strong></span> <span class='ocrx_word' id='word_1_129' title='bbox 1188 2309 1292 2382; x_wconf 83' lang='grc' dir='ltr'><strong><em>σῶμα,</em></strong></span> <span class='ocrx_word' id='word_1_130' title='bbox 1316 2301 1469 2365; x_wconf 76' lang='grc' dir='ltr'><strong><em>δειλαίαν</em></strong></span> <span class='ocrx_word' id='word_1_131' title='bbox 1487 2301 1625 2383; x_wconf 83' lang='grc' dir='ltr'><strong><em>σποδόν,</em></strong></span> 
     </span>
     <span class='ocr_line' id='line_1_17' title="bbox 391 2405 1624 2492; baseline 0.001 -21"><span class='ocrx_word' id='word_1_132' title='bbox 391 2405 568 2490; x_wconf 81' lang='grc' dir='ltr'><strong><em>φέρουσιν,</em></strong></span> <span class='ocrx_word' id='word_1_133' title='bbox 600 2406 656 2471; x_wconf 89' lang='lat' dir='ltr'>alii</span> <span class='ocrx_word' id='word_1_134' title='bbox 689 2405 887 2471; x_wconf 82' lang='grc' dir='ltr'><strong><em>ἄνιιπτώσει</em></strong></span> <span class='ocrx_word' id='word_1_135' title='bbox 920 2405 1077 2470; x_wconf 81' lang='lat' dir='ltr'>admoniti</span> <span class='ocrx_word' id='word_1_136' title='bbox 1110 2427 1201 2470; x_wconf 86' lang='lat' dir='ltr'>casus</span> <span class='ocrx_word' id='word_1_137' title='bbox 1230 2407 1314 2472; x_wconf 87' lang='lat' dir='ltr'>inter</span> <span class='ocrx_word' id='word_1_138' title='bbox 1343 2428 1377 2471; x_wconf 89' lang='lat' dir='ltr'>se</span> <span class='ocrx_word' id='word_1_139' title='bbox 1405 2411 1624 2492; x_wconf 83' lang='lat' dir='ltr'>permutantes</span> 
     </span>
     <span class='ocr_line' id='line_1_18' title="bbox 390 2509 1626 2600; baseline 0.001 -23"><span class='ocrx_word' id='word_1_140' title='bbox 390 2516 549 2597; x_wconf 79' lang='grc' dir='ltr'><strong><em>μεγίστου</em></strong></span> <span class='ocrx_word' id='word_1_141' title='bbox 576 2514 727 2598; x_wconf 84' lang='grc' dir='ltr'><strong><em>σώματος</em></strong></span> <span class='ocrx_word' id='word_1_142' title='bbox 754 2513 870 2596; x_wconf 80' lang='grc' dir='ltr'><strong><em>δειλὴν</em></strong></span> <span class='ocrx_word' id='word_1_143' title='bbox 893 2509 1023 2600; x_wconf 81' lang='grc' dir='ltr'><strong><em>(βαιὰν)</em></strong></span> <span class='ocrx_word' id='word_1_144' title='bbox 1047 2513 1176 2578; x_wconf 88' lang='grc' dir='ltr'><strong><em>σποδὸν</em></strong></span> <span class='ocrx_word' id='word_1_145' title='bbox 1199 2537 1234 2597; x_wconf 83' lang='grc' dir='ltr'>φ.</span> <span class='ocrx_word' id='word_1_146' title='bbox 1257 2517 1372 2599; x_wconf 89' lang='lat' dir='ltr'>poetae</span> <span class='ocrx_word' id='word_1_147' title='bbox 1403 2514 1532 2580; x_wconf 87' lang='lat' dir='ltr'>restitui</span> <span class='ocrx_word' id='word_1_148' title='bbox 1556 2536 1626 2580; x_wconf 87' lang='lat' dir='ltr'>sua·</span> 
     </span>
     <span class='ocr_line' id='line_1_19' title="bbox 390 2618 1627 2707; baseline 0.002 -23"><span class='ocrx_word' id='word_1_149' title='bbox 390 2624 511 2684; x_wconf 89' lang='lat' dir='ltr'>serunt.</span> <span class='ocrx_word' id='word_1_150' title='bbox 549 2619 689 2697; x_wconf 86' lang='lat' dir='ltr'>Quarum</span> <span class='ocrx_word' id='word_1_151' title='bbox 716 2618 796 2684; x_wconf 90' lang='lat' dir='ltr'>haec</span> <span class='ocrx_word' id='word_1_152' title='bbox 823 2621 983 2703; x_wconf 88' lang='lat' dir='ltr'>scriptura</span> <span class='ocrx_word' id='word_1_153' title='bbox 1010 2619 1156 2684; x_wconf 85' lang='lat' dir='ltr'>mutandi</span> <span class='ocrx_word' id='word_1_154' title='bbox 1179 2620 1314 2685; x_wconf 87' lang='lat' dir='ltr'>audacia</span> <span class='ocrx_word' id='word_1_155' title='bbox 1335 2622 1542 2707; x_wconf 86' lang='lat' dir='ltr'>reprobatur,</span> <span class='ocrx_word' id='word_1_156' title='bbox 1570 2623 1627 2687; x_wconf 90' lang='lat' dir='ltr'>illa</span> 
     </span>
     <span class='ocr_line' id='line_1_20' title="bbox 390 2725 1626 2812; baseline 0.003 -21"><span class='ocrx_word' id='word_1_157' title='bbox 390 2728 489 2792; x_wconf 88' lang='lat' dir='ltr'>habet</span> <span class='ocrx_word' id='word_1_158' title='bbox 517 2749 581 2811; x_wconf 93' lang='lat' dir='ltr'>quo</span> <span class='ocrx_word' id='word_1_159' title='bbox 610 2749 644 2793; x_wconf 92' lang='lat' dir='ltr'>se</span> <span class='ocrx_word' id='word_1_160' title='bbox 670 2731 809 2812; x_wconf 79' lang='lat' dir='ltr'>tueatur,</span> <span class='ocrx_word' id='word_1_161' title='bbox 836 2749 972 2812; x_wconf 87' lang='lat' dir='ltr'>eamque</span> <span class='ocrx_word' id='word_1_162' title='bbox 996 2749 1069 2792; x_wconf 91' lang='lat' dir='ltr'>cum</span> <span class='ocrx_word' id='word_1_163' title='bbox 1091 2726 1152 2792; x_wconf 86' lang='lat' dir='ltr'>Ad.</span> <span class='ocrx_word' id='word_1_164' title='bbox 1171 2725 1340 2793; x_wconf 87' lang='lat' dir='ltr'>Michaelis</span> <span class='ocrx_word' id='word_1_165' title='bbox 1364 2731 1435 2794; x_wconf 89' lang='lat' dir='ltr'>tum</span> <span class='ocrx_word' id='word_1_166' title='bbox 1458 2728 1626 2796; x_wconf 85' lang='lat' dir='ltr'>Kaibelius</span> 
     </span>
     <span class='ocr_line' id='line_1_21' title="bbox 391 2821 1667 2920; baseline 0.002 -22"><span class='ocrx_word' id='word_1_167' title='bbox 391 2837 579 2920; x_wconf 87' lang='lat' dir='ltr'>receperunt</span> <span class='ocrx_word' id='word_1_168' title='bbox 596 2821 754 2919; x_wconf 83' lang='lat' dir='ltr'>Madvigii</span> <span class='ocrx_word' id='word_1_169' title='bbox 771 2833 911 2900; x_wconf 85' lang='lat' dir='ltr'>maxime</span> <span class='ocrx_word' id='word_1_170' title='bbox 929 2836 1121 2901; x_wconf 88' lang='lat' dir='ltr'>auctoritate</span> <span class='ocrx_word' id='word_1_171' title='bbox 1141 2834 1239 2920; x_wconf 84' lang='lat' dir='ltr'>ducti,</span> <span class='ocrx_word' id='word_1_172' title='bbox 1261 2834 1373 2920; x_wconf 89' lang='lat' dir='ltr'>quint</span> <span class='ocrx_word' id='word_1_173' title='bbox 1392 2837 1627 2904; x_wconf 86' lang='lat' dir='ltr'>contrariorum</span> <span class='ocrx_word' id='word_1_174' title='bbox 1641 2859 1667 2901; x_wconf 83' lang='lat' dir='ltr'>ro</span> 
     </span>
     <span class='ocr_line' id='line_1_22' title="bbox 389 2940 1627 3030; baseline 0.002 -24"><span class='ocrx_word' id='word_1_175' title='bbox 389 2942 473 3007; x_wconf 89' lang='lat' dir='ltr'>ratio</span> <span class='ocrx_word' id='word_1_176' title='bbox 497 2946 659 3007; x_wconf 89' lang='lat' dir='ltr'>constaret</span> <span class='ocrx_word' id='word_1_177' title='bbox 681 2942 715 3005; x_wconf 94' lang='lat' dir='ltr'>in</span> <span class='ocrx_word' id='word_1_178' title='bbox 738 2943 803 3007; x_wconf 88' lang='lat' dir='ltr'>illis</span> <span class='ocrx_word' id='word_1_179' title='bbox 827 2940 865 3007; x_wconf 83' lang='grc' dir='ltr'>ἐν</span> <span class='ocrx_word' id='word_1_180' title='bbox 886 2945 1004 3028; x_wconf 84' lang='grc' dir='ltr'><strong><em>βραχεῖ</em></strong></span> <span class='ocrx_word' id='word_1_181' title='bbox 1026 2947 1134 3030; x_wconf 80' lang='grc' dir='ltr'><strong><em>χαλκῷ</em></strong></span> <span class='ocrx_word' id='word_1_182' title='bbox 1153 2941 1309 3027; x_wconf 81' lang='grc' dir='ltr'><strong><em>μέγιστον</em></strong></span> <span class='ocrx_word' id='word_1_183' title='bbox 1333 2953 1436 3026; x_wconf 81' lang='grc' dir='ltr'><strong><em>σῶμα,</em></strong></span> <span class='ocrx_word' id='word_1_184' title='bbox 1460 2944 1559 3010; x_wconf 92' lang='lat' dir='ltr'>abiis</span> <span class='ocrx_word' id='word_1_185' title='bbox 1580 2967 1627 3009; x_wconf 89' lang='lat' dir='ltr'>se-</span> 
     </span>
     <span class='ocr_line' id='line_1_23' title="bbox 392 3048 1626 3135; baseline 0.002 -22"><span class='ocrx_word' id='word_1_186' title='bbox 392 3048 520 3135; x_wconf 83' lang='lat' dir='ltr'>gregari</span> <span class='ocrx_word' id='word_1_187' title='bbox 547 3052 580 3113; x_wconf 87' lang='lat' dir='ltr'>et</span> <span class='ocrx_word' id='word_1_188' title='bbox 607 3070 665 3134; x_wconf 87' lang='lat' dir='ltr'>por</span> <span class='ocrx_word' id='word_1_189' title='bbox 691 3050 927 3133; x_wconf 89' lang='lat' dir='ltr'>appositionem</span> <span class='ocrx_word' id='word_1_190' title='bbox 954 3049 1029 3114; x_wconf 91' lang='lat' dir='ltr'>addi</span> <span class='ocrx_word' id='word_1_191' title='bbox 1057 3053 1205 3133; x_wconf 88' lang='lat' dir='ltr'>oportere</span> <span class='ocrx_word' id='word_1_192' title='bbox 1233 3050 1383 3115; x_wconf 87' lang='grc' dir='ltr'><strong><em>δειλαίαν</em></strong></span> <span class='ocrx_word' id='word_1_193' title='bbox 1407 3052 1535 3116; x_wconf 88' lang='grc' dir='ltr'><strong><em>σποδὸν</em></strong></span> <span class='ocrx_word' id='word_1_194' title='bbox 1558 3074 1626 3117; x_wconf 89' lang='lat' dir='ltr'>ora-</span> 
     </span>
     <span class='ocr_line' id='line_1_24' title="bbox 391 3155 1626 3241; baseline 0.002 -22"><span class='ocrx_word' id='word_1_195' title='bbox 391 3157 480 3220; x_wconf 88' lang='lat' dir='ltr'>tione</span> <span class='ocrx_word' id='word_1_196' title='bbox 509 3160 542 3220; x_wconf 90' lang='lat' dir='ltr'>et</span> <span class='ocrx_word' id='word_1_197' title='bbox 568 3156 727 3221; x_wconf 88' lang='lat' dir='ltr'>sententia</span> <span class='ocrx_word' id='word_1_198' title='bbox 753 3159 906 3241; x_wconf 89' lang='lat' dir='ltr'>poscente</span> <span class='ocrx_word' id='word_1_199' title='bbox 930 3156 1109 3238; x_wconf 88' lang='lat' dir='ltr'>contendit,</span> <span class='ocrx_word' id='word_1_200' title='bbox 1136 3155 1234 3239; x_wconf 91' lang='lat' dir='ltr'>idque</span> <span class='ocrx_word' id='word_1_201' title='bbox 1257 3155 1323 3220; x_wconf 87' lang='lat' dir='ltr'>illis</span> <span class='ocrx_word' id='word_1_202' title='bbox 1346 3160 1383 3220; x_wconf 91' lang='lat' dir='ltr'>ut</span> <span class='ocrx_word' id='word_1_203' title='bbox 1406 3156 1534 3221; x_wconf 89' lang='lat' dir='ltr'>videtur</span> <span class='ocrx_word' id='word_1_204' title='bbox 1555 3180 1626 3241; x_wconf 86' lang='lat' dir='ltr'>per-</span> 
     </span>
     <span class='ocr_line' id='line_1_25' title="bbox 392 3260 1626 3350; baseline 0.001 -24"><span class='ocrx_word' id='word_1_205' title='bbox 392 3260 541 3350; x_wconf 84' lang='lat' dir='ltr'>suasit*).</span> <span class='ocrx_word' id='word_1_206' title='bbox 582 3260 760 3327; x_wconf 82' lang='lat' dir='ltr'>Attamen</span> <span class='ocrx_word' id='word_1_207' title='bbox 786 3266 936 3327; x_wconf 90' lang='lat' dir='ltr'>nostrum</span> <span class='ocrx_word' id='word_1_208' title='bbox 963 3263 991 3326; x_wconf 91' lang='lat' dir='ltr'>si</span> <span class='ocrx_word' id='word_1_209' title='bbox 1021 3284 1150 3327; x_wconf 89' lang='lat' dir='ltr'>sensum</span> <span class='ocrx_word' id='word_1_210' title='bbox 1179 3262 1387 3345; x_wconf 86' lang='lat' dir='ltr'>consulimus,</span> <span class='ocrx_word' id='word_1_211' title='bbox 1413 3264 1523 3327; x_wconf 87' lang='lat' dir='ltr'>nescio</span> <span class='ocrx_word' id='word_1_212' title='bbox 1547 3262 1626 3347; x_wconf 91' lang='lat' dir='ltr'>quid</span> 
     </span>
     <span class='ocr_line' id='line_1_26' title="bbox 391 3368 1625 3456; baseline 0.001 -23"><span class='ocrx_word' id='word_1_213' title='bbox 391 3370 497 3435; x_wconf 89' lang='lat' dir='ltr'>debile</span> <span class='ocrx_word' id='word_1_214' title='bbox 524 3392 561 3435; x_wconf 90' lang='lat' dir='ltr'>ac</span> <span class='ocrx_word' id='word_1_215' title='bbox 587 3369 733 3456; x_wconf 85' lang='lat' dir='ltr'>languidi</span> <span class='ocrx_word' id='word_1_216' title='bbox 759 3368 822 3433; x_wconf 91' lang='lat' dir='ltr'>hoc</span> <span class='ocrx_word' id='word_1_217' title='bbox 850 3390 952 3454; x_wconf 88' lang='lat' dir='ltr'>genus</span> <span class='ocrx_word' id='word_1_218' title='bbox 980 3368 1123 3454; x_wconf 83' lang='lat' dir='ltr'>appositi</span> <span class='ocrx_word' id='word_1_219' title='bbox 1146 3369 1252 3433; x_wconf 85' lang='lat' dir='ltr'>affert:</span> <span class='ocrx_word' id='word_1_220' title='bbox 1280 3368 1368 3453; x_wconf 92' lang='lat' dir='ltr'>quod</span> <span class='ocrx_word' id='word_1_221' title='bbox 1391 3372 1503 3435; x_wconf 88' lang='lat' dir='ltr'>contra</span> <span class='ocrx_word' id='word_1_222' title='bbox 1527 3373 1576 3434; x_wconf 91' lang='lat' dir='ltr'>est</span> <span class='ocrx_word' id='word_1_223' title='bbox 1598 3370 1625 3435; x_wconf 91' lang='lat' dir='ltr'>si</span> 
     </span>
     <span class='ocr_line' id='line_1_27' title="bbox 390 3475 1629 3563; baseline 0.001 -22"><span class='ocrx_word' id='word_1_224' title='bbox 390 3478 425 3541; x_wconf 93' lang='lat' dir='ltr'>in</span> <span class='ocrx_word' id='word_1_225' title='bbox 448 3499 545 3543; x_wconf 89' lang='lat' dir='ltr'>unam</span> <span class='ocrx_word' id='word_1_226' title='bbox 568 3479 746 3542; x_wconf 87' lang='lat' dir='ltr'>orationem</span> <span class='ocrx_word' id='word_1_227' title='bbox 769 3479 886 3541; x_wconf 89' lang='lat' dir='ltr'>coeunt</span> <span class='ocrx_word' id='word_1_228' title='bbox 908 3476 989 3541; x_wconf 90' lang='lat' dir='ltr'>haec</span> <span class='ocrx_word' id='word_1_229' title='bbox 1007 3476 1092 3540; x_wconf 89' lang='lat' dir='ltr'>inter</span> <span class='ocrx_word' id='word_1_230' title='bbox 1111 3497 1144 3541; x_wconf 92' lang='lat' dir='ltr'>se</span> <span class='ocrx_word' id='word_1_231' title='bbox 1164 3477 1313 3561; x_wconf 88' lang='lat' dir='ltr'>opposita</span> <span class='ocrx_word' id='word_1_232' title='bbox 1332 3475 1369 3542; x_wconf 78' lang='grc' dir='ltr'>ἐν</span> <span class='ocrx_word' id='word_1_233' title='bbox 1387 3478 1505 3563; x_wconf 82' lang='grc' dir='ltr'><strong><em>βραχεῖ</em></strong></span> <span class='ocrx_word' id='word_1_234' title='bbox 1521 3483 1629 3562; x_wconf 75' lang='grc' dir='ltr'><strong><em>χαλκῷ</em></strong></span> 
     </span>
     <span class='ocr_line' id='line_1_28' title="bbox 338 3581 1626 3671; baseline -0.002 -20"><span class='ocrx_word' id='word_1_235' title='bbox 338 3595 375 3651; x_wconf 94' lang='lat'>11</span> <span class='ocrx_word' id='word_1_236' title='bbox 390 3583 549 3668; x_wconf 80' lang='grc' dir='ltr'><strong><em>μέγιστον</em></strong></span> <span class='ocrx_word' id='word_1_237' title='bbox 573 3595 667 3668; x_wconf 84' lang='grc' dir='ltr'><strong><em>σῶμα</em></strong></span> <span class='ocrx_word' id='word_1_238' title='bbox 687 3585 835 3660; x_wconf 87' lang='grc' dir='ltr'><strong><em>δειλαίας</em></strong></span> <span class='ocrx_word' id='word_1_239' title='bbox 852 3584 980 3649; x_wconf 83' lang='grc' dir='ltr'><strong><em>σποδοῦ</em></strong></span> <span class='ocrx_word' id='word_1_240' title='bbox 1001 3581 1173 3667; x_wconf 81' lang='grc' dir='ltr'><strong><em>φέρουσιν.</em></strong></span> <span class='ocrx_word' id='word_1_241' title='bbox 1211 3581 1272 3648; x_wconf 84' lang='lat' dir='ltr'>Sed</span> <span class='ocrx_word' id='word_1_242' title='bbox 1292 3582 1476 3668; x_wconf 84' lang='lat' dir='ltr'>Madvigius</span> <span class='ocrx_word' id='word_1_243' title='bbox 1495 3585 1626 3671; x_wconf 86' lang='lat' dir='ltr'>negavit</span> 
     </span>
     <span class='ocr_line' id='line_1_29' title="bbox 389 3689 1626 3776; baseline 0.001 -22"><span class='ocrx_word' id='word_1_244' title='bbox 389 3690 487 3756; x_wconf 92' lang='lat' dir='ltr'>huius</span> <span class='ocrx_word' id='word_1_245' title='bbox 514 3692 655 3776; x_wconf 90' lang='lat' dir='ltr'>genetivi</span> <span class='ocrx_word' id='word_1_246' title='bbox 682 3691 840 3755; x_wconf 90' lang='lat' dir='ltr'>rationem</span> <span class='ocrx_word' id='word_1_247' title='bbox 863 3689 953 3754; x_wconf 92' lang='lat' dir='ltr'>reddi</span> <span class='ocrx_word' id='word_1_248' title='bbox 977 3710 1085 3774; x_wconf 89' lang='lat' dir='ltr'>posse:</span> <span class='ocrx_word' id='word_1_249' title='bbox 1114 3712 1190 3754; x_wconf 89' lang='lat' dir='ltr'>nam</span> <span class='ocrx_word' id='word_1_250' title='bbox 1214 3702 1308 3775; x_wconf 82' lang='grc' dir='ltr'><strong><em>σῶμα</em></strong></span> <span class='ocrx_word' id='word_1_251' title='bbox 1331 3691 1460 3755; x_wconf 84' lang='grc' dir='ltr'><strong><em>σποδοῦ</em></strong></span> <span class='ocrx_word' id='word_1_252' title='bbox 1485 3691 1523 3755; x_wconf 90' lang='lat' dir='ltr'>de</span> <span class='ocrx_word' id='word_1_253' title='bbox 1545 3713 1626 3774; x_wconf 92' lang='lat' dir='ltr'>pon-</span> 
     </span>
     <span class='ocr_line' id='line_1_30' title="bbox 391 3796 1625 3881; baseline 0.002 -21"><span class='ocrx_word' id='word_1_254' title='bbox 391 3796 465 3863; x_wconf 87' lang='lat' dir='ltr'>dere</span> <span class='ocrx_word' id='word_1_255' title='bbox 492 3798 544 3863; x_wconf 91' lang='lat' dir='ltr'>vel</span> <span class='ocrx_word' id='word_1_256' title='bbox 570 3798 778 3863; x_wconf 86' lang='lat' dir='ltr'>multitudine</span> <span class='ocrx_word' id='word_1_257' title='bbox 806 3796 922 3862; x_wconf 88' lang='lat' dir='ltr'>cineris</span> <span class='ocrx_word' id='word_1_258' title='bbox 949 3796 1170 3881; x_wconf 89' lang='lat' dir='ltr'>accipiendum</span> <span class='ocrx_word' id='word_1_259' title='bbox 1196 3819 1264 3862; x_wconf 91' lang='lat' dir='ltr'>non</span> <span class='ocrx_word' id='word_1_260' title='bbox 1287 3818 1364 3863; x_wconf 91' lang='lat' dir='ltr'>esse.</span> <span class='ocrx_word' id='word_1_261' title='bbox 1402 3796 1447 3862; x_wconf 79' lang='lat' dir='ltr'>Et</span> <span class='ocrx_word' id='word_1_262' title='bbox 1469 3798 1532 3862; x_wconf 92' lang='lat' dir='ltr'>hoc</span> <span class='ocrx_word' id='word_1_263' title='bbox 1555 3800 1625 3881; x_wconf 92' lang='lat' dir='ltr'>qui-</span> 
     </span>
     <span class='ocr_line' id='line_1_31' title="bbox 391 3902 1666 3990; baseline -0.001 -22"><span class='ocrx_word' id='word_1_264' title='bbox 391 3903 462 3969; x_wconf 87' lang='lat' dir='ltr'>dem</span> <span class='ocrx_word' id='word_1_265' title='bbox 485 3904 540 3969; x_wconf 91' lang='lat' dir='ltr'>ille</span> <span class='ocrx_word' id='word_1_266' title='bbox 563 3906 727 3969; x_wconf 89' lang='lat' dir='ltr'>verissime</span> <span class='ocrx_word' id='word_1_267' title='bbox 750 3903 833 3968; x_wconf 83' lang='lat' dir='ltr'>dixit</span> <span class='ocrx_word' id='word_1_268' title='bbox 854 3924 960 3988; x_wconf 89' lang='lat' dir='ltr'>neque</span> <span class='ocrx_word' id='word_1_269' title='bbox 983 3902 1135 3968; x_wconf 90' lang='lat' dir='ltr'>credibile</span> <span class='ocrx_word' id='word_1_270' title='bbox 1158 3908 1208 3969; x_wconf 88' lang='lat' dir='ltr'>est</span> <span class='ocrx_word' id='word_1_271' title='bbox 1231 3925 1427 3988; x_wconf 89' lang='lat' dir='ltr'>quemquam</span> <span class='ocrx_word' id='word_1_272' title='bbox 1450 3904 1513 3970; x_wconf 91' lang='lat' dir='ltr'>hoc</span> <span class='ocrx_word' id='word_1_273' title='bbox 1539 3905 1626 3990; x_wconf 89' lang='lat' dir='ltr'>cogi·</span> <span class='ocrx_word' id='word_1_274' title='bbox 1639 3928 1666 3968; x_wconf 83' lang='lat' dir='ltr'>so</span> 
     </span>
     <span class='ocr_line' id='line_1_32' title="bbox 389 4010 1626 4098; baseline 0.002 -23"><span class='ocrx_word' id='word_1_275' title='bbox 389 4014 483 4077; x_wconf 88' lang='lat' dir='ltr'>tasse.</span> <span class='ocrx_word' id='word_1_276' title='bbox 520 4011 569 4076; x_wconf 91' lang='lat' dir='ltr'>De</span> <span class='ocrx_word' id='word_1_277' title='bbox 591 4013 717 4075; x_wconf 86' lang='lat' dir='ltr'>ratione</span> <span class='ocrx_word' id='word_1_278' title='bbox 739 4014 846 4076; x_wconf 92' lang='lat' dir='ltr'>eutem</span> <span class='ocrx_word' id='word_1_279' title='bbox 871 4011 1014 4098; x_wconf 89' lang='lat' dir='ltr'>genetivi</span> <span class='ocrx_word' id='word_1_280' title='bbox 1037 4012 1065 4075; x_wconf 94' lang='lat' dir='ltr'>si</span> <span class='ocrx_word' id='word_1_281' title='bbox 1084 4012 1258 4096; x_wconf 85' lang='lat' dir='ltr'>quaeritur,</span> <span class='ocrx_word' id='word_1_282' title='bbox 1281 4011 1328 4076; x_wconf 88' lang='lat' dir='ltr'>ita</span> <span class='ocrx_word' id='word_1_283' title='bbox 1346 4010 1528 4091; x_wconf 87' lang='lat' dir='ltr'>statuimus,</span> <span class='ocrx_word' id='word_1_284' title='bbox 1553 4033 1626 4077; x_wconf 92' lang='lat' dir='ltr'>oum</span> 
     </span>
     <span class='ocr_line' id='line_1_33' title="bbox 390 4114 1625 4205; baseline -0.001 -22"><span class='ocrx_word' id='word_1_285' title='bbox 390 4140 459 4183; x_wconf 88' lang='lat' dir='ltr'>esse</span> <span class='ocrx_word' id='word_1_286' title='bbox 478 4119 533 4202; x_wconf 92' lang='lat' dir='ltr'>qui</span> <span class='ocrx_word' id='word_1_287' title='bbox 552 4119 705 4183; x_wconf 88' lang='lat' dir='ltr'>materiae</span> <span class='ocrx_word' id='word_1_288' title='bbox 723 4118 952 4205; x_wconf 83' lang='lat' dir='ltr'>significandae</span> <span class='ocrx_word' id='word_1_289' title='bbox 970 4116 1133 4183; x_wconf 87' lang='lat' dir='ltr'>inserviat.</span> <span class='ocrx_word' id='word_1_290' title='bbox 1169 4114 1261 4195; x_wconf 85' lang='lat' dir='ltr'>Quod</span> <span class='ocrx_word' id='word_1_291' title='bbox 1281 4139 1383 4204; x_wconf 90' lang='lat' dir='ltr'>genus</span> <span class='ocrx_word' id='word_1_292' title='bbox 1403 4116 1446 4181; x_wconf 94' lang='lat' dir='ltr'>M.</span> <span class='ocrx_word' id='word_1_293' title='bbox 1462 4117 1625 4203; x_wconf 88' lang='lat' dir='ltr'>Hauptius</span> 
     </span>
     <span class='ocr_line' id='line_1_34' title="bbox 392 4257 1625 4330; baseline -0.002 -15"><span class='ocrx_word' id='word_1_294' title='bbox 392 4260 559 4330; x_wconf 66' lang='lat' dir='ltr'>catenatur</span> <span class='ocrx_word' id='word_1_295' title='bbox 577 4277 616 4313; x_wconf 79' lang='lat' dir='ltr'>aa</span> <span class='ocrx_word' id='word_1_296' title='bbox 624 4259 732 4327; x_wconf 80' lang='lat' dir='ltr'>paleae,</span> <span class='ocrx_word' id='word_1_297' title='bbox 750 4259 782 4312; x_wconf 81' lang='lat' dir='ltr'>iu</span> <span class='ocrx_word' id='word_1_298' title='bbox 794 4275 824 4313; x_wconf 85' lang='lat' dir='ltr'>re</span> <span class='ocrx_word' id='word_1_299' title='bbox 838 4260 1022 4327; x_wconf 71' lang='lat' dir='ltr'>aliquantos,</span> <span class='ocrx_word' id='word_1_300' title='bbox 1041 4259 1073 4312; x_wconf 84' lang='grc' dir='ltr'>ιἰι</span> <span class='ocrx_word' id='word_1_301' title='bbox 1085 4258 1276 4327; x_wconf 76' lang='grc' dir='ltr'><strong><em>ραῦινιιαίονίε</em></strong></span> <span class='ocrx_word' id='word_1_302' title='bbox 1290 4257 1403 4313; x_wconf 77' lang='lat' dir='ltr'>inscitia</span> <span class='ocrx_word' id='word_1_303' title='bbox 1416 4258 1489 4312; x_wconf 77' lang='lat' dir='ltr'>uitii</span> <span class='ocrx_word' id='word_1_304' title='bbox 1502 4259 1625 4324; x_wconf 74' lang='grc' dir='ltr'><strong><em>ιἰιῦιτιοις</em></strong></span> 
     </span>
     <span class='ocr_line' id='line_1_35' title="bbox 389 4347 1626 4418; baseline 0.001 -17"><span class='ocrx_word' id='word_1_305' title='bbox 389 4348 466 4403; x_wconf 88' lang='lat' dir='ltr'>idem</span> <span class='ocrx_word' id='word_1_306' title='bbox 485 4350 520 4403; x_wconf 89' lang='lat' dir='ltr'>de</span> <span class='ocrx_word' id='word_1_307' title='bbox 538 4348 585 4401; x_wconf 84' lang='lat' dir='ltr'>fin.</span> <span class='ocrx_word' id='word_1_308' title='bbox 600 4366 629 4401; x_wconf 74' lang='grc' dir='ltr'>ιν</span> <span class='ocrx_word' id='word_1_309' title='bbox 646 4352 694 4414; x_wconf 76' lang='lat'>27,</span> <span class='ocrx_word' id='word_1_310' title='bbox 709 4351 742 4401; x_wconf 81' lang='grc'>76</span> <span class='ocrx_word' id='word_1_311' title='bbox 765 4348 933 4418; x_wconf 67' lang='lat' dir='ltr'>ecberectus·</span> <span class='ocrx_word' id='word_1_312' title='bbox 954 4363 1039 4416; x_wconf 78' lang='lat' dir='ltr'>aeque</span> <span class='ocrx_word' id='word_1_313' title='bbox 1058 4353 1154 4415; x_wconf 80' lang='lat' dir='ltr'>peccat</span> <span class='ocrx_word' id='word_1_314' title='bbox 1170 4347 1196 4401; x_wconf 82' lang='lat' dir='ltr'>si</span> <span class='ocrx_word' id='word_1_315' title='bbox 1208 4348 1357 4415; x_wconf 73' lang='lat' dir='ltr'>paleariae</span> <span class='ocrx_word' id='word_1_316' title='bbox 1374 4363 1472 4402; x_wconf 83' lang='grc' dir='ltr'><strong><em>ποοινι</em></strong></span> <span class='ocrx_word' id='word_1_317' title='bbox 1490 4348 1626 4402; x_wconf 75' lang='lat' dir='ltr'>comitet</span> 
     </span>
     <span class='ocr_line' id='line_1_36' title="bbox 388 4434 1625 4504; baseline -0.003 -11"><span class='ocrx_word' id='word_1_318' title='bbox 388 4439 415 4493; x_wconf 82' lang='lat' dir='ltr'>ci</span> <span class='ocrx_word' id='word_1_319' title='bbox 433 4441 506 4494; x_wconf 82' lang='grc' dir='ltr'><strong><em>οιαί.</em></strong></span> <span class='ocrx_word' id='word_1_320' title='bbox 539 4436 652 4491; x_wconf 80' lang='lat' dir='ltr'>Etenim</span> <span class='ocrx_word' id='word_1_321' title='bbox 670 4435 732 4489; x_wconf 88' lang='lat' dir='ltr'>auri</span> <span class='ocrx_word' id='word_1_322' title='bbox 750 4452 850 4491; x_wconf 85' lang='lat' dir='ltr'>navam</span> <span class='ocrx_word' id='word_1_323' title='bbox 869 4436 940 4490; x_wconf 92' lang='lat' dir='ltr'>dicit</span> <span class='ocrx_word' id='word_1_324' title='bbox 953 4452 1019 4503; x_wconf 86' lang='lat' dir='ltr'>non,</span> <span class='ocrx_word' id='word_1_325' title='bbox 1037 4438 1071 4490; x_wconf 92' lang='lat' dir='ltr'>nt</span> <span class='ocrx_word' id='word_1_326' title='bbox 1084 4434 1217 4504; x_wconf 92' lang='lat' dir='ltr'>poculum</span> <span class='ocrx_word' id='word_1_327' title='bbox 1232 4434 1302 4502; x_wconf 75' lang='lat' dir='ltr'>auri,</span> <span class='ocrx_word' id='word_1_328' title='bbox 1322 4451 1395 4503; x_wconf 89' lang='lat' dir='ltr'>quae</span> <span class='ocrx_word' id='word_1_329' title='bbox 1410 4450 1496 4489; x_wconf 86' lang='lat' dir='ltr'>aurea</span> <span class='ocrx_word' id='word_1_330' title='bbox 1510 4435 1556 4501; x_wconf 87' lang='lat' dir='ltr'>sit,</span> <span class='ocrx_word' id='word_1_331' title='bbox 1575 4436 1625 4489; x_wconf 92' lang='lat' dir='ltr'>sed</span> 
     </span>
     <span class='ocr_line' id='line_1_37' title="bbox 389 4522 1625 4594; baseline -0.002 -15"><span class='ocrx_word' id='word_1_332' title='bbox 389 4543 463 4594; x_wconf 87' lang='lat' dir='ltr'>quaa</span> <span class='ocrx_word' id='word_1_333' title='bbox 482 4542 582 4580; x_wconf 86' lang='lat' dir='ltr'>aurum</span> <span class='ocrx_word' id='word_1_334' title='bbox 600 4524 714 4591; x_wconf 82' lang='lat' dir='ltr'>habeat,</span> <span class='ocrx_word' id='word_1_335' title='bbox 732 4524 815 4591; x_wconf 83' lang='lat' dir='ltr'>ferat,</span> <span class='ocrx_word' id='word_1_336' title='bbox 833 4524 931 4592; x_wconf 87' lang='lat' dir='ltr'>vehat;</span> <span class='ocrx_word' id='word_1_337' title='bbox 951 4524 1022 4579; x_wconf 90' lang='lat' dir='ltr'>item</span> <span class='ocrx_word' id='word_1_338' title='bbox 1038 4522 1187 4593; x_wconf 89' lang='lat' dir='ltr'>palearum</span> <span class='ocrx_word' id='word_1_339' title='bbox 1204 4539 1317 4589; x_wconf 75' lang='lat' dir='ltr'>navem,</span> <span class='ocrx_word' id='word_1_340' title='bbox 1337 4540 1411 4592; x_wconf 86' lang='lat' dir='ltr'>quae</span> <span class='ocrx_word' id='word_1_341' title='bbox 1428 4523 1536 4593; x_wconf 88' lang='lat' dir='ltr'>paleas.</span> <span class='ocrx_word' id='word_1_342' title='bbox 1568 4523 1625 4577; x_wconf 87' lang='lat' dir='ltr'>Ns-</span> 
     </span>
     <span class='ocr_line' id='line_1_38' title="bbox 389 4612 1625 4685; baseline 0 -19"><span class='ocrx_word' id='word_1_343' title='bbox 389 4614 494 4668; x_wconf 87' lang='lat' dir='ltr'>minem</span> <span class='ocrx_word' id='word_1_344' title='bbox 512 4615 613 4685; x_wconf 85' lang='lat' dir='ltr'>fugiet‚</span> <span class='ocrx_word' id='word_1_345' title='bbox 632 4613 700 4683; x_wconf 92' lang='lat' dir='ltr'>quid</span> <span class='ocrx_word' id='word_1_346' title='bbox 718 4612 914 4667; x_wconf 85' lang='lat' dir='ltr'>similitudinis</span> <span class='ocrx_word' id='word_1_347' title='bbox 931 4612 1037 4667; x_wconf 86' lang='lat' dir='ltr'>habeat</span> <span class='ocrx_word' id='word_1_348' title='bbox 1055 4612 1109 4668; x_wconf 87' lang='lat' dir='ltr'>hoc</span> <span class='ocrx_word' id='word_1_349' title='bbox 1127 4629 1216 4683; x_wconf 85' lang='lat' dir='ltr'>genus</span> <span class='ocrx_word' id='word_1_350' title='bbox 1235 4612 1360 4683; x_wconf 87' lang='lat' dir='ltr'>genetivi</span> <span class='ocrx_word' id='word_1_351' title='bbox 1379 4630 1443 4668; x_wconf 88' lang='lat' dir='ltr'>cnm</span> <span class='ocrx_word' id='word_1_352' title='bbox 1460 4612 1533 4679; x_wconf 80' lang='lat' dir='ltr'>illie,</span> <span class='ocrx_word' id='word_1_353' title='bbox 1552 4628 1625 4683; x_wconf 90' lang='lat' dir='ltr'>quae</span> 
     </span>
     <span class='ocr_line' id='line_1_39' title="bbox 389 4700 1563 4773; baseline 0.001 -18"><span class='ocrx_word' id='word_1_354' title='bbox 389 4718 476 4772; x_wconf 82' lang='lat' dir='ltr'>supra</span> <span class='ocrx_word' id='word_1_355' title='bbox 494 4703 622 4758; x_wconf 88' lang='lat' dir='ltr'>dicimus.</span> <span class='ocrx_word' id='word_1_356' title='bbox 655 4701 709 4773; x_wconf 84' lang='lat' dir='ltr'>[cf.</span> <span class='ocrx_word' id='word_1_357' title='bbox 723 4701 755 4755; x_wconf 89' lang='grc' dir='ltr'>τδ</span> <span class='ocrx_word' id='word_1_358' title='bbox 773 4704 872 4757; x_wconf 73' lang='grc' dir='ltr'><strong><em>πλοῖον</em></strong></span> <span class='ocrx_word' id='word_1_359' title='bbox 889 4710 946 4757; x_wconf 86' lang='grc' dir='ltr'>τῶν</span> <span class='ocrx_word' id='word_1_360' title='bbox 964 4700 1088 4773; x_wconf 76' lang='grc' dir='ltr'><strong><em>ταρίχων</em></strong></span> <span class='ocrx_word' id='word_1_361' title='bbox 1106 4702 1184 4771; x_wconf 85' lang='lat' dir='ltr'>apud</span> <span class='ocrx_word' id='word_1_362' title='bbox 1202 4701 1319 4772; x_wconf 90' lang='lat' dir='ltr'>Diogen.</span> <span class='ocrx_word' id='word_1_363' title='bbox 1334 4701 1427 4757; x_wconf 83' lang='lat' dir='ltr'>Laert.</span> <span class='ocrx_word' id='word_1_364' title='bbox 1442 4721 1472 4757; x_wconf 82' lang='lat' dir='ltr'>vr</span> <span class='ocrx_word' id='word_1_365' title='bbox 1487 4708 1511 4770; x_wconf 85' lang='lat'>1,</span> <span class='ocrx_word' id='word_1_366' title='bbox 1526 4702 1563 4773; x_wconf 87' lang='lat'>4.]</span> 
     </span>
    </p>
   </div>
   <div class='ocr_carea' id='block_1_3' title="bbox 389 4788 1626 4948">
    <p class='ocr_par' dir='ltr' id='par_1_6' title="bbox 389 4788 1626 4948">
     <span class='ocr_line' id='line_1_40' title="bbox 478 4788 1626 4861; baseline 0.001 -16"><span class='ocrx_word' id='word_1_367' title='bbox 478 4792 542 4861; x_wconf 66' lang='grc' dir='ltr'>Ἢ)</span> <span class='ocrx_word' id='word_1_368' title='bbox 559 4808 617 4845; x_wconf 91' lang='lat' dir='ltr'>non</span> <span class='ocrx_word' id='word_1_369' title='bbox 634 4791 704 4845; x_wconf 77' lang='lat' dir='ltr'>item</span> <span class='ocrx_word' id='word_1_370' title='bbox 723 4790 750 4845; x_wconf 82' lang='lat' dir='ltr'>S.</span> <span class='ocrx_word' id='word_1_371' title='bbox 765 4788 903 4859; x_wconf 70' lang='lat' dir='ltr'>liuidum,</span> <span class='ocrx_word' id='word_1_372' title='bbox 926 4791 977 4860; x_wconf 89' lang='lat' dir='ltr'>qui</span> <span class='ocrx_word' id='word_1_373' title='bbox 1000 4793 1162 4860; x_wconf 87' lang='lat' dir='ltr'>corruptum</span> <span class='ocrx_word' id='word_1_374' title='bbox 1181 4807 1242 4847; x_wconf 90' lang='lat' dir='ltr'>esse</span> <span class='ocrx_word' id='word_1_375' title='bbox 1259 4806 1371 4845; x_wconf 87' lang='lat' dir='ltr'>versum</span> <span class='ocrx_word' id='word_1_376' title='bbox 1388 4791 1496 4846; x_wconf 86' lang='lat' dir='ltr'>fatetur</span> <span class='ocrx_word' id='word_1_377' title='bbox 1514 4792 1564 4846; x_wconf 88' lang='lat' dir='ltr'>sed</span> <span class='ocrx_word' id='word_1_378' title='bbox 1581 4809 1626 4847; x_wconf 87' lang='lat' dir='ltr'>re-</span> 
     </span>
     <span class='ocr_line' id='line_1_41' title="bbox 389 4878 797 4948; baseline 0 -15"><span class='ocrx_word' id='word_1_379' title='bbox 389 4878 478 4933; x_wconf 90' lang='lat' dir='ltr'>tinnit</span> <span class='ocrx_word' id='word_1_380' title='bbox 496 4880 571 4948; x_wconf 92' lang='lat' dir='ltr'>quod</span> <span class='ocrx_word' id='word_1_381' title='bbox 590 4879 728 4934; x_wconf 87' lang='lat' dir='ltr'>traditum</span> <span class='ocrx_word' id='word_1_382' title='bbox 746 4881 797 4933; x_wconf 90' lang='lat' dir='ltr'>est.</span> 
     </span>
    </p>
   </div>
   <div class='ocr_carea' id='block_1_4' title="bbox 0 0 1996 5725">
    <p class='ocr_par' dir='ltr' id='par_1_7' title="bbox 0 0 1996 5725">
     <span class='ocr_line' id='line_1_42' title="bbox 0 0 1996 5725; baseline 0 0"><span class='ocrx_word' id='word_1_383' title='bbox 0 0 1996 5725; x_wconf 95' lang='lat' dir='ltr'> </span> 
     </span>
    </p>
   </div>
  </div>
 </body>
</html>
