<?xml version="1.0" encoding="UTF-8"?>
<!DOCTYPE html PUBLIC "-//W3C//DTD XHTML 1.0 Transitional//EN"
    "http://www.w3.org/TR/xhtml1/DTD/xhtml1-transitional.dtd">
<html xmlns="http://www.w3.org/1999/xhtml" xml:lang="en" lang="en">
 <head>
  <title>
</title>
<meta http-equiv="Content-Type" content="text/html;charset=utf-8" />
  <meta name='ocr-system' content='tesseract 3.04.00' />
  <meta name='ocr-capabilities' content='ocr_page ocr_carea ocr_par ocr_line ocrx_word'/>
</head>
<body>
  <div class='ocr_page' id='page_1' title='image "./iohannisvahleni00vahlgoog/iohannisvahleni00vahlgoog_0451.png"; bbox 0 0 3967 5725; ppageno 0'>
   <div class='ocr_carea' id='block_1_1' title="bbox 570 654 1570 722">
    <p class='ocr_par' dir='ltr' id='par_1_1' title="bbox 570 654 1570 722">
     <span class='ocr_line' id='line_1_1' title="bbox 570 654 1570 722; baseline 0.002 -8"><span class='ocrx_word' id='word_1_1' title='bbox 570 665 620 714; x_wconf 86' lang='lat' dir='ltr'><strong>ns</strong></span> <span class='ocrx_word' id='word_1_2' title='bbox 639 662 814 714; x_wconf 73' lang='lat' dir='ltr'>VERSIBUS</span> <span class='ocrx_word' id='word_1_3' title='bbox 833 662 1044 715; x_wconf 79' lang='lat' dir='ltr'><strong>nonuunms</strong></span> <span class='ocrx_word' id='word_1_4' title='bbox 1062 661 1161 713; x_wconf 82' lang='lat' dir='ltr'><strong>acon</strong></span> <span class='ocrx_word' id='word_1_5' title='bbox 1179 662 1334 714; x_wconf 77' lang='lat' dir='ltr'><strong>racorcr.</strong></span> <span class='ocrx_word' id='word_1_6' title='bbox 1504 654 1570 722; x_wconf 75' lang='grc'><strong>457</strong></span> 
     </span>
    </p>
   </div>
   <div class='ocr_carea' id='block_1_2' title="bbox 335 824 1615 2835">
    <p class='ocr_par' dir='ltr' id='par_1_2' title="bbox 335 824 1324 1014">
     <span class='ocr_line' id='line_1_2' title="bbox 335 824 653 909; baseline -0.006 -19"><span class='ocrx_word' id='word_1_7' title='bbox 335 825 484 891; x_wconf 85' lang='lat' dir='ltr'><strong>Eunuch.</strong></span> <span class='ocrx_word' id='word_1_8' title='bbox 502 843 542 888; x_wconf 90' lang='lat'><strong>111</strong></span> <span class='ocrx_word' id='word_1_9' title='bbox 562 826 592 909; x_wconf 86' lang='lat'><strong>1,</strong></span> <span class='ocrx_word' id='word_1_10' title='bbox 610 824 653 889; x_wconf 81' lang='lat'><strong>28</strong></span> 
     </span>
     <span class='ocr_line' id='line_1_3' title="bbox 629 931 1324 1014; baseline -0.001 -18"><span class='ocrx_word' id='word_1_11' title='bbox 629 931 679 996; x_wconf 88' lang='lat' dir='ltr'><strong>Di</strong></span> <span class='ocrx_word' id='word_1_12' title='bbox 700 938 837 998; x_wconf 81' lang='lat' dir='ltr'><strong>nostrum</strong></span> <span class='ocrx_word' id='word_1_13' title='bbox 858 931 966 1014; x_wconf 70' lang='lat' dir='ltr'><strong>fidon,</strong></span> <span class='ocrx_word' id='word_1_14' title='bbox 989 931 1145 996; x_wconf 84' lang='lat' dir='ltr'><strong>bominem</strong></span> <span class='ocrx_word' id='word_1_15' title='bbox 1162 931 1324 1012; x_wconf 80' lang='lat' dir='ltr'><strong>perditum</strong></span> 
     </span>
    </p>

    <p class='ocr_par' dir='ltr' id='par_1_3' title="bbox 337 1038 1082 1229">
     <span class='ocr_line' id='line_1_4' title="bbox 471 1038 1082 1121; baseline -0.003 -17"><span class='ocrx_word' id='word_1_16' title='bbox 471 1040 702 1121; x_wconf 72' lang='lat' dir='ltr'><strong>Misernmqm,</strong></span> <span class='ocrx_word' id='word_1_17' title='bbox 724 1045 752 1104; x_wconf 85' lang='lat' dir='ltr'><strong>et</strong></span> <span class='ocrx_word' id='word_1_18' title='bbox 773 1039 866 1104; x_wconf 84' lang='lat' dir='ltr'><strong>iilnm</strong></span> <span class='ocrx_word' id='word_1_19' title='bbox 887 1038 1082 1120; x_wconf 75' lang='lat' dir='ltr'><strong>someiepnm.</strong></span> 
     </span>
     <span class='ocr_line' id='line_1_5' title="bbox 337 1145 571 1229; baseline -0.004 -19"><span class='ocrx_word' id='word_1_20' title='bbox 337 1146 419 1212; x_wconf 80' lang='lat' dir='ltr'><strong>Ibid,</strong></span> <span class='ocrx_word' id='word_1_21' title='bbox 439 1165 461 1210; x_wconf 92' lang='lat' dir='ltr'>v</span> <span class='ocrx_word' id='word_1_22' title='bbox 480 1148 511 1229; x_wconf 87' lang='lat'><strong>4,</strong></span> <span class='ocrx_word' id='word_1_23' title='bbox 531 1145 571 1209; x_wconf 78' lang='lat'><strong>21</strong></span> 
     </span>
    </p>

    <p class='ocr_par' dir='ltr' id='par_1_4' title="bbox 335 1252 1615 2406">
     <span class='ocr_line' id='line_1_6' title="bbox 472 1252 1572 1336; baseline 0 -18"><span class='ocrx_word' id='word_1_24' title='bbox 472 1253 538 1318; x_wconf 84' lang='lat' dir='ltr'><strong>Pro</strong></span> <span class='ocrx_word' id='word_1_25' title='bbox 562 1254 654 1317; x_wconf 84' lang='lat' dir='ltr'><strong>dmm</strong></span> <span class='ocrx_word' id='word_1_26' title='bbox 675 1253 783 1336; x_wconf 74' lang='lat' dir='ltr'><strong>fidem,</strong></span> <span class='ocrx_word' id='word_1_27' title='bbox 809 1253 937 1333; x_wconf 77' lang='lat' dir='ltr'><strong>facinus</strong></span> <span class='ocrx_word' id='word_1_28' title='bbox 958 1252 1097 1333; x_wconf 78' lang='lat' dir='ltr'><strong>foedum,</strong></span> <span class='ocrx_word' id='word_1_29' title='bbox 1122 1252 1277 1335; x_wconf 76' lang='lat' dir='ltr'><em>infelicem</em></span> <span class='ocrx_word' id='word_1_30' title='bbox 1301 1252 1572 1336; x_wconf 72' lang='lat' dir='ltr'><strong>adolescentulum,</strong></span> 
     </span>
     <span class='ocr_line' id='line_1_7' title="bbox 338 1356 1573 1445; baseline -0.001 -20"><span class='ocrx_word' id='word_1_31' title='bbox 338 1361 457 1445; x_wconf 89' lang='lat' dir='ltr'><strong>aliique</strong></span> <span class='ocrx_word' id='word_1_32' title='bbox 477 1381 579 1444; x_wconf 87' lang='lat' dir='ltr'><strong>saepe.</strong></span> <span class='ocrx_word' id='word_1_33' title='bbox 612 1359 717 1436; x_wconf 81' lang='lat' dir='ltr'><strong>Quare</strong></span> <span class='ocrx_word' id='word_1_34' title='bbox 736 1380 808 1424; x_wconf 90' lang='lat' dir='ltr'><strong>cum</strong></span> <span class='ocrx_word' id='word_1_35' title='bbox 826 1358 910 1423; x_wconf 84' lang='lat' dir='ltr'>nihil</span> <span class='ocrx_word' id='word_1_36' title='bbox 929 1360 972 1422; x_wconf 90' lang='lat' dir='ltr'><strong>sit</strong></span> <span class='ocrx_word' id='word_1_37' title='bbox 991 1358 1079 1443; x_wconf 93' lang='lat' dir='ltr'><strong>quod</strong></span> <span class='ocrx_word' id='word_1_38' title='bbox 1097 1356 1231 1424; x_wconf 83' lang='lat' dir='ltr'><strong>Accium</strong></span> <span class='ocrx_word' id='word_1_39' title='bbox 1250 1359 1361 1424; x_wconf 89' lang='lat' dir='ltr'><strong>eodem</strong></span> <span class='ocrx_word' id='word_1_40' title='bbox 1375 1359 1472 1424; x_wconf 91' lang='lat' dir='ltr'><strong>modo</strong></span> <span class='ocrx_word' id='word_1_41' title='bbox 1486 1381 1573 1424; x_wconf 92' lang='lat' dir='ltr'><strong>nuno</strong></span> 
     </span>
     <span class='ocr_line' id='line_1_8' title="bbox 337 1465 1573 1551; baseline -0.002 -19"><span class='ocrx_word' id='word_1_42' title='bbox 337 1469 483 1533; x_wconf 90' lang='lat' dir='ltr'><strong>locutum</strong></span> <span class='ocrx_word' id='word_1_43' title='bbox 510 1488 579 1532; x_wconf 88' lang='lat' dir='ltr'><strong>esse</strong></span> <span class='ocrx_word' id='word_1_44' title='bbox 608 1487 762 1551; x_wconf 80' lang='lat' dir='ltr'><strong>negemus</strong></span> <span class='ocrx_word' id='word_1_45' title='bbox 789 1470 846 1530; x_wconf 91' lang='lat' dir='ltr'><strong>aut</strong></span> <span class='ocrx_word' id='word_1_46' title='bbox 874 1465 1074 1550; x_wconf 86' lang='lat' dir='ltr'><strong>dubitemus,</strong></span> <span class='ocrx_word' id='word_1_47' title='bbox 1100 1467 1305 1550; x_wconf 90' lang='lat' dir='ltr'><strong>perspicuum</strong></span> <span class='ocrx_word' id='word_1_48' title='bbox 1328 1466 1366 1530; x_wconf 92' lang='lat' dir='ltr'><strong>fit</strong></span> <span class='ocrx_word' id='word_1_49' title='bbox 1388 1466 1467 1532; x_wconf 89' lang='lat' dir='ltr'><strong>haec</strong></span> <span class='ocrx_word' id='word_1_50' title='bbox 1491 1487 1573 1551; x_wconf 88' lang='lat' dir='ltr'><strong>quae</strong></span> 
     </span>
     <span class='ocr_line' id='line_1_9' title="bbox 338 1573 1573 1656; baseline 0 -18"><span class='ocrx_word' id='word_1_51' title='bbox 338 1574 458 1638; x_wconf 85' lang='lat' dir='ltr'><strong>tradita</strong></span> <span class='ocrx_word' id='word_1_52' title='bbox 480 1577 557 1638; x_wconf 86' lang='lat' dir='ltr'><strong>sunt</strong></span> <span class='ocrx_word' id='word_1_53' title='bbox 575 1573 653 1638; x_wconf 75' lang='lat' dir='ltr'><strong>‘Pro</strong></span> <span class='ocrx_word' id='word_1_54' title='bbox 673 1574 708 1638; x_wconf 87' lang='lat' dir='ltr'><strong>di</strong></span> <span class='ocrx_word' id='word_1_55' title='bbox 726 1573 914 1652; x_wconf 83' lang='lat' dir='ltr'><strong>inmortales,</strong></span> <span class='ocrx_word' id='word_1_56' title='bbox 938 1574 1068 1654; x_wconf 81' lang='lat' dir='ltr'><strong>speciem</strong></span> <span class='ocrx_word' id='word_1_57' title='bbox 1085 1573 1258 1638; x_wconf 77' lang='lat' dir='ltr'><strong>immonem</strong></span> <span class='ocrx_word' id='word_1_58' title='bbox 1277 1574 1473 1639; x_wconf 73' lang='lat' dir='ltr'><strong><em>invisitatam</em></strong></span> <span class='ocrx_word' id='word_1_59' title='bbox 1492 1594 1573 1656; x_wconf 75' lang='lat' dir='ltr'><strong>cyre-</strong></span> 
     </span>
     <span class='ocr_line' id='line_1_10' title="bbox 335 1679 1573 1766; baseline -0.002 -19"><span class='ocrx_word' id='word_1_60' title='bbox 335 1683 424 1764; x_wconf 78' lang='lat' dir='ltr'><strong>piom</strong></span> <span class='ocrx_word' id='word_1_61' title='bbox 447 1682 615 1763; x_wconf 75' lang='lat' dir='ltr'><strong>indipnum</strong></span> <span class='ocrx_word' id='word_1_62' title='bbox 638 1681 725 1745; x_wconf 82' lang='lat' dir='ltr'><strong>clude</strong></span> <span class='ocrx_word' id='word_1_63' title='bbox 747 1686 776 1744; x_wconf 85' lang='lat' dir='ltr'><strong>et</strong></span> <span class='ocrx_word' id='word_1_64' title='bbox 796 1679 1019 1762; x_wconf 78' lang='lat' dir='ltr'><strong>sqnolitndine’</strong></span> <span class='ocrx_word' id='word_1_65' title='bbox 1039 1679 1279 1762; x_wconf 77' lang='lat' dir='ltr'><strong>integerrimam</strong></span> <span class='ocrx_word' id='word_1_66' title='bbox 1298 1701 1367 1744; x_wconf 89' lang='lat' dir='ltr'><strong>esse</strong></span> <span class='ocrx_word' id='word_1_67' title='bbox 1387 1680 1573 1766; x_wconf 89' lang='lat' dir='ltr'><strong>orationem,</strong></span> 
     </span>
     <span class='ocr_line' id='line_1_11' title="bbox 338 1786 1615 1872; baseline -0.003 -19"><span class='ocrx_word' id='word_1_68' title='bbox 338 1789 372 1853; x_wconf 92' lang='lat' dir='ltr'><strong>in</strong></span> <span class='ocrx_word' id='word_1_69' title='bbox 401 1811 465 1872; x_wconf 89' lang='lat' dir='ltr'><strong>qua</strong></span> <span class='ocrx_word' id='word_1_70' title='bbox 491 1809 550 1851; x_wconf 89' lang='lat' dir='ltr'><strong>nec</strong></span> <span class='ocrx_word' id='word_1_71' title='bbox 577 1788 695 1852; x_wconf 89' lang='lat' dir='ltr'><strong>mutari</strong></span> <span class='ocrx_word' id='word_1_72' title='bbox 724 1789 896 1871; x_wconf 92' lang='lat' dir='ltr'><strong>quicquam</strong></span> <span class='ocrx_word' id='word_1_73' title='bbox 925 1809 1029 1870; x_wconf 89' lang='lat' dir='ltr'><strong>neque</strong></span> <span class='ocrx_word' id='word_1_74' title='bbox 1061 1786 1133 1851; x_wconf 89' lang='lat' dir='ltr'><strong>addi</strong></span> <span class='ocrx_word' id='word_1_75' title='bbox 1157 1791 1214 1851; x_wconf 89' lang='lat' dir='ltr'><strong>aut</strong></span> <span class='ocrx_word' id='word_1_76' title='bbox 1236 1787 1320 1852; x_wconf 88' lang='lat' dir='ltr'><strong>demi</strong></span> <span class='ocrx_word' id='word_1_77' title='bbox 1343 1787 1407 1851; x_wconf 81' lang='lat' dir='ltr'><strong>nisi</strong></span> <span class='ocrx_word' id='word_1_78' title='bbox 1430 1809 1502 1853; x_wconf 89' lang='lat' dir='ltr'><strong>cum</strong></span> <span class='ocrx_word' id='word_1_79' title='bbox 1525 1787 1572 1852; x_wconf 92' lang='lat' dir='ltr'><strong>iu·</strong></span> <span class='ocrx_word' id='word_1_80' title='bbox 1587 1813 1615 1850; x_wconf 87' lang='lat' dir='ltr'><strong>ro</strong></span> 
     </span>
     <span class='ocr_line' id='line_1_12' title="bbox 338 1893 1573 1980; baseline -0.002 -21"><span class='ocrx_word' id='word_1_81' title='bbox 338 1896 424 1980; x_wconf 83' lang='lat' dir='ltr'><strong>signi</strong></span> <span class='ocrx_word' id='word_1_82' title='bbox 448 1894 640 1960; x_wconf 89' lang='lat' dir='ltr'><strong>detrimento</strong></span> <span class='ocrx_word' id='word_1_83' title='bbox 659 1896 728 1959; x_wconf 89' lang='lat' dir='ltr'><strong>eius</strong></span> <span class='ocrx_word' id='word_1_84' title='bbox 747 1896 858 1978; x_wconf 91' lang='lat' dir='ltr'><strong>possit.</strong></span> <span class='ocrx_word' id='word_1_85' title='bbox 891 1893 936 1958; x_wconf 80' lang='lat' dir='ltr'><strong>Et</strong></span> <span class='ocrx_word' id='word_1_86' title='bbox 954 1894 1017 1958; x_wconf 89' lang='lat' dir='ltr'><strong>hoc</strong></span> <span class='ocrx_word' id='word_1_87' title='bbox 1035 1915 1094 1959; x_wconf 92' lang='lat' dir='ltr'><strong>nos</strong></span> <span class='ocrx_word' id='word_1_88' title='bbox 1113 1915 1173 1978; x_wconf 92' lang='lat' dir='ltr'><strong>pro</strong></span> <span class='ocrx_word' id='word_1_89' title='bbox 1193 1898 1280 1958; x_wconf 85' lang='lat' dir='ltr'><strong>certo</strong></span> <span class='ocrx_word' id='word_1_90' title='bbox 1300 1893 1463 1977; x_wconf 89' lang='lat' dir='ltr'><strong>habemus,</strong></span> <span class='ocrx_word' id='word_1_91' title='bbox 1483 1894 1573 1978; x_wconf 93' lang='lat' dir='ltr'><strong>quid·</strong></span> 
     </span>
     <span class='ocr_line' id='line_1_13' title="bbox 339 1999 1573 2086; baseline -0.002 -20"><span class='ocrx_word' id='word_1_92' title='bbox 339 2002 418 2085; x_wconf 92' lang='lat' dir='ltr'><strong>quid</strong></span> <span class='ocrx_word' id='word_1_93' title='bbox 446 2002 485 2065; x_wconf 90' lang='lat' dir='ltr'><strong>de</strong></span> <span class='ocrx_word' id='word_1_94' title='bbox 508 2024 603 2066; x_wconf 85' lang='lat' dir='ltr'><strong>versu</strong></span> <span class='ocrx_word' id='word_1_95' title='bbox 625 2001 834 2066; x_wconf 86' lang='lat' dir='ltr'><strong>instaurando</strong></span> <span class='ocrx_word' id='word_1_96' title='bbox 858 2002 1020 2066; x_wconf 77' lang='lat' dir='ltr'><strong>statuitur.</strong></span> <span class='ocrx_word' id='word_1_97' title='bbox 1059 1999 1122 2065; x_wconf 87' lang='lat' dir='ltr'><strong>Sed</strong></span> <span class='ocrx_word' id='word_1_98' title='bbox 1145 2000 1172 2064; x_wconf 90' lang='lat' dir='ltr'><strong>si</strong></span> <span class='ocrx_word' id='word_1_99' title='bbox 1196 2001 1485 2086; x_wconf 75' lang='lat' dir='ltr'><strong>circumspicimus,</strong></span> <span class='ocrx_word' id='word_1_100' title='bbox 1510 2023 1573 2085; x_wconf 86' lang='lat' dir='ltr'><strong>qua</strong></span> 
     </span>
     <span class='ocr_line' id='line_1_14' title="bbox 337 2107 1573 2192; baseline -0.001 -19"><span class='ocrx_word' id='word_1_101' title='bbox 337 2110 461 2174; x_wconf 87' lang='lat' dir='ltr'><strong>ratione</strong></span> <span class='ocrx_word' id='word_1_102' title='bbox 485 2109 583 2173; x_wconf 85' lang='lat' dir='ltr'><strong>verba</strong></span> <span class='ocrx_word' id='word_1_103' title='bbox 605 2112 680 2192; x_wconf 84' lang='lat' dir='ltr'><strong>apte</strong></span> <span class='ocrx_word' id='word_1_104' title='bbox 702 2109 737 2172; x_wconf 94' lang='lat' dir='ltr'><strong>in</strong></span> <span class='ocrx_word' id='word_1_105' title='bbox 760 2130 870 2172; x_wconf 79' lang='lat' dir='ltr'><strong>versus</strong></span> <span class='ocrx_word' id='word_1_106' title='bbox 894 2108 1044 2172; x_wconf 84' lang='lat' dir='ltr'><strong>distribui</strong></span> <span class='ocrx_word' id='word_1_107' title='bbox 1068 2108 1202 2190; x_wconf 82' lang='lat' dir='ltr'><strong>possint,</strong></span> <span class='ocrx_word' id='word_1_108' title='bbox 1225 2128 1290 2171; x_wconf 93' lang='lat' dir='ltr'><strong>non</strong></span> <span class='ocrx_word' id='word_1_109' title='bbox 1313 2107 1440 2171; x_wconf 87' lang='lat' dir='ltr'><strong>videtur</strong></span> <span class='ocrx_word' id='word_1_110' title='bbox 1458 2108 1573 2172; x_wconf 87' lang='lat' dir='ltr'><strong>melius</strong></span> 
     </span>
     <span class='ocr_line' id='line_1_15' title="bbox 337 2213 1574 2298; baseline -0.002 -18"><span class='ocrx_word' id='word_1_111' title='bbox 337 2237 432 2298; x_wconf 89' lang='lat' dir='ltr'><strong>posse</strong></span> <span class='ocrx_word' id='word_1_112' title='bbox 451 2217 629 2280; x_wconf 89' lang='lat' dir='ltr'><strong>sententiae</strong></span> <span class='ocrx_word' id='word_1_113' title='bbox 649 2219 682 2278; x_wconf 89' lang='lat' dir='ltr'><strong>et</strong></span> <span class='ocrx_word' id='word_1_114' title='bbox 701 2216 857 2280; x_wconf 86' lang='lat' dir='ltr'><strong>orationis</strong></span> <span class='ocrx_word' id='word_1_115' title='bbox 876 2218 1009 2280; x_wconf 88' lang='lat' dir='ltr'><strong>naturae</strong></span> <span class='ocrx_word' id='word_1_116' title='bbox 1027 2213 1214 2298; x_wconf 89' lang='lat' dir='ltr'><strong>responderi</strong></span> <span class='ocrx_word' id='word_1_117' title='bbox 1234 2234 1329 2297; x_wconf 90' lang='lat' dir='ltr'><strong>quam</strong></span> <span class='ocrx_word' id='word_1_118' title='bbox 1348 2214 1495 2297; x_wconf 88' lang='lat' dir='ltr'><strong>partibus</strong></span> <span class='ocrx_word' id='word_1_119' title='bbox 1511 2213 1574 2278; x_wconf 87' lang='lat' dir='ltr'><strong>hoc</strong></span> 
     </span>
     <span class='ocr_line' id='line_1_16' title="bbox 338 2322 650 2406; baseline 0 -19"><span class='ocrx_word' id='word_1_120' title='bbox 338 2322 434 2388; x_wconf 89' lang='lat' dir='ltr'><strong>modo</strong></span> <span class='ocrx_word' id='word_1_121' title='bbox 459 2323 650 2406; x_wconf 86' lang='lat' dir='ltr'><strong>dispertitis:</strong></span> 
     </span>
    </p>

    <p class='ocr_par' dir='ltr' id='par_1_5' title="bbox 473 2428 1582 2725">
     <span class='ocr_line' id='line_1_17' title="bbox 1191 2428 1528 2510; baseline 0.006 -18"><span class='ocrx_word' id='word_1_122' title='bbox 1191 2449 1252 2510; x_wconf 83' lang='lat' dir='ltr'><strong>pm</strong></span> <span class='ocrx_word' id='word_1_123' title='bbox 1277 2428 1312 2492; x_wconf 85' lang='lat' dir='ltr'><strong>di</strong></span> <span class='ocrx_word' id='word_1_124' title='bbox 1334 2428 1528 2508; x_wconf 73' lang='lat' dir='ltr'><strong>immuniter,</strong></span> 
     </span>
     <span class='ocr_line' id='line_1_18' title="bbox 473 2535 1582 2625; baseline -0.001 -23"><span class='ocrx_word' id='word_1_125' title='bbox 473 2535 612 2618; x_wconf 71' lang='lat' dir='ltr'><strong>Speciem</strong></span> <span class='ocrx_word' id='word_1_126' title='bbox 639 2538 813 2625; x_wconf 77' lang='lat' dir='ltr'><strong>bnmonpm</strong></span> <span class='ocrx_word' id='word_1_127' title='bbox 840 2538 1037 2600; x_wconf 78' lang='lat' dir='ltr'><strong>invisitatum</strong></span> <span class='ocrx_word' id='word_1_128' title='bbox 1066 2536 1221 2618; x_wconf 66' lang='lat' dir='ltr'><strong>eyrcpiom</strong></span> <span class='ocrx_word' id='word_1_129' title='bbox 1248 2535 1416 2617; x_wconf 75' lang='lat' dir='ltr'><strong>indipnnm</strong></span> <span class='ocrx_word' id='word_1_130' title='bbox 1439 2535 1525 2601; x_wconf 78' lang='lat' dir='ltr'><strong>elide</strong></span> <span class='ocrx_word' id='word_1_131' title='bbox 1547 2542 1582 2601; x_wconf 86' lang='lat' dir='ltr'><strong>et-</strong></span> 
     </span>
     <span class='ocr_line' id='line_1_19' title="bbox 1352 2643 1573 2725; baseline 0.005 -18"><span class='ocrx_word' id='word_1_132' title='bbox 1352 2643 1573 2725; x_wconf 78' lang='lat' dir='ltr'><strong>sqnoiitiidine.</strong></span> 
     </span>
    </p>

    <p class='ocr_par' dir='ltr' id='par_1_6' title="bbox 341 2748 1576 2835">
     <span class='ocr_line' id='line_1_20' title="bbox 341 2748 1576 2835; baseline -0.002 -20"><span class='ocrx_word' id='word_1_133' title='bbox 341 2750 486 2827; x_wconf 84' lang='lat' dir='ltr'><strong>Quorum</strong></span> <span class='ocrx_word' id='word_1_134' title='bbox 505 2773 655 2814; x_wconf 88' lang='lat' dir='ltr'><strong>versuum</strong></span> <span class='ocrx_word' id='word_1_135' title='bbox 675 2753 755 2815; x_wconf 89' lang='lat' dir='ltr'><strong>alter</strong></span> <span class='ocrx_word' id='word_1_136' title='bbox 774 2755 823 2814; x_wconf 90' lang='lat' dir='ltr'><strong>est</strong></span> <span class='ocrx_word' id='word_1_137' title='bbox 840 2754 1040 2835; x_wconf 86' lang='lat' dir='ltr'><strong>pentameter</strong></span> <span class='ocrx_word' id='word_1_138' title='bbox 1059 2748 1250 2833; x_wconf 87' lang='lat' dir='ltr'><strong>trochaicus,</strong></span> <span class='ocrx_word' id='word_1_139' title='bbox 1269 2749 1303 2812; x_wconf 93' lang='lat' dir='ltr'><strong>in</strong></span> <span class='ocrx_word' id='word_1_140' title='bbox 1318 2771 1382 2833; x_wconf 90' lang='lat' dir='ltr'><strong>quo</strong></span> <span class='ocrx_word' id='word_1_141' title='bbox 1397 2751 1464 2814; x_wconf 85' lang='lat' dir='ltr'><strong>sive</strong></span> <span class='ocrx_word' id='word_1_142' title='bbox 1479 2749 1576 2814; x_wconf 85' lang='lat' dir='ltr'><strong>verbe</strong></span> 
     </span>
    </p>
   </div>
   <div class='ocr_carea' id='block_1_3' title="bbox 340 2851 1654 3262">
    <p class='ocr_par' dir='ltr' id='par_1_7' title="bbox 340 2851 1654 3262">
     <span class='ocr_line' id='line_1_21' title="bbox 340 2851 1654 2944; baseline -0.001 -22"><span class='ocrx_word' id='word_1_143' title='bbox 340 2857 406 2922; x_wconf 85' lang='lat' dir='ltr'><strong>sive</strong></span> <span class='ocrx_word' id='word_1_144' title='bbox 433 2863 536 2922; x_wconf 89' lang='lat' dir='ltr'><strong>metra</strong></span> <span class='ocrx_word' id='word_1_145' title='bbox 563 2859 739 2944; x_wconf 85' lang='lat' dir='ltr'><strong>perspicias</strong></span> <span class='ocrx_word' id='word_1_146' title='bbox 766 2858 849 2923; x_wconf 84' lang='lat' dir='ltr'><strong>nihil</strong></span> <span class='ocrx_word' id='word_1_147' title='bbox 877 2880 946 2923; x_wconf 87' lang='lat' dir='ltr'><strong>esse</strong></span> <span class='ocrx_word' id='word_1_148' title='bbox 974 2857 1136 2923; x_wconf 85' lang='lat' dir='ltr'><strong>fatendum</strong></span> <span class='ocrx_word' id='word_1_149' title='bbox 1169 2863 1217 2922; x_wconf 89' lang='lat' dir='ltr'><strong>est</strong></span> <span class='ocrx_word' id='word_1_150' title='bbox 1245 2857 1331 2942; x_wconf 93' lang='lat' dir='ltr'><strong>quod</strong></span> <span class='ocrx_word' id='word_1_151' title='bbox 1358 2879 1424 2923; x_wconf 91' lang='lat' dir='ltr'><strong>non</strong></span> <span class='ocrx_word' id='word_1_152' title='bbox 1453 2857 1617 2942; x_wconf 85' lang='lat' dir='ltr'><strong>optimam</strong></span> <span class='ocrx_word' id='word_1_153' title='bbox 1651 2851 1654 2861; x_wconf 80' lang='grc'><strong>’</strong></span> 
     </span>
     <span class='ocr_line' id='line_1_22' title="bbox 340 2964 1574 3050; baseline -0.001 -21"><span class='ocrx_word' id='word_1_154' title='bbox 340 2966 460 3030; x_wconf 88' lang='lat' dir='ltr'><strong>elatum</strong></span> <span class='ocrx_word' id='word_1_155' title='bbox 489 2966 543 3050; x_wconf 81' lang='lat' dir='ltr'><strong>sit3</strong></span> <span class='ocrx_word' id='word_1_156' title='bbox 571 2965 628 3029; x_wconf 91' lang='lat' dir='ltr'><strong>illa</strong></span> <span class='ocrx_word' id='word_1_157' title='bbox 644 2987 706 3049; x_wconf 82' lang='lat' dir='ltr'><strong>pro</strong></span> <span class='ocrx_word' id='word_1_158' title='bbox 729 2967 765 3030; x_wconf 84' lang='lat' dir='ltr'><strong>di</strong></span> <span class='ocrx_word' id='word_1_159' title='bbox 786 2966 979 3044; x_wconf 74' lang='lat' dir='ltr'><strong>inmortales,</strong></span> <span class='ocrx_word' id='word_1_160' title='bbox 1007 2965 1071 3030; x_wconf 90' lang='lat' dir='ltr'><strong>nisi</strong></span> <span class='ocrx_word' id='word_1_161' title='bbox 1094 2964 1250 3046; x_wconf 83' lang='lat' dir='ltr'><strong>fallimur,</strong></span> <span class='ocrx_word' id='word_1_162' title='bbox 1278 2965 1436 3031; x_wconf 87' lang='lat' dir='ltr'><strong>octonarii</strong></span> <span class='ocrx_word' id='word_1_163' title='bbox 1460 2966 1574 3046; x_wconf 81' lang='lat' dir='ltr'><strong>exitus,</strong></span> 
     </span>
     <span class='ocr_line' id='line_1_23' title="bbox 340 3068 1574 3156; baseline 0.001 -21"><span class='ocrx_word' id='word_1_164' title='bbox 340 3093 422 3155; x_wconf 88' lang='lat' dir='ltr'><strong>quae</strong></span> <span class='ocrx_word' id='word_1_165' title='bbox 451 3072 486 3136; x_wconf 92' lang='lat' dir='ltr'><strong>in</strong></span> <span class='ocrx_word' id='word_1_166' title='bbox 514 3077 658 3137; x_wconf 83' lang='lat' dir='ltr'><strong>extremo</strong></span> <span class='ocrx_word' id='word_1_167' title='bbox 688 3074 851 3156; x_wconf 90' lang='lat' dir='ltr'><strong>superiore</strong></span> <span class='ocrx_word' id='word_1_168' title='bbox 874 3072 1035 3136; x_wconf 87' lang='lat' dir='ltr'><strong>habentur</strong></span> <span class='ocrx_word' id='word_1_169' title='bbox 1058 3076 1095 3135; x_wconf 88' lang='lat' dir='ltr'><strong>ut</strong></span> <span class='ocrx_word' id='word_1_170' title='bbox 1118 3072 1204 3156; x_wconf 91' lang='lat' dir='ltr'><strong>apud</strong></span> <span class='ocrx_word' id='word_1_171' title='bbox 1227 3071 1412 3136; x_wconf 80' lang='lat' dir='ltr'><strong>Terentium</strong></span> <span class='ocrx_word' id='word_1_172' title='bbox 1436 3068 1574 3155; x_wconf 84' lang='lat' dir='ltr'><strong>Adelph.</strong></span> 
     </span>
     <span class='ocr_line' id='line_1_24' title="bbox 340 3179 494 3262; baseline -0.006 -19"><span class='ocrx_word' id='word_1_173' title='bbox 340 3179 494 3262; x_wconf 80' lang='lat'><strong>11113,2</strong></span> 
     </span>
    </p>
   </div>
   <div class='ocr_carea' id='block_1_4' title="bbox 340 3286 1618 4973">
    <p class='ocr_par' dir='ltr' id='par_1_8' title="bbox 340 3286 1618 4330">
     <span class='ocr_line' id='line_1_25' title="bbox 823 3286 1069 3368; baseline -0.008 -17"><span class='ocrx_word' id='word_1_174' title='bbox 823 3287 889 3351; x_wconf 89' lang='lat' dir='ltr'><strong>Pm</strong></span> <span class='ocrx_word' id='word_1_175' title='bbox 913 3286 1069 3368; x_wconf 81' lang='lat' dir='ltr'><strong>luppiter,</strong></span> 
     </span>
     <span class='ocr_line' id='line_1_26' title="bbox 475 3393 823 3458; baseline -0.003 0"><span class='ocrx_word' id='word_1_176' title='bbox 475 3393 627 3458; x_wconf 80' lang='lat' dir='ltr'><strong>Hominis</strong></span> <span class='ocrx_word' id='word_1_177' title='bbox 649 3393 823 3458; x_wconf 75' lang='lat' dir='ltr'><strong>stultitiam.</strong></span> 
     </span>
     <span class='ocr_line' id='line_1_27' title="bbox 430 3496 1576 3584; baseline 0 -21"><span class='ocrx_word' id='word_1_178' title='bbox 430 3518 478 3565; x_wconf 90' lang='lat'>111.</span> <span class='ocrx_word' id='word_1_179' title='bbox 510 3499 720 3583; x_wconf 88' lang='lat' dir='ltr'><strong>Impeditiora</strong></span> <span class='ocrx_word' id='word_1_180' title='bbox 747 3504 822 3563; x_wconf 90' lang='lat' dir='ltr'><strong>sunt</strong></span> <span class='ocrx_word' id='word_1_181' title='bbox 850 3522 932 3584; x_wconf 84' lang='lat' dir='ltr'><strong>quae</strong></span> <span class='ocrx_word' id='word_1_182' title='bbox 961 3500 1066 3583; x_wconf 89' lang='lat' dir='ltr'><strong>capite</strong></span> <span class='ocrx_word' id='word_1_183' title='bbox 1095 3496 1190 3563; x_wconf 85' lang='lat' dir='ltr'><strong>tertio</strong></span> <span class='ocrx_word' id='word_1_184' title='bbox 1215 3496 1466 3581; x_wconf 85' lang='lat' dir='ltr'><strong>complectimur.</strong></span> <span class='ocrx_word' id='word_1_185' title='bbox 1509 3496 1576 3563; x_wconf 91' lang='lat' dir='ltr'><strong>Pri·</strong></span> 
     </span>
     <span class='ocr_line' id='line_1_28' title="bbox 340 3604 1575 3690; baseline -0.002 -20"><span class='ocrx_word' id='word_1_186' title='bbox 340 3629 429 3670; x_wconf 92' lang='lat' dir='ltr'><strong>mum</strong></span> <span class='ocrx_word' id='word_1_187' title='bbox 456 3606 535 3671; x_wconf 88' lang='lat' dir='ltr'><strong>haec</strong></span> <span class='ocrx_word' id='word_1_188' title='bbox 559 3628 640 3690; x_wconf 90' lang='lat' dir='ltr'><strong>quae</strong></span> <span class='ocrx_word' id='word_1_189' title='bbox 663 3605 791 3671; x_wconf 86' lang='lat' dir='ltr'><strong>Nonius</strong></span> <span class='ocrx_word' id='word_1_190' title='bbox 814 3608 927 3672; x_wconf 91' lang='lat' dir='ltr'><strong>scribit</strong></span> <span class='ocrx_word' id='word_1_191' title='bbox 948 3606 1004 3670; x_wconf 89' lang='lat' dir='ltr'><strong>lib.</strong></span> <span class='ocrx_word' id='word_1_192' title='bbox 1024 3623 1087 3669; x_wconf 82' lang='lat' dir='ltr'><strong>vul</strong></span> <span class='ocrx_word' id='word_1_193' title='bbox 1111 3605 1167 3689; x_wconf 90' lang='lat' dir='ltr'><strong>qui</strong></span> <span class='ocrx_word' id='word_1_194' title='bbox 1191 3608 1239 3669; x_wconf 90' lang='lat' dir='ltr'><strong>est</strong></span> <span class='ocrx_word' id='word_1_195' title='bbox 1263 3604 1457 3669; x_wconf 84' lang='lat' dir='ltr'><strong>demutatis</strong></span> <span class='ocrx_word' id='word_1_196' title='bbox 1482 3605 1575 3669; x_wconf 90' lang='lat' dir='ltr'><strong>decli·</strong></span> 
     </span>
     <span class='ocr_line' id='line_1_29' title="bbox 344 3713 724 3798; baseline -0.003 -20"><span class='ocrx_word' id='word_1_197' title='bbox 344 3713 530 3778; x_wconf 89' lang='lat' dir='ltr'><strong>nationibus</strong></span> <span class='ocrx_word' id='word_1_198' title='bbox 554 3737 584 3798; x_wconf 89' lang='lat' dir='ltr'><strong>p.</strong></span> <span class='ocrx_word' id='word_1_199' title='bbox 603 3713 683 3798; x_wconf 82' lang='lat'><strong>485,</strong></span> <span class='ocrx_word' id='word_1_200' title='bbox 702 3715 724 3777; x_wconf 91' lang='grc'>4</span> 
     </span>
     <span class='ocr_line' id='line_1_30' title="bbox 477 3818 1577 3903; baseline -0.004 -18"><span class='ocrx_word' id='word_1_201' title='bbox 477 3822 576 3886; x_wconf 82' lang='lat' dir='ltr'><strong>‘iteris</strong></span> <span class='ocrx_word' id='word_1_202' title='bbox 596 3822 736 3903; x_wconf 81' lang='lat' dir='ltr'><strong>positum</strong></span> <span class='ocrx_word' id='word_1_203' title='bbox 753 3841 814 3902; x_wconf 80' lang='lat' dir='ltr'><strong>pm</strong></span> <span class='ocrx_word' id='word_1_204' title='bbox 837 3821 969 3885; x_wconf 82' lang='lat' dir='ltr'><strong>itineris,</strong></span> <span class='ocrx_word' id='word_1_205' title='bbox 999 3820 1174 3902; x_wconf 79' lang='lat' dir='ltr'><strong>etquidem</strong></span> <span class='ocrx_word' id='word_1_206' title='bbox 1196 3825 1274 3884; x_wconf 81' lang='lat' dir='ltr'><strong>rmie</strong></span> <span class='ocrx_word' id='word_1_207' title='bbox 1296 3818 1335 3883; x_wconf 85' lang='lat' dir='ltr'><strong>nb</strong></span> <span class='ocrx_word' id='word_1_208' title='bbox 1358 3839 1390 3883; x_wconf 87' lang='lat' dir='ltr'><strong>eo</strong></span> <span class='ocrx_word' id='word_1_209' title='bbox 1413 3818 1497 3899; x_wconf 83' lang='lat' dir='ltr'><strong>qnod</strong></span> <span class='ocrx_word' id='word_1_210' title='bbox 1518 3818 1577 3882; x_wconf 87' lang='lat' dir='ltr'><strong>iter</strong></span> 
     </span>
     <span class='ocr_line' id='line_1_31' title="bbox 475 3924 1618 4010; baseline -0.004 -18"><span class='ocrx_word' id='word_1_211' title='bbox 475 3929 564 3992; x_wconf 80' lang='lat' dir='ltr'><strong>iteris</strong></span> <span class='ocrx_word' id='word_1_212' title='bbox 586 3928 678 4008; x_wconf 77' lang='lat' dir='ltr'><strong>facit,</strong></span> <span class='ocrx_word' id='word_1_213' title='bbox 706 3929 801 3991; x_wconf 82' lang='lat' dir='ltr'><strong>itiner</strong></span> <span class='ocrx_word' id='word_1_214' title='bbox 823 3929 955 3992; x_wconf 79' lang='lat' dir='ltr'><strong>itineris.</strong></span> <span class='ocrx_word' id='word_1_215' title='bbox 992 3926 1134 3992; x_wconf 81' lang='lat' dir='ltr'><strong>Naeuius</strong></span> <span class='ocrx_word' id='word_1_216' title='bbox 1157 3926 1315 4010; x_wconf 75' lang='lat' dir='ltr'><strong>menpo:</strong></span> <span class='ocrx_word' id='word_1_217' title='bbox 1344 3924 1467 4007; x_wconf 66' lang='lat' dir='ltr'><strong>“innoti</strong></span> <span class='ocrx_word' id='word_1_218' title='bbox 1489 3924 1577 3989; x_wconf 82' lang='lat' dir='ltr'><strong>iteris</strong></span> <span class='ocrx_word' id='word_1_219' title='bbox 1591 3946 1618 3987; x_wconf 83' lang='lat' dir='ltr'><strong>eo</strong></span> 
     </span>
     <span class='ocr_line' id='line_1_32' title="bbox 476 4032 1576 4117; baseline -0.004 -17"><span class='ocrx_word' id='word_1_220' title='bbox 476 4055 592 4114; x_wconf 79' lang='lat' dir='ltr'><strong>snmus,</strong></span> <span class='ocrx_word' id='word_1_221' title='bbox 620 4040 681 4099; x_wconf 81' lang='lat' dir='ltr'><strong>tnta</strong></span> <span class='ocrx_word' id='word_1_222' title='bbox 703 4035 797 4100; x_wconf 85' lang='lat' dir='ltr'><strong>scis&#39;’.</strong></span> <span class='ocrx_word' id='word_1_223' title='bbox 828 4035 943 4100; x_wconf 84' lang='lat' dir='ltr'><strong>Aceins</strong></span> <span class='ocrx_word' id='word_1_224' title='bbox 970 4033 1141 4100; x_wconf 79' lang='lat' dir='ltr'><strong>Oenomao:</strong></span> <span class='ocrx_word' id='word_1_225' title='bbox 1170 4033 1314 4117; x_wconf 65' lang='lat' dir='ltr'><strong>‘memo</strong></span> <span class='ocrx_word' id='word_1_226' title='bbox 1337 4034 1432 4097; x_wconf 86' lang='lat' dir='ltr'><strong>etium</strong></span> <span class='ocrx_word' id='word_1_227' title='bbox 1455 4032 1576 4097; x_wconf 81' lang='lat' dir='ltr'><strong>niumm.</strong></span> 
     </span>
     <span class='ocr_line' id='line_1_33' title="bbox 477 4138 1577 4224; baseline -0.003 -18"><span class='ocrx_word' id='word_1_228' title='bbox 477 4163 619 4223; x_wconf 80' lang='lat' dir='ltr'><strong>mprome</strong></span> <span class='ocrx_word' id='word_1_229' title='bbox 645 4142 723 4223; x_wconf 78' lang='lat' dir='ltr'><strong>qnid</strong></span> <span class='ocrx_word' id='word_1_230' title='bbox 742 4143 824 4222; x_wconf 82' lang='lat' dir='ltr'><strong>fers:</strong></span> <span class='ocrx_word' id='word_1_231' title='bbox 850 4162 928 4206; x_wconf 84' lang='lat' dir='ltr'><strong>nam</strong></span> <span class='ocrx_word' id='word_1_232' title='bbox 951 4147 978 4206; x_wconf 86' lang='lat' dir='ltr'><strong>tc</strong></span> <span class='ocrx_word' id='word_1_233' title='bbox 1001 4141 1090 4224; x_wconf 77' lang='lat' dir='ltr'><strong>lonpo</strong></span> <span class='ocrx_word' id='word_1_234' title='bbox 1112 4141 1187 4206; x_wconf 85' lang='lat' dir='ltr'><strong>itere</strong></span> <span class='ocrx_word' id='word_1_235' title='bbox 1209 4160 1298 4205; x_wconf 80' lang='lat' dir='ltr'><strong>cerno</strong></span> <span class='ocrx_word' id='word_1_236' title='bbox 1320 4138 1466 4205; x_wconf 60' lang='lat' dir='ltr'><strong>vaderet</strong></span> <span class='ocrx_word' id='word_1_237' title='bbox 1493 4139 1577 4203; x_wconf 83' lang='lat' dir='ltr'><strong>idem</strong></span> 
     </span>
     <span class='ocr_line' id='line_1_34' title="bbox 480 4247 679 4330; baseline -0.01 -17"><span class='ocrx_word' id='word_1_238' title='bbox 480 4249 583 4330; x_wconf 75' lang='lat' dir='ltr'><strong>Telefo</strong></span> <span class='ocrx_word' id='word_1_239' title='bbox 602 4298 609 4312; x_wconf 89' lang='lat'><strong>.</strong></span> <span class='ocrx_word' id='word_1_240' title='bbox 629 4299 635 4312; x_wconf 94' lang='lat'>.</span> <span class='ocrx_word' id='word_1_241' title='bbox 656 4247 679 4312; x_wconf 91' lang='lat'><strong>.’</strong></span> 
     </span>
    </p>

    <p class='ocr_par' dir='ltr' id='par_1_9' title="bbox 342 4349 1577 4439">
     <span class='ocr_line' id='line_1_35' title="bbox 342 4349 1577 4439; baseline -0.002 -21"><span class='ocrx_word' id='word_1_242' title='bbox 342 4353 382 4418; x_wconf 92' lang='lat' dir='ltr'><strong>In</strong></span> <span class='ocrx_word' id='word_1_243' title='bbox 401 4356 518 4439; x_wconf 88' lang='lat' dir='ltr'><strong>quibus</strong></span> <span class='ocrx_word' id='word_1_244' title='bbox 533 4360 609 4420; x_wconf 88' lang='lat' dir='ltr'><strong>sunt</strong></span> <span class='ocrx_word' id='word_1_245' title='bbox 622 4378 703 4439; x_wconf 90' lang='lat' dir='ltr'><strong>quae</strong></span> <span class='ocrx_word' id='word_1_246' title='bbox 718 4378 737 4419; x_wconf 82' lang='lat' dir='ltr'><strong>a</strong></span> <span class='ocrx_word' id='word_1_247' title='bbox 750 4354 851 4419; x_wconf 89' lang='lat' dir='ltr'><strong>Nonii</strong></span> <span class='ocrx_word' id='word_1_248' title='bbox 866 4355 1043 4420; x_wconf 84' lang='lat' dir='ltr'><strong>editoribus</strong></span> <span class='ocrx_word' id='word_1_249' title='bbox 1057 4376 1123 4419; x_wconf 92' lang='lat' dir='ltr'><strong>non</strong></span> <span class='ocrx_word' id='word_1_250' title='bbox 1138 4358 1222 4418; x_wconf 86' lang='lat' dir='ltr'><strong>recte</strong></span> <span class='ocrx_word' id='word_1_251' title='bbox 1237 4352 1364 4419; x_wconf 90' lang='lat' dir='ltr'><strong>institui</strong></span> <span class='ocrx_word' id='word_1_252' title='bbox 1379 4349 1577 4437; x_wconf 89' lang='lat' dir='ltr'><strong>videntur*).</strong></span> 
     </span>
    </p>

    <p class='ocr_par' dir='ltr' id='par_1_10' title="bbox 343 4544 1591 4973">
     <span class='ocr_line' id='line_1_36' title="bbox 433 4544 1579 4617; baseline -0.004 -15"><span class='ocrx_word' id='word_1_253' title='bbox 433 4549 497 4617; x_wconf 76' lang='grc'><strong>*34)</strong></span> <span class='ocrx_word' id='word_1_254' title='bbox 516 4547 589 4602; x_wconf 88' lang='lat' dir='ltr'><strong>Nam</strong></span> <span class='ocrx_word' id='word_1_255' title='bbox 603 4548 725 4616; x_wconf 88' lang='lat' dir='ltr'><strong>primum</strong></span> <span class='ocrx_word' id='word_1_256' title='bbox 739 4548 810 4601; x_wconf 88' lang='lat' dir='ltr'><strong>haec</strong></span> <span class='ocrx_word' id='word_1_257' title='bbox 824 4550 988 4616; x_wconf 78' lang='lat' dir='ltr'><strong>quaerente</strong></span> <span class='ocrx_word' id='word_1_258' title='bbox 1003 4548 1108 4617; x_wconf 87' lang='lat' dir='ltr'><strong>scripta</strong></span> <span class='ocrx_word' id='word_1_259' title='bbox 1122 4550 1188 4601; x_wconf 86' lang='lat' dir='ltr'><strong>sunt</strong></span> <span class='ocrx_word' id='word_1_260' title='bbox 1197 4548 1460 4616; x_wconf 78' lang='lat' dir='ltr'><strong>iteriaporitnmpro</strong></span> <span class='ocrx_word' id='word_1_261' title='bbox 1470 4544 1579 4599; x_wconf 80' lang='lat' dir='ltr'><strong>itineris</strong></span> 
     </span>
     <span class='ocr_line' id='line_1_37' title="bbox 343 4632 1579 4706; baseline -0.003 -15"><span class='ocrx_word' id='word_1_262' title='bbox 343 4645 369 4692; x_wconf 79' lang='lat' dir='ltr'><strong>et</strong></span> <span class='ocrx_word' id='word_1_263' title='bbox 382 4638 491 4706; x_wconf 79' lang='lat' dir='ltr'><strong>quidem</strong></span> <span class='ocrx_word' id='word_1_264' title='bbox 503 4645 572 4692; x_wconf 81' lang='lat' dir='ltr'><strong>reete</strong></span> <span class='ocrx_word' id='word_1_265' title='bbox 586 4638 621 4691; x_wconf 86' lang='lat' dir='ltr'><strong>ab</strong></span> <span class='ocrx_word' id='word_1_266' title='bbox 636 4655 665 4692; x_wconf 87' lang='lat' dir='ltr'><strong>eo</strong></span> <span class='ocrx_word' id='word_1_267' title='bbox 679 4638 752 4706; x_wconf 81' lang='lat' dir='ltr'><strong>qnod</strong></span> <span class='ocrx_word' id='word_1_268' title='bbox 769 4637 822 4691; x_wconf 82' lang='lat' dir='ltr'><strong>iter</strong></span> <span class='ocrx_word' id='word_1_269' title='bbox 834 4637 911 4691; x_wconf 79' lang='lat' dir='ltr'><strong>iteris</strong></span> <span class='ocrx_word' id='word_1_270' title='bbox 925 4638 1003 4704; x_wconf 76' lang='lat' dir='ltr'><strong>facit,</strong></span> <span class='ocrx_word' id='word_1_271' title='bbox 1017 4638 1101 4693; x_wconf 84' lang='lat' dir='ltr'><strong>itiner</strong></span> <span class='ocrx_word' id='word_1_272' title='bbox 1114 4638 1222 4692; x_wconf 80' lang='lat' dir='ltr'><strong>itineris</strong></span> <span class='ocrx_word' id='word_1_273' title='bbox 1235 4634 1303 4704; x_wconf 88' lang='lat' dir='ltr'><strong>quia</strong></span> <span class='ocrx_word' id='word_1_274' title='bbox 1312 4651 1368 4689; x_wconf 93' lang='lat' dir='ltr'><strong>non</strong></span> <span class='ocrx_word' id='word_1_275' title='bbox 1378 4632 1579 4689; x_wconf 84' lang='lat' dir='ltr'><strong>intellexerunt</strong></span> 
     </span>
     <span class='ocr_line' id='line_1_38' title="bbox 343 4723 1591 4794; baseline -0.002 -15"><span class='ocrx_word' id='word_1_276' title='bbox 343 4726 471 4793; x_wconf 85' lang='lat' dir='ltr'><strong>quamvis</strong></span> <span class='ocrx_word' id='word_1_277' title='bbox 495 4729 595 4794; x_wconf 83' lang='lat' dir='ltr'><strong>aperta</strong></span> <span class='ocrx_word' id='word_1_278' title='bbox 618 4726 820 4781; x_wconf 84' lang='lat' dir='ltr'><strong>additamentis</strong></span> <span class='ocrx_word' id='word_1_279' title='bbox 844 4725 1015 4793; x_wconf 87' lang='lat' dir='ltr'><strong>quibusdam</strong></span> <span class='ocrx_word' id='word_1_280' title='bbox 1037 4724 1123 4794; x_wconf 88' lang='lat' dir='ltr'><strong>plane</strong></span> <span class='ocrx_word' id='word_1_281' title='bbox 1145 4742 1258 4793; x_wconf 88' lang='lat' dir='ltr'><strong>pessum</strong></span> <span class='ocrx_word' id='word_1_282' title='bbox 1282 4723 1432 4791; x_wconf 83' lang='lat' dir='ltr'><strong>dederunt,</strong></span> <span class='ocrx_word' id='word_1_283' title='bbox 1456 4723 1522 4777; x_wconf 85' lang='lat' dir='ltr'><strong>dein</strong></span> <span class='ocrx_word' id='word_1_284' title='bbox 1541 4723 1591 4777; x_wconf 30' lang='lat' dir='ltr'><strong>aba</strong></span> 
     </span>
     <span class='ocr_line' id='line_1_39' title="bbox 343 4811 1579 4883; baseline -0.001 -15"><span class='ocrx_word' id='word_1_285' title='bbox 343 4814 437 4869; x_wconf 82' lang='lat' dir='ltr'><strong>Nonio</strong></span> <span class='ocrx_word' id='word_1_286' title='bbox 456 4814 668 4882; x_wconf 79' lang='lat' dir='ltr'><strong>abiudicarunt,</strong></span> <span class='ocrx_word' id='word_1_287' title='bbox 688 4816 737 4883; x_wconf 92' lang='lat' dir='ltr'><strong>qui</strong></span> <span class='ocrx_word' id='word_1_288' title='bbox 756 4815 875 4869; x_wconf 86' lang='lat' dir='ltr'><strong>eandem</strong></span> <span class='ocrx_word' id='word_1_289' title='bbox 894 4815 1065 4869; x_wconf 83' lang='lat' dir='ltr'><strong>sententiam</strong></span> <span class='ocrx_word' id='word_1_290' title='bbox 1084 4816 1114 4869; x_wconf 91' lang='lat' dir='ltr'><strong>in</strong></span> <span class='ocrx_word' id='word_1_291' title='bbox 1132 4813 1245 4869; x_wconf 85' lang='lat' dir='ltr'><strong>lib.v111</strong></span> <span class='ocrx_word' id='word_1_292' title='bbox 1264 4813 1434 4868; x_wconf 84' lang='lat' dir='ltr'><strong>demutatis</strong></span> <span class='ocrx_word' id='word_1_293' title='bbox 1455 4811 1579 4867; x_wconf 84' lang='lat' dir='ltr'><strong>declina-</strong></span> 
     </span>
     <span class='ocr_line' id='line_1_40' title="bbox 344 4902 1579 4973; baseline -0.002 -15"><span class='ocrx_word' id='word_1_294' title='bbox 344 4903 469 4958; x_wconf 89' lang='lat' dir='ltr'><strong>tionibus</strong></span> <span class='ocrx_word' id='word_1_295' title='bbox 482 4922 511 4972; x_wconf 88' lang='lat' dir='ltr'><strong>p.</strong></span> <span class='ocrx_word' id='word_1_296' title='bbox 522 4909 584 4973; x_wconf 77' lang='lat'><strong>482,</strong></span> <span class='ocrx_word' id='word_1_297' title='bbox 595 4911 628 4958; x_wconf 81' lang='lat'><strong>19</strong></span> <span class='ocrx_word' id='word_1_298' title='bbox 643 4903 726 4960; x_wconf 83' lang='lat' dir='ltr'><strong>affert</strong></span> <span class='ocrx_word' id='word_1_299' title='bbox 740 4921 803 4959; x_wconf 88' lang='lat' dir='ltr'><strong>cum</strong></span> <span class='ocrx_word' id='word_1_300' title='bbox 817 4904 847 4957; x_wconf 90' lang='lat' dir='ltr'><strong>in</strong></span> <span class='ocrx_word' id='word_1_301' title='bbox 861 4904 963 4958; x_wconf 89' lang='lat' dir='ltr'><strong>mediis</strong></span> <span class='ocrx_word' id='word_1_302' title='bbox 977 4902 1113 4973; x_wconf 83' lang='lat' dir='ltr'><strong>exemplis</strong></span> <span class='ocrx_word' id='word_1_303' title='bbox 1128 4904 1235 4958; x_wconf 85' lang='lat' dir='ltr'><strong>formae</strong></span> <span class='ocrx_word' id='word_1_304' title='bbox 1249 4904 1333 4959; x_wconf 85' lang='lat' dir='ltr'><strong>itiner</strong></span> <span class='ocrx_word' id='word_1_305' title='bbox 1346 4902 1442 4957; x_wconf 82' lang='lat' dir='ltr'><strong>addit:</strong></span> <span class='ocrx_word' id='word_1_306' title='bbox 1457 4902 1579 4972; x_wconf 74' lang='lat' dir='ltr'><strong>equidm</strong></span> 
     </span>
    </p>
   </div>
   <div class='ocr_carea' id='block_1_5' title="bbox 0 0 2002 5725">
    <p class='ocr_par' dir='ltr' id='par_1_11' title="bbox 0 0 2002 5725">
     <span class='ocr_line' id='line_1_41' title="bbox 0 0 2002 5725; baseline 0 0"><span class='ocrx_word' id='word_1_307' title='bbox 0 0 2002 5725; x_wconf 95' lang='lat' dir='ltr'><strong> </strong></span> 
     </span>
    </p>
   </div>
  </div>
 </body>
</html>
