3967 5725
415 594 481 658 462
618 597 689 647 LVI.
707 597 822 647 INDEX
840 596 1055 648 LECTIONUM
1073 597 1315 647 HIBERNARUM
1334 595 1466 666 morsos.

415 755 453 822 In
477 779 541 842 quo
566 758 621 842 qui
639 757 748 822 hiatus
768 762 816 822 est
834 758 920 821 inter
938 758 1019 822 scibo
1039 760 1071 821 et
1089 758 1202 822 emimde
1219 756 1291 822 tolli
1311 756 1440 842 quidem
1459 760 1567 841 potest
1583 779 1652 822 uon

415 887 480 929 uno
510 865 620 948 modo,
652 865 741 929 velut
767 865 848 930 scibo
876 864 941 950 [eu]
970 865 1082 930 mimda
1108 865 1161 928 vel
1187 865 1268 930 scibo
1297 861 1409 951 [eme]
1438 865 1562 945 carimde,
1595 864 1652 930 sed

414 973 607 1038 utrumlibet
624 992 895 1056 supervacaneum
915 975 965 1036 est
982 971 1237 1036 additamentum
1252 974 1285 1035 et
1298 971 1458 1036 inutiliter
1472 972 1651 1038 orationem

416 1083 535 1145 onerat.
573 1078 679 1156 Quare
701 1101 760 1144 nos
781 1079 827 1142 ita
845 1099 1020 1162 censemus,
1043 1078 1129 1143 hunc
1148 1079 1273 1143 hiatum
1292 1101 1358 1144 non
1376 1079 1480 1164 magis
1499 1079 1650 1144 dedecere

415 1190 544 1271 poetam
564 1208 660 1270 quarn
680 1207 775 1270 quem
794 1207 891 1270 supra
908 1185 1049 1251 vidimus
1067 1187 1102 1250 in
1120 1207 1214 1250 versu
1229 1170 1396 1251 Oenomai:
1420 1205 1496 1251 mona
1515 1192 1542 1252 te
1560 1186 1651 1270 iquo

414 1297 490 1359 itere
512 1314 535 1358 c.
554 1290 627 1379 o.*).

388 1408 390 1411 '
506 1398 627 1464 Similis
651 1398 870 1464 controversia
892 1421 926 1464 re
949 1421 1075 1464 summa
1096 1399 1269 1486 profligata
1292 1399 1436 1464 manebit
1453 1401 1488 1464 in
1506 1404 1650 1465 extremo

416 1507 503 1592 quod
526 1506 693 1571 tractaturi
717 1527 828 1570 sumus
851 1506 1008 1590 exemplo.
1045 1505 1172 1571 Nonius
1193 1507 1278 1571 enim
1293 1506 1353 1571 lib.
1372 1524 1385 1569 1
1405 1506 1651 1590 compendiosae

416 1614 580 1678 doctrinae
604 1636 634 1696 p.
654 1612 706 1698 39,
725 1611 746 1676 5
770 1612 884 1677 scribit
904 1612 985 1677 haec

376 1748 402 1787 ιο
550 1720 727 1786 ‘eliminasse
739 1725 828 1785 euim
842 1720 938 1785 limen
951 1721 1053 1785 eicere.
1086 1719 1267 1786 Pacuvius.
1283 1771 1290 1784 .
1305 1771 1312 1784 .
1326 1721 1455 1786 Emnim
1469 1771 1476 1784 .
1492 1771 1498 1785 .
1514 1771 1521 1784 .
1535 1721 1652 1786 Accius

550 1826 711 1910 Meleoqro
736 1826 869 1892 “timide
891 1828 1037 1892 eliminor
1060 1825 1140 1913 (mm
1162 1834 1197 1892 ut
1219 1825 1377 1914 eiimimor)
1401 1827 1652 1893 uermerium

550 1954 588 1998 ae
609 1940 683 1998 moia
705 1954 763 1999 vox
786 1936 830 2000 ud
851 1936 943 1999 oriris
964 1934 1126 2000 oceidit'’.'

415 2040 504 2106 Idem
526 2041 637 2106 lib.1v
661 2040 700 2104 de
723 2041 812 2106 varia
834 2040 1069 2128 significatione
1093 2063 1279 2106 sermonum
1302 2065 1332 2126 p.
1352 2041 1432 2126 292,
1450 2041 1495 2106 20

550 2149 726 2214 ‘eliminare
753 2154 796 2214 est
823 2150 914 2214 mire.
946 2149 1077 2214 lirratus
1174 2149 1290 2214 Accius
1311 2149 1474 2214 Foemissis
1493 2198 1499 2212 .
1515 2198 1544 2212 ..
1566 2149 1652 2213 idem

549 2254 727 2338 Meleayro:
751 2255 907 2320 “timidae
929 2256 1075 2322 eimnimor
1094 2256 1227 2321 domem
1244 2255 1340 2320 simui
1358 2276 1395 2320 oc
1413 2261 1487 2321 mota
1506 2252 1650 2341 (ommia)

549 2383 608 2428 vom
630 2364 675 2427 ad
697 2365 788 2429 nmis
810 2363 925 2428 oceidit
948 2360 1138 2450 (accivit)”.'

415 2468 467 2532 Ex
486 2469 668 2534 coniunctis
687 2470 856 2534 amborum
874 2472 1020 2536 locorum
1041 2470 1208 2554 scripturis
1228 2469 1290 2534 hoc
1308 2469 1435 2534 videtur
1450 2471 1527 2534 satis
1541 2473 1653 2554 patere

416 2574 554 2640 formam
572 2575 770 2659 primitivam
791 2577 967 2641 sententiae
986 2575 1146 2642 Accianae
1164 2577 1249 2642 hanc
1268 2598 1351 2641 esse:
1374 2577 1489 2641 timido
1507 2576 1653 2641 elimimor

416 2682 549 2747 elamore
575 2682 671 2747 simul
697 2703 735 2747 oc
760 2688 835 2748 mia
859 2704 918 2748 eom
941 2685 985 2748 od
1008 2704 1101 2748 ames
1123 2684 1249 2762 oceidit,
1276 2682 1340 2747 nisi
1364 2682 1450 2767 quod
1473 2685 1587 2748 timida
1610 2704 1653 2748 an

376 2818 402 2857 so
416 2790 526 2855 timide
547 2788 699 2874 primitus
723 2789 878 2875 scriptum
901 2791 1013 2874 fuerit,
1041 2791 1163 2877 ambigi
1186 2793 1302 2876 potest.
1340 2787 1404 2854 Sed
1426 2790 1541 2855 timida
1563 2811 1653 2875 prae·

416 2896 530 2981 stabit,
557 2897 586 2961 si
614 2896 744 2981 quidem
767 2898 847 2963 haec
870 2902 955 2963 recte
980 2899 1018 2962 de
1043 2899 1201 2962 sententia
1223 2897 1395 2963 Ribbeckii
1419 2898 1459 2962 ad
1481 2896 1653 2963 Althaeam

416 3007 552 3069 matrem
575 3003 731 3090 Meleagri
755 3004 944 3070 referrmtur.
984 3004 1134 3070 Ceterum
1159 3005 1317 3069 sententia
1335 3004 1432 3089 plana
1451 3008 1509 3089 est,
1531 3009 1568 3068 ut
1586 3026 1652 3069 nou

393 3145 396 3151 ·
417 3112 460 3177 sit
479 3112 566 3195 quod
581 3133 675 3195 opem
690 3112 835 3176 criticam
850 3116 1013 3197 exspectet
1032 3117 1088 3177 aut
1102 3113 1252 3196 requirat.
1283 3111 1531 3197 Coniunguntur
1544 3114 1652 3176 autem

416 3218 514 3284 verba
534 3218 582 3284 sic
599 3220 714 3284 timido
733 3219 878 3284 elimimor
895 3220 1160 3304 clamemusque
1179 3242 1260 3303 opus
1280 3224 1348 3284 erat
1366 3224 1423 3284 aut
1441 3241 1513 3285 cum
1532 3218 1651 3284 Bothio

416 3323 672 3411 [GumJelomore
697 3325 794 3392 simui
816 3328 974 3392 describi
999 3331 1055 3391 aut
1078 3326 1282 3411 [EJelamore
1304 3326 1400 3392 simm
1423 3346 1460 3391 ae
1483 3347 1555 3391 cum
1574 3324 1652 3390 Rib-

417 3432 546 3516 beckio3
573 3454 677 3517 neque
705 3433 783 3498 haec
811 3434 942 3499 omnino
972 3434 1131 3498 sententia
1158 3432 1327 3519 flagitante
1355 3432 1410 3497 sed
1436 3432 1531 3497 metri
1555 3432 1653 3497 stabi·

417 3538 517 3603 liendi
536 3560 632 3604 causa
649 3540 781 3604 inventa
799 3544 883 3606 sunt.
914 3539 1000 3605 Nam
1020 3563 1093 3606 eum
1111 3539 1191 3604 haee
1209 3540 1369 3605 discedere
1388 3540 1422 3604 in
1442 3539 1521 3605 duos
1540 3560 1652 3603 versus

417 3644 547 3730 vellent,
571 3646 723 3731 quoniam
745 3648 779 3711 id
797 3648 868 3712 fieri
886 3669 952 3712 uon
971 3650 1100 3732 poterat
1118 3669 1156 3712 eo
1176 3647 1272 3711 modo
1292 3668 1356 3731 quo
1372 3644 1495 3711 Ouions
1515 3646 1652 3710 alterurn

419 3753 599 3837 descripsit,
621 3754 707 3818 iusto
731 3754 889 3819 minorem
912 3758 969 3819 aut
992 3755 1146 3819 maiorem
1170 3755 1255 3819 iusto

377 3888 404 3928 eo
1062 3861 1177 3926 timida
1200 3861 1345 3927 elimimm

554 3967 702 4033 Olomo're
724 3968 821 4033 simui
843 3988 880 4032 ao
902 3967 978 4033 mdiu
1000 3988 1058 4034 ma
1081 3970 1125 4033 nd
1147 3968 1240 4033 mireo
1262 3968 1388 4047 accidit,

418 4078 475 4138 aut
497 4073 702 4139 horribiliore
726 4074 924 4139 dimensione
948 4072 1177 4159 Quicheratus‚

507 4304 552 4373 ⁸6)
572 4303 643 4357 Sunt
665 4303 737 4357 haec
759 4302 886 4358 eiusdem
909 4301 1020 4372 generis
1045 4303 1174 4371 exempla
1197 4303 1306 4358 hiatus:
1335 4304 1414 4373 ldmyo
1438 4306 1503 4359 itere
1527 4304 1556 4356 et
1579 4303 1653 4359 scibo

417 4394 522 4447 driade.
561 4392 668 4458 Quibus
686 4392 802 4447 tertium
821 4392 895 4446 addo
914 4391 1078 4445 Plautinum
1098 4391 1215 4461 Captrr
1230 4398 1254 4459 3,
1270 4397 1303 4445 66

579 4461 616 4536 I'd
633 4489 665 4537 ut
681 4483 754 4537 scias
772 4484 863 4537 Isocra
880 4498 1037 4551 supremum
1055 4486 1145 4537 testem
1165 4482 1266 4538 larido
1285 4481 1407 4552 Remis,

418 4586 502 4639 quem
520 4587 631 4625 versum
649 4571 691 4625 ita
708 4569 817 4625 Nonius
836 4588 863 4639 p,
879 4575 940 4635 335,
956 4575 990 4623 10
1004 4570 1132 4637 tradidit,
1152 4572 1187 4627 do
1201 4570 1267 4625 libri
1281 4569 1416 4625 Plautini.
1448 4569 1511 4624 Non
1527 4568 1654 4623 eiusdem

418 4659 530 4727 generis
545 4661 594 4714 sed
607 4663 704 4714 tamen
718 4659 922 4714 attendendum
936 4660 989 4714 hoo
1004 4660 1159 4715 Accianum
1173 4660 1250 4730 apud
1263 4659 1387 4714 Nonium
1401 4658 1654 4730 p.lo,31(4521t.)

581 4751 752 4820 Meleagro
770 4750 828 4803 ubi
845 4751 936 4804 tdrrus
954 4755 1021 4805 esset
1038 4750 1196 4816 interfectas
1213 4751 1366 4818 donamus,

420 4836 495 4904 quod
514 4851 599 4905 prave
618 4837 735 4893 deletur.
