3967 5725
359 1776 392 1817 10

408 617 448 679 78
610 621 749 672 xxxvn.
767 621 883 671 lnnnx
902 621 1116 672 nncrronun
1133 622 1366 673 snsmvnnun
1385 625 1464 675 ιεοε.

405 781 602 866 ταρτάρειον
631 784 678 858 είς
705 783 830 865 δόμονς
857 781 1010 865 πέμπεις,
1043 781 1087 858 ὡς
1112 780 1164 846 ἐπ’
1190 781 1375 872 Ἐηκελάδῳ
1402 784 1482 849 ποτὲ
1503 786 1643 861 Παλλὰς

406 884 561 971 ἔπεμψεν.

495 995 524 1059 4,
549 993 586 1059 In
612 999 725 1079 quarto
750 996 925 1079 eodemque
945 996 1060 1061 ultimo
1079 997 1176 1061 huius
1200 997 1428 1081 disputationis
1449 1000 1553 1083 capite
1572 1020 1643 1083 per·

406 1102 545 1167 breviter
578 1101 616 1168 de
644 1102 770 1168 duobus
797 1102 944 1167 versibus
977 1094 1110 1190 agemus
1138 1125 1277 1187 quorum
1304 1106 1443 1169 alterum
1471 1106 1642 1170 emendare

406 1231 502 1293 posse
517 1207 559 1295 (si
574 1207 698 1295 tamen)
712 1210 808 1275 nobis
822 1209 976 1295 videmur,
995 1209 1035 1274 ab
1050 1210 1195 1275 adhibita
1209 1211 1399 1276 emendandi
1413 1233 1491 1277 cura
1502 1214 1642 1279 alterum

405 1314 579 1381 vindicare
612 1315 721 1400 Atque
741 1318 867 1403 integra
885 1307 1040 1400 putamus
1058 1338 1126 1383 esse
1143 1317 1242 1382 verba
1255 1318 1504 1403 Amphitryonis
1522 1319 1642 1403 quibus

405 1421 527 1507 Lycum
553 1423 587 1488 in
610 1422 740 1487 domum
763 1422 913 1489 Herculis
937 1423 1112 1488 intrantem
1135 1424 1343 1509 prosequitur
1366 1421 1461 1512 (729)

567 1532 610 1594 σὺ
634 1527 664 1595 δ’
692 1525 756 1595 οὖν
780 1528 844 1611 ἴθ’,
867 1532 954 1615 ἔρχει
978 1529 1016 1595 δ’
1038 1521 1073 1597 οἷ
1094 1533 1213 1617 χρεών·
1238 1532 1277 1596 τά
1302 1531 1331 1596 δ’
1358 1530 1429 1597 ἀλλ’
1457 1538 1537 1609 ίσως

569 1637 657 1725 άλλη)
680 1641 823 1722 μελήσει.
854 1639 1025 1721 προσδόκα
1048 1634 1085 1701 δὲ
1109 1638 1201 1722 δρῶν
1223 1649 1330 1715 κακῶς

567 1748 669 1809 κακόν
692 1769 724 1808 τι
746 1742 891 1830 πράξειν.
924 1740 949 1809 ὦ
974 1744 1135 1828 γέροντες,
1158 1744 1192 1821 ἐς
1215 1744 1319 1809 καλὸν

568 1854 698 1935 στείχει,
720 1853 871 1937 βρόχοισι
896 1850 927 1914 δ
954 1850 1089 1936 ἀρκύων
1111 1854 1282 1935 γενήσεται

457 1957 522 2022 730
568 1957 797 2043 ξιφηφόροισι,
820 1960 898 2035 τοὺς
920 1957 1022 2033 πάλας
1045 1960 1156 2023 δοκῶν
1179 1972 1317 2043 κτενεῖν,

566 2064 584 2129 ὁ
607 2066 836 2148 παγκάκιστος.

405 2171 444 2237 ln
467 2195 561 2238 versu
585 2173 670 2237 euim
691 2173 755 2236 729
775 2173 851 2256 quie
873 2172 1009 2237 verbnm
1033 2174 1206 2256 γενήσεται
1229 2194 1288 2237 neo
1310 2175 1418 2257 ipsum
1440 2178 1553 2258 eptnm
1572 2196 1642 2239 esse

406 2281 446 2344 ad
464 2302 531 2344 rem
550 2283 584 2343 et
606 2283 799 2345 structuram
819 2278 974 2364 impedire
988 2279 1167 2364 videbatur,
1185 2279 1249 2343 aha
1267 2280 1511 2363 anquisiverunt
1529 2281 1643 2365 critici,

407 2388 463 2471 qui
493 2390 627 2471 propter
652 2386 785 2469 laqueos
807 2386 968 2452 vinciendi
992 2386 1234 2473 constringendi
1263 2386 1395 2452 verbum
1425 2387 1641 2453 desiderantes

405 2494 485 2559 talia
508 2493 676 2560 scribenda
694 2497 933 2577 proposuerunt
953 2496 1139 2578 λελήύεται,
1163 2495 1335 2578 δεδήσεται
1364 2494 1467 2579 (quod
1485 2493 1641 2560 Wilamo-

406 2600 532 2666 witzius
551 2597 681 2686 probet)
706 2601 773 2665 sive
792 2601 978 2682 redderetur,
1002 2597 1204 2687 κεκλῄσεται,
1228 2622 1366 2685 quorum
1385 2601 1467 2667 nihil
1485 2602 1642 2685 estquod

407 2706 506 2773 scribi
529 2708 673 2791 potuisse
696 2708 872 2792 negaveris.
919 2705 1011 2772 Unus
1036 2705 1072 2773 G.
1091 2706 1297 2772 Hermannus
1321 2729 1385 2792 quo
1403 2708 1537 2774 verbum
1558 2709 1642 2774 anti-

366 2815 517 2900 nequitus
540 2813 695 2879 traditum
725 2819 877 2899 servaret,
905 2812 942 2880 ἐν
970 2813 1210 2900 praepositione
1237 2815 1346 2880 addita
1372 2813 1523 2902 (βρόχοις
1545 2814 1575 2881 δ’
1603 2815 1642 2882 ἐν

406 2921 493 3008 ἀρα.)
530 2925 724 2987 structuram
761 2922 867 2987 levare
904 2923 1029 2987 maluit.
1074 2921 1145 2987 Nos
1183 2925 1355 3005 γενήσεται
1394 2923 1551 3005 veniendi,
1587 2924 1642 2988 ad-

405 3029 554 3095 veniendi
584 3029 767 3114 significatu
796 3029 1015 3113 accipiendum
1040 3033 1206 3113 putamus,
1234 3031 1366 3094 tertium
1394 3034 1502 3094 autem
1530 3051 1641 3095 casum

405 3137 554 3222 nominis,
574 3137 613 3201 ab
633 3158 670 3202 eo
689 3136 787 3202 verbo
808 3137 863 3220 qui
882 3136 1014 3222 regitur,
1037 3135 1127 3201 nulla
1145 3136 1385 3221 praepositione
1404 3137 1527 3202 adiecta
1543 3137 1640 3203 locali

405 3245 437 3308 vi
467 3267 540 3310 cum
569 3243 755 3309 directionis
782 3243 914 3308 notione
945 3243 1096 3326 positum.
1142 3241 1246 3308 Usum
1271 3243 1360 3308 verbi
1385 3266 1481 3327 quem
1505 3245 1642 3310 dicimus

405 3373 469 3415 non
495 3354 543 3416 est
567 3351 653 3435 quod
676 3351 832 3436 exemplis
850 3350 1020 3434 probetur3
1044 3351 1083 3414 de
1102 3350 1210 3414 dativo
1230 3355 1338 3414 eutem
1356 3373 1459 3433 pauca
1476 3351 1641 3417 afferimus

405 3458 594 3542 Euripidea,
630 3460 674 3541 μὴ
707 3458 809 3522 πάλιν
841 3467 881 3542 νῇ
915 3455 1034 3541 λύματ’
1069 3456 1210 3542 ἐκβάλλῃ
1243 3458 1377 3523 κλύδων
1415 3456 1501 3544 (Hel.
1527 3454 1641 3546 1271),

406 3566 531 3650 ῥίπτεις
548 3588 583 3629 τε
602 3564 690 3652 πέδῳ
708 3565 837 3647 πεύκην
854 3561 974 3650 (Iphig.
994 3562 1102 3628 Aulid.
1122 3563 1191 3646 39),
1215 3563 1255 3628 σε’
1269 3563 1341 3629 ποτ’
1366 3565 1543 3645 οὐρανίδαι
1559 3564 1640 3650 πέμ-

406 3685 531 3746 ψουσιν
554 3673 715 3747 θανάτοις
739 3670 870 3757 (Electr.
885 3669 974 3756 484).
1016 3669 1129 3755 Itaque
1152 3673 1286 3755 βρόχοις
1309 3670 1444 3756 ἀρκύων
1467 3675 1641 3755 γενήσεται

407 3779 489 3864 (sive
513 3776 696 3864 ἐλεύσεται)
724 3799 790 3843 uon
817 3777 925 3842 minus
953 3783 1039 3843 recte
1067 3776 1130 3844 dici
1159 3777 1268 3861 potuit
1294 3800 1392 3861 quam
1420 3779 1506 3863 quod
1533 3779 1640 3844 estin

365 3914 393 3954 ιι
407 3886 524 3951 Electr.
544 3885 609 3949 965
633 3889 740 3961 καλῶς
758 3882 810 3969 ἀρ’
833 3884 941 3967 ἄρκυν
960 3887 1008 3961 είς
1025 3883 1130 3969 μέσην
1147 3885 1323 3968 πορεύεται
1342 3892 1397 3950 ant
1416 3885 1450 3948 in
1469 3885 1642 3972 iphigenia

406 3993 500 4056 Taur.
518 3990 675 4075 Πτηνδ
699 3991 733 4069 ἐς
751 3993 861 4076 άρκυν
883 3992 1013 4075 ἤγαγες.
1059 3990 1152 4067 Quod
1175 3991 1203 4055 si
1226 3995 1285 4074 est,
1309 3996 1441 4076 apparet
1464 3994 1548 4059 hanc
1570 4015 1639 4057 ore·

407 4101 528 4164 tionem
557 4098 590 4175 ἑς
612 4100 715 4165 καλὸν
744 4099 877 4182 στείχει,
905 4101 1057 4184 βρόχοισι
1081 4096 1113 4162 δ’
1138 4098 1271 4184 ἀρκύων
1301 4102 1472 4184 γενήσεται
1496 4100 1640 4184 ξιφηφό

407 4222 497 4291 ροισι
520 4227 586 4270 non
608 4207 705 4271 modo
730 4228 795 4270 non
817 4204 1112 4289 reprehendendam
1135 4204 1234 4270 fuisse
1258 4206 1313 4268 sed
1336 4228 1373 4270 eo
1394 4207 1499 4290 magis
1517 4206 1641 4270 adhoc

406 4311 599 4378 translatum
628 4313 755 4378 dicendi
782 4333 899 4399 genus,
929 4335 992 4396 qno
1021 4313 1138 4397 βρόχοι
1166 4310 1302 4397 ἀρκύων
1324 4311 1508 4396 ξιφηφόροι
1530 4315 1638 4399 appel-

406 4421 492 4486 latur
519 4419 547 4484 is
580 4422 636 4502 qui
669 4424 811 4485 armatus
843 4419 966 4503 Lycum
997 4420 1213 4503 introeuntem
1246 4424 1424 4504 exspectat,
1460 4442 1640 4486 accommo

406 4529 520 4593 datam.

495 4633 589 4698 Alter
610 4656 722 4698 versus
746 4634 784 4697 de
809 4657 872 4717 quo
895 4655 956 4697 nos
980 4633 1144 4717 disputare
1167 4633 1249 4697 velle
1272 4633 1411 4699 diximus
1435 4635 1469 4698 in
1492 4655 1639 4698 sermone

405 4741 525 4828 legitur
557 4762 651 4823 quem
682 4739 838 4805 Hercules
871 4762 984 4805 somno
1018 4738 1143 4803 solutus
1175 4762 1247 4804 cum
1280 4739 1516 4824 Amphitryone
1547 4744 1639 4824 petre

405 4848 548 4913 instituit
571 4869 636 4912 ev.
659 4848 741 4912 1111
