3967 5725
548 676 552 680 .
620 628 672 682 DE
689 627 847 680 umens
866 627 1060 681 emenonis
1079 627 1341 682 ciromines.
1532 625 1598 692 225

362 794 507 871 quaeret
531 794 607 854 surrt
631 789 794 855 homiuum
819 788 991 854 maronem
1019 786 1082 875 (me
1107 788 1190 856 uitii
1213 787 1358 874 ὅταιίαι),
1387 789 1449 855 hoe
1472 789 1598 857 dicendi

363 917 478 981 genus,
505 900 539 960 et
565 896 705 962 maxime
732 918 806 962 oum
828 894 1031 968 extollendos
1054 895 1286 980 oompsmtioni
1310 897 1456 981 inservit,
1483 897 1598 983 priscis

363 1003 468 1089 poetis
491 1003 647 1066 sollemne
669 1001 742 1085 fuit,
764 1006 802 1067 nt
823 1000 957 1070 Plautus
980 1001 1093 1068 soribit
1115 1002 1151 1068 in
1174 1001 1318 1089 Captivis
1342 1021 1378 1068 ιν
1396 1005 1427 1088 2,
1447 1003 1490 1069 55

408 1130 426 1174 ο
452 1109 544 1188 meisi,
571 1116 724 1192 ηιιαιιοιιιο
750 1109 981 1176 serumserum
1008 1115 1215 1191 optumoum,
1242 1115 1375 1194 ομισσιο,
1402 1113 1438 1178 is
1466 1117 1599 1195 tempore

362 1217 398 1281 in
419 1215 564 1281 Poenulo
586 1215 668 1300 prol.
688 1215 732 1280 90
1068 1281 1073 1288 ,
1450 1219 1597 1298 ademtis·

406 1323 536 1402 homini,
552 1325 583 1388 ei
596 1323 692 1388 ῑοιιοετ
704 1323 801 1407 homo,
814 1328 966 1406 quantum
980 1324 1143 1392 Ιοοοιίιοιιιιι
1156 1329 1241 1390 terre
1254 1325 1391 1404 essee,
1405 1345 1596 1402 semmuro·

362 1429 532 1494 Terentius
555 1430 591 1494 in
612 1429 808 1495 Phormione
830 1430 904 1513 vo,
924 1429 966 1494 13

406 1540 595 1617 omnnium,
617 1542 770 1619 quantum
792 1543 836 1602 est
858 1539 913 1619 qui
934 1539 1055 1616 οιῗοιιιοο,
1078 1537 1240 1606 mmmm
1261 1539 1351 1610 Ῑιοονο
1372 1541 1595 1618 morosum

361 1645 453 1710 ouius
476 1666 554 1710 usus
577 1646 732 1730 exempla,
755 1666 837 1728 quse
859 1644 963 1711 multe
982 1647 1073 1713 erunt
1091 1646 1126 1710 in
1143 1649 1307 1731 promptu,
1330 1645 1395 1712 ism
1413 1644 1595 1714 Friderious

359 1750 425 1818 Leo
448 1750 533 1818 libro
556 1751 721 1836 praeelsro
742 1749 989 1827 Qmestionibus
1008 1750 1168 1818 Plautinis
1192 1752 1297 1818 dioeto
1319 1752 1354 1820 in
1372 1751 1435 1820 ulis
1454 1751 1508 1822 ille
1527 1752 1595 1838 qni·
1611 1781 1636 1826 ιο

359 1857 431 1923 dem
458 1857 681 1927 observatione
704 1858 875 1943 oooupevit
897 1881 928 1944 p.
948 1857 1023 1928 283.
1059 1858 1151 1927 Lioot
1173 1863 1281 1928 autem
1305 1881 1375 1926 esm
1398 1859 1524 1928 dicendi
1546 1882 1595 1926 re·

303 2025 307 2029 .
358 1965 481 2031 tionem
508 1965 620 2034 etiam‘
633 1966 730 2030 altius
753 1969 897 2050 repetere
920 1965 961 2033 ab
985 1964 1166 2032 Homericis
1190 1966 1393 2050 carminibus,
1419 1967 1594 2052 inquibus

359 2093 440 2156 quae
462 2073 616 2159 leguntur
638 2070 758 2138 Iliados
781 2071 881 2139 1x55

519 2179 561 2244 οὔ
584 2181 634 2256 τίς
656 2203 708 2244 τοι
732 2181 791 2244 τὸν
813 2186 927 2264 μῦθον
952 2179 1142 2262 ὀνόσσεται,
1166 2178 1261 2245 ὅσσοι
1279 2176 1413 2263 Ἀχαιοί,

357 2289 414 2350 aut
436 2285 556 2351 ibidem
579 2287 642 2350 641

821 2390 968 2478 μέμαμεν
991 2392 1031 2458 δέ
1053 2416 1103 2457 τοι
1127 2389 1243 2478 ἔξοχον
1269 2393 1379 2458 ἄλλων

517 2501 670 2582 κήδιστοί
691 2498 719 2564 τ’
747 2496 860 2582 ἔμεναι
882 2498 938 2566 καὶ
961 2503 1130 2584 φίλτατοι,
1154 2501 1249 2570 ὅσσοι
1269 2497 1409 2584 Ἀχαιοί,

357 2627 395 2670 es
416 2605 508 2671 Imm.
527 2607 693 2671 Bekkerus
718 2611 750 2671 et
773 2611 860 2672 reete
883 2607 1113 2692 interpretetus
1137 2610 1186 2672 est
1209 2607 1343 2672 πάντων
1366 2618 1433 2672 τῶν
1451 2604 1592 2692 Ἀχαιῶν

356 2711 855 2801 (soheoflom.1181;11235)
878 2716 911 2779 et
934 2714 975 2781 ad
998 2735 1108 2782 eorum
1131 2735 1276 2783 normam
1296 2711 1456 2798 Odysseae
1475 2731 1511 2780 1v
1526 2713 1591 2780 613

355 2818 418 2908 (xv
439 2818 517 2909 113)
541 2842 600 2885 suo
624 2822 694 2886 iure
717 2843 776 2908 pro
800 2823 919 2907 δώρων
942 2823 1083 2888 correxit
1568 2888 1572 2897 ,
1606 2847 1632 2895 ιο

517 2929 628 3014 δῶρον
651 2928 696 3012 δ’,
719 2927 790 2995 ὅσσ’
819 2929 855 2995 ἐν
879 2929 944 3017 ἐμῷ
964 2936 1045 3017 οἴνῳ
1069 2932 1220 3014 κειμήλια
1243 2940 1363 3011 κεῖται,

515 3035 656 3104 ieiumi
680 3037 858 3106 κάλλιστον
880 3034 935 3101 καὶ
959 3036 1177 3125 τιμηέστατόν
1201 3034 1307 3118 ἐστιν,

354 3146 388 3209 et
410 3142 487 3209 ibid.
506 3160 544 3209 xl
563 3142 627 3209 387
648 3140 749 3229 (xxlv
768 3139 826 3229 21)
850 3144 945 3209 ὅσσοι
968 3166 1027 3229 pro
1046 3144 1148 3210 ὅσσαι

515 3245 600 3332 ἦλθε
624 3248 654 3319 δ’
681 3248 735 3317 ἐπὶ
758 3252 848 3336 ψυχὴ
868 3249 1111 3335 Ἀγαμέμνονος
1131 3249 1301 3337 Ἀτρεΐδαο

411 3367 413 3370 ’
514 3356 696 3442 ἀχνυμένη·
720 3355 795 3442 περὶ
819 3359 848 3422 ὅ
877 3359 973 3425 ἄλλοι
998 3356 1195 3441 ἀγηγέραθ’,
1220 3356 1313 3425 ὅσσοι
1337 3353 1390 3440 ἅμ’
1419 3354 1507 3443 αὐτῷ

514 3470 593 3552 elno
618 3462 655 3529 ἐν
678 3466 860 3546 Αἰγίσθοιο
883 3464 993 3529 θάνον
1016 3462 1071 3529 καὶ
1094 3465 1221 3548 πότμον
1245 3462 1405 3547 ἐπέσπον,

353 3569 385 3635 h.
405 3592 431 3635 e.
454 3572 559 3656 ψυχαὶ,
580 3571 716 3638 πάντων
739 3571 834 3637 ὅσσοι
857 3608 910 3637 -,
1150 3582 1152 3587 ’
1321 3582 1323 3587 ’

442 3676 495 3742 Ad
519 3699 591 3742 eum
614 3678 745 3743 modum
769 3678 899 3762 scripsit
922 3676 1077 3743 Horatius
1102 3698 1231 3761 quoque
1255 3675 1320 3743 Sat.
1340 3693 1352 3740 1
1372 3676 1392 3741 6
1416 3678 1458 3742 in.

781 3785 942 3868 Εγιίοιοινι
964 3785 1120 3867 quidquid
1140 3784 1290 3849 Εαιασοο

566 3892 696 3956 incoluit
716 3893 808 3975 fines,
831 3913 920 3957 ιιινιο
940 3893 1116 3975 μετοιστέον
1138 3896 1182 3957 est
1203 3897 1244 3970 te,
1603 3914 1629 3957 οι

352 3998 415 4064 hoo
437 4002 486 4063 est
509 3996 598 4086 (nem
621 3999 813 4083 interpretes
831 4021 898 4065 non
916 3998 1126 4081 satisfeoiunt,
1149 4018 1189 4063 ns
1207 3996 1423 4084 Kiesslingius
1443 3994 1587 4083 quidem)

300 4118 337 4177 12
353 4105 510 4170 ‘omnium
531 4105 697 4189 Lydorum
716 4107 772 4190 qui
789 4105 947 4176 Etmsoos
965 4107 1046 4172 fines
1065 4104 1268 4173 ineoluenmt
1287 4124 1381 4169 nemo
1401 4102 1588 4191 generosior

352 4216 402 4277 est
424 4212 477 4277 te’
514 4212 638 4277 Eodem
662 4212 831 4278 referimus
855 4210 888 4277 (i.
906 4230 944 4277 lv
966 4213 1016 4297 14,
1035 4213 1056 4277 ὅ

779 4342 810 4399 ο,
832 4341 896 4401 μοι
917 4320 963 4385 sei
984 4319 1168 4385 habitatrice

565 4427 717 4492 inlustrat
738 4448 822 4506 oros,
845 4429 984 4492 maxime
1003 4428 1185 4509 μινιιιμνιν

266 4576 270 4581 ¹
348 4532 381 4596 h.
400 4554 428 4597 e.
449 4535 588 4597 maxime
612 4534 718 4599 omnis
741 4539 900 4599 terrarum
923 4533 1021 4599 orbis.
1053 4531 1105 4598 Ad
1124 4532 1254 4599 illorum
1273 4532 1518 4601 similitudinem
1537 4552 1585 4599 οι·

348 4639 470 4704 cedunt
493 4639 631 4723 denique
655 4639 837 4705 Catulliana
858 4641 951 4707 haee:
973 4645 1012 4705 ut
1034 4641 1120 4705 enim
1143 4640 1305 4705 xxxvl14
1328 4641 1375 4705 eit

562 4747 639 4813 solis
660 4747 750 4813 licere
771 4748 927 4829 quidquid
947 4753 992 4813 est
1008 4746 1189 4829 γναὸαιιιοι
1214 4746 1410 4829 Constituere,

347 4853 397 4918 its
417 4874 444 4921 ο.
462 4871 550 4919 xm
570 4855 612 4923 14

402 4968 702 5017 Vsnlsniopumlsn.
1337 4962 1370 5011 15
