3967 5725
380 615 446 680 206
577 618 677 669 XLIII.
696 619 812 669 INDEX
830 617 1045 670 LECTIONUM
1063 619 1296 671 AESTIVARUM
1316 622 1393 672 1896.

552 776 634 844 Ἀλλ’
675 780 731 845 ἵνα
753 780 798 863 μή
835 777 933 865 δόξη,
969 781 1029 845 τὸν
1056 778 1134 864 Ἄρη
1171 779 1285 864 έράτα.
1335 783 1441 844 ΕΡΜ.
1474 778 1615 866 Ἐρωτῶ.

514 885 588 951 ΣΩ.
611 887 748 953 Οὐκοῦν
771 889 803 951 εί
823 882 885 978 μὲν
908 887 1034 970 βούλει,
1057 889 1139 952 κατά
1162 887 1199 952 τὸ
1224 889 1326 973 ἄρρεν
1349 911 1384 952 τε
1402 885 1457 952 καὶ
1475 890 1558 954 κατὰ
1576 890 1614 954 τὸ

514 993 671 1078 ἀνδρεῖον
690 992 793 1077 ’Ἁρης
828 992 872 1059 ἀν
899 1000 963 1078 εἴη·
996 995 1025 1059 εί
1052 992 1082 1059 δ’
1114 989 1157 1059 αὖ
1185 995 1280 1059 κατά
1307 997 1349 1060 τὸ
1377 997 1548 1080 σκληρόν
1575 1019 1615 1061 τε

513 1102 577 1166 καὶ
596 1099 913 1186 ἀμετάστροφον,
932 1100 950 1167 δ
970 1102 1017 1185 δή
1036 1103 1208 1186 ἄρρατον
1226 1106 1419 1185 καλεῖται,
1437 1103 1493 1166 καὶ
1511 1103 1615 1188 ταύτη

513 1207 556 1272 ἀν
578 1217 728 1294 πανταχῇ
750 1212 917 1296 πολεμικῷ
936 1215 1006 1296 θεῷ
1025 1207 1145 1293 πρέποι
1159 1207 1241 1291 ”Apu
1265 1212 1455 1293 καλεῖσθαι,

379 1317 411 1378 et
433 1313 467 1377 iu
491 1317 669 1392 Πολιτείας
691 1314 828 1399 septimo
853 1312 898 1401 (p
918 1313 1066 1402 36410)

557 1423 760 1507 Δριμᾶτητα,
784 1415 810 1486 ὦ
833 1422 983 1507 μακάριε,
1006 1418 1103 1506 ἔφην,
1127 1423 1177 1487 δεῖ
1200 1420 1314 1498 αὐτοῖς
1336 1423 1421 1507 πρὸς
1442 1423 1483 1487 τά
1506 1425 1614 1506 μαθή-

511 1553 597 1611 ματα
619 1529 795 1615 ὑπάρχειν,
818 1528 874 1594 καὶ
897 1530 942 1614 μή
964 1532 1114 1613 χαλεπῶς
1135 1529 1336 1611 μανθάνειν·
1364 1531 1450 1594 πολὺ
1474 1531 1537 1615 γάρ
1562 1554 1613 1594 τοι

511 1639 638 1719 μᾶλλον
669 1633 883 1701 ἀποδειλιῶσι
915 1633 1021 1720 ψυχαὶ
1053 1633 1090 1700 έν
1123 1636 1272 1720 ἰσχυροῖς
1303 1639 1500 1720 μαθήμασιν
1527 1635 1547 1720 ή
1576 1635 1614 1702 ἐν

338 1766 364 1806 ιο
511 1744 719 1824 γυμνασίοις·
744 1744 941 1827 οἰκειότερος
964 1744 1027 1825 γάρ
1051 1742 1166 1818 αὐταῖς
1189 1741 1207 1806 ὁ
1229 1745 1343 1826 πόνος,
1368 1744 1454 1820 ίδιος
1477 1741 1548 1808 ἀλλ’
1571 1744 1612 1809 οὐ

444 1847 465 1913 5
510 1850 623 1926 κοινὸς
645 1849 693 1914 ὢν
715 1850 797 1933 μετὰ
818 1857 880 1914 τοῦ
905 1848 1063 1932 σώματος.
1097 1846 1235 1934 Ἀληθή,
1258 1846 1332 1934 ἔφη.
1371 1849 1447 1915 Καὶ·
1460 1853 1614 1934 μνήμονα

511 1952 549 2020 δέ
576 1954 631 2021 καὶ
659 1957 831 2042 ἄρρατον
858 1956 914 2021 καί
940 1956 1048 2041 πάντη
1077 1958 1265 2040 φιλόπονον
1294 1956 1457 2041 ζητητέον.
1497 1957 1518 2040 ή
1545 1960 1613 2023 τίνι

509 2064 620 2151 τρόπω
648 2069 712 2129 οίει
740 2064 779 2128 τά
807 2086 842 2128 τε
870 2072 930 2129 τοῦ
959 2064 1110 2148 σώματος
1137 2061 1313 2146 ἐθελήσειν
1339 2065 1415 2130 τινὰ
1438 2065 1614 2130 διαπονεῖν

509 2167 564 2235 καί
587 2172 754 2255 τοσαύτην
776 2171 926 2254 μάθησίν
948 2194 984 2235 τε
1007 2167 1062 2234 καλ
1085 2169 1225 2254 μελέτην
1247 2169 1423 2254 ἐπιτελεῖν,

375 2276 432 2342 ubi
465 2277 552 2361 quod
584 2277 662 2342 olim
695 2277 902 2364 vulgabatur·
919 2278 1064 2363 ἄκρατον
1091 2277 1216 2361 pridem
1244 2282 1277 2342 et
1304 2277 1461 2343 librorum
1489 2278 1552 2342 fide
1580 2282 1612 2342 et

376 2384 567 2450 scholiastae
590 2385 778 2450 testimonio
802 2388 982 2450 correctum
1002 2388 1059 2449 est.
1095 2383 1243 2468 Utroque
1262 2384 1349 2448 enim
1366 2383 1439 2450 loco
1459 2384 1612 2451 insolenti
1651 2467 1653 2472 Ι

375 2492 448 2557 voci
462 2491 669 2577 explicandae
683 2493 875 2576 interpretes
889 2490 1003 2558 Graeci
1018 2513 1149 2576 operam
1164 2491 1328 2569 dederunt,
1343 2491 1430 2556 etad
1446 2490 1611 2575 Cratylum

375 2598 505 2682 quidem
532 2599 611 2662 haec
638 2598 833 2663 adnotantur
856 2597 901 2685 (p.
921 2598 987 2663 370
997 2597 1112 2686 Bekk.)
1136 2598 1296 2684 ἄρρατον]
1320 2596 1466 2682 ἀσφαλὲς
1488 2598 1508 2683 ή
1533 2599 1611 2664 ἀκά-

374 2729 490 2789 ματον,
513 2707 546 2770 οἱ
569 2702 607 2770 δὲ
631 2706 778 2791 ἰσχυρόν,
801 2702 886 2772 ἔνιοι
909 2708 1040 2792 μικρόν,
1064 2707 1094 2771 οἱ
1119 2705 1157 2770 δὲ
1175 2703 1307 2792 μέγα*),
1331 2707 1362 2771 ot
1383 2703 1420 2771 dt
1438 2707 1476 2772 τὸ
1495 2711 1611 2789 σκλη-

335 2832 362 2875 ιο
376 2814 447 2896 ρὸν
469 2811 534 2878 καὶ
552 2811 868 2899 ἀμετάστροφον,
891 2814 923 2878 in
944 2812 1063 2898 quibus
1082 2813 1248 2879 turbatum
1267 2811 1403 2898 videtur,
1425 2816 1462 2877 ut
1481 2813 1610 2879 aliunde

374 2920 523 2985 immixta
545 2919 650 2986 aliena
671 2924 779 3006 putes3
803 2920 843 2984 ad
863 2924 1045 2987 Πολιτείαν
1067 2924 1174 2985 autem
1193 2919 1238 3005 (p.
1253 2918 1333 3007 414)
1352 2920 1431 2985 haec
1450 2922 1608 3005 ἄρρατον]
1627 2938 1647 2994 ο

376 3030 529 3113 ἰσχυρόν,
558 3030 708 3114 στερεόν,
737 3028 757 3113 ή
786 3029 997 3112 δυσκίνητον.
1040 3025 1166 3093 Similia
1194 3028 1232 3092 de
1261 3050 1298 3093 ea
1324 3049 1403 3092 voce
1427 3028 1482 3093 alii
1506 3049 1612 3114 gram·

374 3134 485 3200 matici
503 3136 655 3219 referunt,
677 3157 814 3220 quorum
833 3136 1019 3200 testimonia
1038 3134 1252 3199 Ruhnkenius
1270 3134 1311 3198 ad
1330 3157 1425 3199 suum
1443 3133 1610 3200 Timaeum

374 3241 555 3326 adscripsit,
573 3244 629 3327 qui
647 3244 717 3328 ipse
735 3243 846 3308 eadem
861 3263 933 3308 cum
949 3241 1125 3307 scholiasta
1140 3242 1317 3318 Πολιτείας
1331 3241 1433 3325 affert,
1451 3242 1609 3325 ἄρρατον·

375 3351 528 3436 ἰσχυρόν,
556 3352 705 3435 στερεόν;
733 3350 811 3415 item
839 3350 1029 3433 Συναγωγή
1057 3348 1177 3427 λέξεων
1204 3349 1238 3412 in
1264 3348 1405 3413 Bekkeri
1432 3346 1610 3414 Anecdotis

374 3456 420 3543 (p.
442 3455 524 3544 446)
556 3461 588 3522 et
616 3442 731 3522 Suidas
755 3453 799 3543 (p
819 3454 915 3542 688),
945 3456 1010 3520 nisi
1043 3456 1129 3540 quod
1156 3455 1301 3521 Platonis
1334 3476 1451 3521 nomen
1479 3455 1610 3540 addunt,

374 3564 534 3649 ἄρρατον·
559 3565 709 3648 ἰσχυρόν,
731 3566 879 3643 στερεόν·
904 3563 992 3628 οὕτω
1018 3564 1169 3628 Πλάτων.
1207 3560 1294 3638 Quae
1318 3562 1352 3626 in
1375 3562 1488 3627 iisdem
1507 3562 1610 3628 Aneo-

351 3684 355 3689 ’
374 3670 460 3736 δολία
484 3669 527 3757 (p.
547 3668 627 3757 442)
650 3671 804 3757 leguntur
827 3671 985 3756 ἄρρατον·
1009 3670 1148 3755 ίσχυρὸν
1166 3669 1186 3754 ή
1206 3670 1407 3752 δυσκίνητον
1425 3668 1445 3753 ή
1465 3671 1610 3753 σκληρὸν
1654 3740 1656 3745 ,

373 3776 429 3843 καί
447 3777 710 3863 ἀμετάστροφον,
730 3776 839 3842 eadem
857 3781 985 3861 praeter
1003 3776 1082 3841 haec
1097 3780 1240 3841 extrema
1254 3798 1334 3860 quae
1349 3775 1496 3841 Platonis
1511 3775 1610 3841 verba

333 3911 360 3951 ω
374 3889 450 3949 sunt
468 3882 545 3972 (vid.
565 3883 664 3949 schol.
679 3885 719 3949 ad
733 3882 834 3970 Crat.)
853 3885 887 3949 in
905 3884 946 3948 iis
964 3887 1134 3949 recurrunt
1153 3905 1234 3967 quae
1248 3882 1395 3947 Millerus
1414 3905 1452 3948 ex
1467 3881 1609 3966 Didymo

373 3993 440 4057 sive
463 3991 589 4057 Boetho
617 3992 718 4057 edidit
744 3992 779 4056 in
805 3989 1016 4056 Confusaneis
1042 3991 1222 4055 litterarum
1245 3987 1438 4055 Graecarum
1463 3987 1508 4076 (p.
1526 3988 1608 4077 400)

372 4101 531 4185 ἄρρατον·
554 4099 695 4184 ἰσχυρὸν
713 4097 733 4183 ή
753 4080 963 4182 δυσκίνητον.
1000 4096 1148 4182 Denique
1167 4098 1201 4161 in
1219 4096 1448 4182 Etymologico
1467 4096 1510 4161 Μ.
1529 4095 1609 4162 haec

372 4205 531 4271 Methodii
553 4206 733 4271 afferuntur
756 4203 800 4293 (p.
823 4203 902 4292 135)
926 4207 1078 4291 lipposos,
1102 4194 1176 4270 οἷον
1198 4205 1382 4288 ἄφθαρτος,
1407 4204 1425 4269 ὁ
1448 4205 1492 4289 μή
1517 4203 1609 4287 ραιό-

372 4311 524 4400 μενος*),
551 4311 602 4378 ἵν’
628 4306 649 4400 ᾖ
676 4312 695 4379 ὁ
722 4313 1005 4396 ἀκαταγώνιστος,
1032 4310 1052 4397 ή
1080 4311 1098 4376 ὁ
1122 4309 1364 4397 ἀνέκφραστος,
1393 4311 1535 4396 ἄρρητός
1558 4334 1608 4388 τις

372 4420 434 4503 ἄν,
461 4418 481 4503 ή
510 4421 646 4504 ίσχυρὸς
667 4419 689 4504 ή
713 4422 920 4503 δυσκίνητος.
959 4420 1128 4505 Φρύνιχος
1156 4418 1194 4483 δὲ
1221 4416 1275 4503 (cf.
1295 4416 1508 4483 Ruhnkenius
1526 4417 1547 4482 l.
1566 4413 1607 4503 ο.)

462 4612 620 4683 ⁶19)ch
648 4615 684 4668 ad
707 4613 830 4683 ἄρρητον
852 4612 984 4667 videntur
1006 4612 1161 4681 μετάρσιος
1188 4610 1253 4665 vide
1276 4610 1384 4665 scholia
1407 4609 1545 4664 Dindorfii
1570 4610 1607 4663 ad

372 4702 516 4772 Euripidis
534 4701 679 4757 Hecubam
698 4708 758 4758 200.
779 4708 839 4757 201.

462 4792 526 4861 ’34)
545 4790 597 4865 [Of.
612 4793 758 4847 Anecdota
772 4790 894 4845 bekkeri
912 4793 957 4861 (ex
971 4789 1086 4860 Phsyn)
1100 4807 1128 4859 p.
1144 4794 1178 4845 24
1193 4788 1329 4856 ἄρρατον·
1349 4788 1381 4843 τὸ
1396 4784 1520 4859 ἰσχυρόν,
1534 4786 1606 4843 κατὰ

371 4880 520 4951 ἀπόφασιν
537 4890 596 4935 τοῦ
615 4878 745 4951 ῥαῖσαι,
764 4876 826 4936 οἷον
844 4878 1051 4950 ἀδιάφθορον]
