3967 5725
615 614 796 665 SERMONIS
813 614 1008 667 PLATONIOI
1027 614 1330 666 OBSERVATIONES.
1530 613 1595 678 373

365 777 401 840 in
429 797 467 849 ea
494 797 591 842 causa
618 797 713 859 quam
742 775 867 860 agimus
890 776 1033 841 effecisse
1056 776 1150 840 nobis
1174 776 1334 860 videmur,
1362 780 1469 842 tamen
1491 779 1598 843 verbis

362 893 385 948 'a
408 882 526 966 quibus
549 881 686 966 profecti
709 903 819 947 sumus
842 883 904 965 τῆν
926 883 1090 967 ὑμετέραν
1112 885 1174 967 τῆν
1196 895 1264 948 τῶν
1288 897 1459 969 σοφιστῶν
1481 884 1601 970 τέχνην

365 989 509 1053 nondum
538 1009 607 1054 esse
635 989 836 1054 satisfactum
860 989 1063 1056 arbitramur.
1102 988 1183 1055 Cum
1207 991 1292 1055 enim
1315 991 1394 1056 haec
1417 1013 1499 1075 quae
1522 993 1601 1057 artis

366 1096 636 1182 significationem
659 1094 781 1164 habeut
803 1095 925 1166 ineerta
947 1097 1072 1182 origine
1096 1101 1167 1162 orta
1190 1118 1259 1162 esse
1279 1102 1431 1183 statuant,
1453 1099 1550 1163 rediit
1567 1100 1602 1163 in

365 1205 566 1284 memoriam,
599 1202 727 1268 eosdem
759 1204 816 1286 qui
846 1202 926 1269 haec
956 1204 1152 1268 induxerunt
1180 1205 1306 1289 saepius
1335 1205 1413 1269 alibi
1440 1206 1474 1270 in
1503 1207 1601 1271 simili

366 1312 472 1378 forma
502 1310 683 1379 sedulitatis
712 1309 963 1395 interpolatricis
991 1311 1130 1398 vestigia
1157 1312 1334 1398 indagasse.
1377 1312 1464 1390 Quae
1492 1312 1603 1400 singil-

366 1420 457 1484 latim
486 1418 686 1520 inspicienda
713 1421 802 1500 sunt,
829 1439 870 1483 ne
898 1418 982 1483 forte
1010 1411 1087 1484 binc
1114 1423 1263 1483 nascatur
1291 1420 1378 1502 quod
1405 1424 1531 1484 nostras
1554 1443 1602 1485 ra·

366 1527 472 1591 tiones
495 1524 665 1590 labefactet
688 1528 745 1588 aut
769 1529 906 1590 corruat.
943 1524 982 1590 In
1007 1524 1178 1610 Symposio
1203 1527 1248 1612 (p.
1268 1526 1320 1610 20,
1341 1524 1397 1613 11)
1421 1526 1603 1592 haecdicit

366 1631 604 1716 Eryximacbus
627 1631 770 1697 medicus
794 1631 1044 1716 καθεωρακέναι
1067 1657 1124 1717 μοι
1148 1634 1236 1698 δοκῶ
1261 1632 1300 1697 ἐκ
1323 1643 1390 1716 τῆς
1411 1636 1602 1718 ἰατρικῆς,

366 1749 433 1824 τῆς
456 1739 645 1824 ἡμετέρας
671 1738 826 1823 τέχνης,
853 1738 898 1814 ὡς
920 1738 1021 1824 μέγας
1044 1740 1098 1804 καί
1121 1741 1317 1825 θαυμαστὸς
1339 1738 1394 1806 καί
1418 1739 1471 1806 ἐπὶ
1494 1754 1560 1807 πᾶν
1584 1741 1643 1808 bro

366 1847 448 1923 θεὸς
469 1847 579 1929 τείνει,
603 1849 637 1910 et
657 1844 808 1928 deinceps
827 1842 966 1928 ἄρξομαι
986 1840 1023 1909 dl
1042 1845 1106 1909 ἀπὸ
1125 1855 1191 1928 τῆς
1211 1849 1389 1932 ἰατρικῆς
1408 1847 1523 1933 λέγων,
1546 1849 1602 1912 ἵνα

323 2039 326 2042 Α
366 1952 422 2019 καὶ
450 1953 685 2037 πρεσβεύομεν
712 1952 782 2036 τὴν
807 1951 958 2036 τέχνην.
994 1952 1047 2018 Ex
1069 1952 1121 2016 his
1145 1947 1351 2040 Hirschigius
1375 1965 1432 2037 τῆς
1456 1959 1603 2039 ἰατρικῆς

368 2058 490 2144 (priore
511 2057 600 2144 loco)
623 2059 765 2143 expellit,
787 2063 826 2123 ut
847 2058 927 2123 haec
949 2059 1036 2125 dicat
1054 2058 1292 2142 Eryximachus
1316 2061 1351 2126 έιι
1369 2071 1427 2145 τῆς
1445 2061 1603 2146 ἡμετέρας
1619 2103 1632 2122 .

366 2166 491 2251 τέχνης.
528 2165 611 2249 Νοε,
644 2167 672 2230 si
700 2166 778 2250 quid
806 2165 969 2230 abundare
997 2166 1172 2252 videretur,
1205 2168 1332 2232 facilius
1360 2177 1418 2251 τῆς
1445 2166 1604 2253 ἡμετέρας

367 2275 484 2359 τέχνης
502 2273 621 2338 auferri
641 2273 797 2356 daremus,
816 2295 902 2338 nunc
919 2277 958 2336 ut
970 2271 1207 2357 Eryximaohus
1225 2275 1271 2339 ita
1289 2274 1475 2358 loqueretur
1494 2297 1603 2359 quern-

368 2381 540 2448 admodum
567 2402 665 2464 supra
686 2379 814 2445 locutus
838 2384 888 2444 est
911 2379 956 2467 (p.
977 2378 1088 2466 7,12)
1113 2378 1185 2466 ε’μοί
1209 2384 1307 2446 τοῦτό
1332 2405 1368 2464 γε
1392 2373 1482 2466 οἶμαι
1505 2383 1606 2448 κατύ,

368 2491 473 2572 δῆλον
500 2487 674 2572 γεγονέναι
702 2487 744 2552 ἐκ
771 2496 838 2570 τῆς
867 2489 1059 2573 ίατρικῆς;
1087 2487 1279 2554 medicinam
1305 2489 1516 2552 animantem
1540 2489 1604 2554 dici

367 2600 507 2680 utroque
525 2595 597 2660 loco
617 2615 634 2658 e
653 2617 688 2658 re
707 2597 785 2658 erat.
813 2592 874 2660 Sed
895 2615 967 2660 cum
987 2596 1183 2660 conferimus
1197 2593 1403 2681 Agathonem
1418 2594 1463 2682 (p.
1478 2596 1531 2678 34,
1546 2593 1603 2682 17)

369 2705 415 2768 ita
447 2703 607 2769 dicentem
639 2699 683 2766 ἵν’
721 2696 764 2766 αὖ
796 2699 852 2769 καὶ
884 2701 948 2785 ἐγὼ
980 2704 1051 2786 τὴν
1083 2702 1278 2787 ἡμετέραν
1309 2702 1451 2787 τέχνην
1478 2706 1602 2786 τιμῆσαι

368 2811 479 2892 ὥσπερ
497 2806 713 2894 Ἐρυξίμαχος
735 2809 797 2892 τὴν
820 2809 936 2893 αὑτοῦ,
957 2811 1095 2894 ποιητὴς
1118 2809 1135 2877 ὁ
1159 2813 1240 2887 θεός
1261 2815 1336 2894 κτλ,
1365 2832 1446 2895 quae
1469 2810 1604 2875 redeunt
1618 2836 1647 2875 ιο

368 2918 410 2982 ad
431 2940 462 3001 p.
481 2916 538 2999 20,
559 2916 674 2999 18sq.,
700 2916 882 3001 intelligere
909 2916 1069 3001 videmur,
1097 2918 1243 3001 quamvis
1272 2918 1366 2982 aliter
1389 2918 1507 2982 sentiat
1528 2916 1604 2981 Hir-

368 3023 522 3110 schigius,
545 3022 801 3107 Eryximaohum
824 3026 998 3106 utrumque
1021 3024 1175 3108 posuisse.
1213 3022 1276 3099 Qui
1299 3024 1386 3108 quod
1407 3024 1507 3109 paulo
1529 3028 1606 3108 post

367 3154 399 3216 p.
418 3132 471 3215 21,
492 3132 533 3195 18
556 3130 603 3194 ita
626 3130 706 3195 dicit
728 3130 859 3205 τούτοις
882 3128 1072 3213 έπιστῆθεὶς
1091 3126 1197 3215 ἔρωτα
1216 3128 1392 3214 ἐμποιῆσαι
1411 3130 1429 3196 ὁ
1448 3130 1606 3214 ἡμέτερος

367 3241 534 3324 πρόγονος
552 3236 747 3320 ’Λσκίηπιὸς
766 3287 772 3300 .
789 3287 795 3299 .
814 3234 1019 3319 συνέστησεν
1042 3237 1112 3318 τῆν
1135 3236 1327 3320 ἡμετέραν
1350 3235 1501 3320 τέχνην.
1524 3238 1545 3319 ἥ
1564 3261 1604 3301 τε

369 3341 442 3413 οὖν
466 3346 620 3431 ἰατρικὴ
644 3344 754 3427 ὥσπερ
778 3342 862 3424 λέγω
886 3352 975 3407 πᾶσα
999 3343 1055 3408 διὰ
1078 3352 1138 3407 τοῦ
1156 3350 1242 3407 θεοῦ
1261 3344 1383 3408 τούτου
1402 3346 1603 3429 κυβερνᾶται

368 3457 439 3537 κτλ,
461 3452 540 3527 baec
558 3452 637 3515 scite
655 3450 779 3517 variata
797 3449 901 3513 oratio
922 3452 1007 3513 certe
1026 3471 1090 3513 non
1110 3449 1244 3533 impedit
1263 3450 1435 3534 quominus
1454 3450 1511 3515 illo
1530 3450 1603 3516 loco

369 3581 434 3645 quo
457 3561 537 3626 haec
554 3558 692 3625 tendunt
710 3556 746 3626 ἐκ
763 3567 822 3640 τῆς
841 3559 999 3640 ἰατρικῆς,
1017 3566 1076 3639 τῆς
1094 3556 1252 3641 ἡμετέρας
1270 3556 1386 3642 τέχνης
1405 3559 1603 3623 coniunctim

370 3667 495 3734 dixerit.
527 3666 621 3731 Plato
643 3667 751 3728 autem
770 3686 843 3729 cum
860 3686 891 3747 p.
909 3662 959 3745 19,
974 3662 1017 3728 28
1035 3664 1095 3729 τὸν
1115 3665 1230 3748 ἰατρὸν
1245 3662 1464 3749 Ἐρυξίμαχον
1483 3665 1604 3748 scribit,

370 3775 428 3839 ubi
449 3796 508 3841 nec
530 3794 648 3838 nomen
670 3793 729 3837 nec
752 3772 830 3835 artis
855 3770 1049 3855 significatio
1074 3770 1185 3837 abesse
1208 3774 1326 3855 potest,
1348 3793 1415 3836 non
1432 3771 1604 3836 immemor

369 3886 419 3946 est
442 3879 697 3965 Eryximachum
725 3876 882 3942 medicum
910 3898 979 3940 esse
1003 3878 1067 3941 iam
1091 3881 1165 3941 ante
1189 3876 1358 3964 (p.7,12.
1380 3875 1436 3964 18)
1460 3877 1602 3942 indicari.
1619 3903 1645 3942 ao

371 3988 433 4055 Sed
460 4010 520 4053 nos
551 3988 722 4070 scriptores
749 3984 899 4049 libertate
926 3984 1103 4069 gaudentes
1131 3984 1250 4049 invitos
1278 3985 1312 4049 in
1341 3986 1603 4070 angustissimum

370 4118 487 4183 gyrum
510 4092 702 4177 compellere
724 4113 791 4156 non
815 4090 1006 4157 desistimus.
1044 4091 1129 4157 Nam
1154 4092 1226 4157 vide
1250 4094 1327 4176 quid
1347 4097 1445 4177 agant
1464 4092 1551 4156 docti
1570 4092 1604 4154 in

346 4243 348 4249 ,
370 4203 554 4269 Theaeteto.
592 4200 680 4278 Quae
707 4222 738 4282 p.
757 4200 815 4279 29,
834 4199 878 4262 20
906 4197 1055 4266 Socrates
1084 4199 1162 4263 dicit
1188 4201 1225 4263 τὸ
1255 4200 1292 4265 δὲ
1319 4200 1361 4283 δὴ
1389 4196 1470 4281 ἐμόν
1492 4221 1527 4262 τε
1549 4198 1603 4263 καί

368 4321 427 4394 τῆς
450 4308 528 4393 ἐμῆς
550 4307 666 4392 τέχνης
686 4306 770 4391 [τῆς
788 4306 1037 4389 μαιευτικῆς]
1058 4318 1140 4387 σιγῶ
1160 4306 1240 4371 ὅσον
1259 4305 1385 4389 γέλωτα
1404 4306 1604 4387 ὀφλισκάνο-

368 4441 441 4503 μεν,
464 4410 554 4501 οίμαι
579 4411 616 4480 dl
638 4412 694 4478 καὶ
718 4412 871 4498 ξύμπασα
893 4412 913 4495 ἡ
938 4422 999 4477 τοῦ
1023 4412 1238 4495 διαλέγεσθαι
1261 4415 1477 4497 πραγματεία,
1501 4435 1539 4476 ex
1563 4412 1603 4477 iis

367 4524 518 4591 Naberus
538 4521 622 4609 (obs.
636 4522 707 4587 crit.
720 4544 750 4604 p.
764 4519 801 4603 ὃ)
820 4528 879 4602 τῆς
896 4528 1089 4604 μαιευτικῆς
1108 4521 1252 4604 sustulit;
1272 4542 1353 4603 quae
1372 4519 1456 4583 idem
1470 4542 1500 4604 p.
1517 4519 1567 4602 12,
1582 4520 1602 4583 9

368 4641 409 4717 τῆ
438 4630 497 4717 ἐμῆ
525 4630 621 4715 τέχνῃ
651 4628 735 4713 [τῆς
758 4625 995 4712 μαιεύσεως]
1020 4628 1059 4689 τὰ
1081 4622 1143 4707 μέν
1167 4628 1251 4692 ἄλλα
1273 4627 1413 4711 ὑπάρχει
1437 4627 1498 4691 ὅσα
1522 4626 1603 4692 ε’κεί-

368 4763 452 4822 ναις,
476 4736 628 4821 διαφέρει
652 4737 690 4804 δὲ
712 4742 758 4823 τῷ
781 4757 816 4799 τε
840 4733 965 4817 ἄνδρας
987 4732 1072 4797 ἀλλὰ
1089 4735 1133 4817 μῆ
1152 4745 1313 4816 γυναῖκας
1331 4734 1528 4815 μαιεύεσθαι
1548 4732 1603 4799 καί

369 4854 416 4935 τῷ
439 4847 498 4921 τὰς
525 4846 633 4928 ψυχὰς
660 4843 771 4910 αὐτῶν
799 4839 974 4914 τικτούσας
1003 4839 1196 4907 ἐπισκοπεῖν
1223 4840 1306 4905 ἀλλὰ
1328 4842 1372 4924 μα)
1395 4842 1435 4907 τὰ
1459 4842 1603 4925 σώματα,
