3967 5725
736 604 786 654 on
804 603 938 655 1111111
955 601 1203 653 nmnnnonsns.
1529 598 1595 662 413

324 779 345 836 4
498 765 579 830 ME.
607 764 672 829 Dio
692 765 848 830 bominem
870 764 1099 846 lepidissimum
1122 784 1264 830 1111011.
1310 762 1381 829 PE.
1411 763 1474 830 Ubi
1496 763 1597 830 aaut

1219 871 1349 937 sumus?

496 978 578 1044 ME.
606 978 671 1043 Die
697 979 787 1044 ueodo
813 979 869 1044 loc
894 979 977 1061 quod
1004 999 1056 1060 epo
1083 984 1112 1043 le
1138 979 1233 1044 iubeo.
1284 977 1356 1043 PE.
1387 977 1468 1042 Dico
1493 977 1597 1042 ‘bomo

1220 1085 1430 1167 lepidissime?

497 1194 579 1258 Mu.
607 1193 734 1276 Ecquid
755 1194 853 1260 audes
874 1193 913 1258 de
935 1198 986 1257 luo
1010 1194 1089 1258 istuc
1107 1193 1242 1258 addere?
1289 1191 1359 1256 PE.
1384 1191 1499 1274 ‘Atque
1516 1191 1597 1255 lello·

1219 1300 1362 1365 murore?

409 1405 473 1472 150
497 1406 579 1471 ΜΕ.
608 1406 823 1492 Perpeporro.
856 1405 928 1470 PE.
948 1407 1023 1471 Nou
1030 1427 1127 1488 perpe
1140 1407 1247 1484 baele,
1260 1408 1327 1472 uisi
1339 1407 1401 1471 solo
1411 1426 1474 1488 quo
1480 1405 1596 1488 prolia

496 1514 652 1596 leitipluru
674 1515 733 1579 tibi
754 1520 799 1578 est
820 1534 890 1579 curu
912 1534 1024 1579 uuore:
1047 1535 1080 1579 eo
1103 1515 1148 1578 uu
1171 1515 1227 1579 obs
1249 1519 1277 1578 le
1299 1533 1388 1578 caveo
1411 1514 1540 1578 cautius.

409 1620 472 1687 152
496 1622 578 1687 ΜΕ.
608 1619 700 1687 Clam
722 1642 848 1686 umorem
871 1627 915 1686 est
936 1621 991 1685 ubi
1013 1621 1187 1703 sepuluuru
1213 1620 1382 1686 habeamus
1404 1625 1495 1702 atque
1516 1620 1598 1684 111010

1220 1728 1437 1793 commeneus
1459 1727 1550 1794 diem
1610 1754 1636 1792 ιο

460 1892 463 1898 .
499 1835 570 1900 PE.
593 1835 662 1919 Ape
683 1855 761 1901 saue
782 1837 887 1918 101101,
914 1837 1041 1918 quaudo
1068 1856 1197 1918 aequom
1219 1855 1305 1918 oros,
1332 1855 1427 1916 quom
1455 1835 1597 1898 010111-

1222 1943 1315 2007 eeudo
1337 1941 1472 2024 ropulu?

497 2048 578 2114 Dies
599 2051 722 2131 quleluu
745 2051 812 2114 loru
835 2050 880 2114 od
902 2049 1082 2114 umbilicum
1106 2055 1150 2114 ecl
1172 2049 1360 2114 dimidiatus
1382 2053 1525 2112 mortuos.

411 2154 474 2221 155
499 2157 581 2222 ΜΕ.
611 2156 654 2220 Tc
672 2177 794 2222 merore
812 2158 892 2221 mibi
911 2177 1003 2238 quoru
1021 2156 1185 2238 obloquere.
1223 2155 1294 2221 PE.
1322 2153 1451 2220 Oculum
1470 2154 1599 2234 ecfodito

1215 2284 1276 2344 per
1298 2261 1397 2327 solum

499 2369 595 2453 Mili,
619 2371 828 2449 Menaechme,
851 2373 881 2437 sl
903 2370 1003 2436 ullum
1025 2370 1149 2434 cubum
1170 2371 1248 2451 fouo
1269 2369 1335 2434 uisi
1357 2368 1439 2450 quod
1460 2368 1597 2432 iusseris.

364 2475 502 2541 Versum
525 2476 596 2562 152,
620 2479 712 2543 cuius
735 2483 820 2542 recte
844 2477 1047 2565 intelligendi
1071 2498 1166 2542 causa
1184 2479 1274 2541 totus
1292 2479 1386 2540 tenor
1404 2473 1598 2538 evolvendus

364 2588 445 2668 1111,
467 2606 527 2648 nos
550 2584 833 2650 Menaechmorum
857 2586 967 2651 fabula
990 2609 1016 2650 a.
1040 2583 1124 2649 1882
1148 2583 1234 2648 edita
1257 2583 1352 2648 sicuti
1376 2605 1417 2646 ex
1441 2580 1599 2645 librorum

363 2692 534 2777 scripturis
557 2695 591 2755 et
612 2692 800 2757 testimonio
824 2693 1027 2778 grammatici
1050 2690 1160 2777 prodit
1181 2691 1441 2775 perscripsimus:

498 2796 590 2865 Oloru
614 2820 742 2865 uuorcm
768 2811 812 2867 est
835 2801 890 2867 ubl
911 2799 1085 2883 sepulerum
1111 2798 1279 2865 babeamus
1304 2801 1394 2879 utque
1415 2797 1498 2861 buuo
1519 2815 1599 2861 oom-
1613 2821 1640 2862 co

1223 2906 1373 2971 luemus
1395 2905 1487 2988 dieue,

364 3013 563 3098 eundemque
583 3012 733 3079 Goetzins
754 3013 998 3098 Schoelliusque
1021 3016 1055 3079 in
1079 3036 1117 3079 11
1140 3013 1279 3078 editione
1299 3034 1360 3096 qua
1379 3033 1444 3095 quo
1463 3010 1599 3077 oonsilio

363 3143 425 3185 nos
448 3144 547 3185 unam
567 3121 719 3204 fabulam,
743 3144 780 3186 eo
800 3125 833 3186 et
852 3122 1010 3186 severiore
1029 3121 1126 3186 etiam
1146 3123 1251 3185 totum
1270 3118 1421 3183 Plautum
1441 3117 1599 3183 edendum

364 3232 567 3310 curaverunt,
596 3228 720 3293 scilicet
742 3233 779 3293 ut
801 3228 865 3292 nisi
889 3249 968 3312 quas
993 3232 1096 3293 certas
1119 3227 1273 3292 haberent
1297 3227 1466 3291 doctorum
1490 3225 1600 3309 opina-

363 3335 508 3399 tionibus
536 3357 602 3399 non
629 3335 765 3419 receptis
792 3334 901 3399 Plauti
931 3335 1113 3399 comoedias
1141 3334 1251 3418 quales
1280 3334 1412 3398 testium
1439 3333 1518 3398 fides
1547 3355 1599 3396 ex-

364 3440 492 3505 hiberet
510 3442 793 3526 repraesentandos
813 3441 974 3525 ducerent,
992 3443 1027 3507 in
1043 3440 1261 3505 Menaechmis
1280 3440 1408 3504 11895
1426 3440 1599 3525 publicatis

366 3546 430 3613 hoc
453 3547 549 3612 modo
574 3549 671 3613 scribi
693 3549 858 3613 iusserunt

501 3653 592 3721 Oloru
618 3676 745 3721 uxorem
768 3657 790 3739 †
812 3656 866 3720 ubl
892 3656 1066 3738 sepulerum
1098 3656 1267 3721 bobeomus
1297 3660 1387 3733 utque
1412 3655 1495 3719 buue
1521 3674 1600 3719 0001-

1222 3762 1372 3827 buroueus
1394 3762 1485 3846 dieue,

365 3867 475 3933 11111111
507 3890 600 3933 cruce
633 3869 743 3933 critica
775 3870 964 3953 profitentes
993 3890 1053 3934 nec
1085 3890 1175 3933 suam
1203 3869 1374 3953 pristinam
1406 3869 1600 3952 scripturam
1614 3891 1641 3931 10

364 3997 469 4059 neque
497 3974 561 4039 alia
587 3976 724 4040 aliorum
753 3981 934 4041 commenta
962 3976 1036 4040 inde
1059 3998 1078 4039 1
1100 3974 1271 4040 Ritschelii
1299 3975 1499 4058 temporibus
1527 3996 1600 4058 pro-

365 4082 472 4166 posita
494 4081 596 4146 multa
619 4082 681 4146 sibi
704 4082 830 4167 placere
854 4105 957 4167 neque
980 4105 1056 4147 vero
1079 4082 1280 4167 probabilem
1305 4086 1337 4145 11
1366 4104 1447 4166 quae
1469 4081 1599 4166 penitus

365 4188 563 4253 satisfaceret
594 4188 784 4254 emendandi
815 4190 972 4254 rationem
1001 4191 1036 4253 in
1067 4193 1220 4273 promptu
1248 4211 1325 4254 esse.
1380 4186 1600 4253 confidentior

365 4295 441 4380 Leo,
461 4296 517 4379 qui
536 4300 569 4360 et
586 4295 655 4381 ipse
672 4300 778 4361 totum
793 4295 945 4361 Plautum
959 4295 1114 4360 laudabili
1129 4296 1263 4360 consilio
1280 4300 1312 4360 11
1325 4317 1443 4381 magna
1457 4294 1600 4359 sollertia

364 4402 535 4467 adornavit
558 4426 585 4467 a.
602 4401 696 4467 1895.
716 4403 758 4466 96
779 4403 835 4467 sed
859 4403 984 4467 diversa
1008 4403 1047 4467 ab
1072 4402 1136 4468 illis
1155 4404 1208 4467 via
1230 4404 1312 4468 inita
1330 4403 1376 4466 111
1396 4406 1433 4466 111
1451 4402 1599 4467 universe

366 4509 496 4593 quidem
524 4510 565 4572 ad
591 4511 749 4575 librorum
777 4511 966 4574 memoriam
994 4532 1027 4573 se
1051 4510 1228 4595 applicaret
1251 4510 1306 4574 sed
1329 4530 1411 4592 quae
1438 4507 1600 4592 probabili

365 4616 462 4683 modo
487 4616 605 4703 corrigi
627 4638 722 4701 posse
745 4615 931 4681 uiderentur
954 4619 1131 4701 corrigeret
1155 4621 1187 4681 et
1210 4615 1365 4700 exemplis
1388 4614 1599 4703 argumentis-

367 4744 428 4807 que
448 4724 590 4788 collectis
605 4724 807 4808 breviterque
826 4724 982 4808 expositis
1003 4728 1058 4787 aut
1078 4728 1219 4788 correcta
1234 4722 1395 4787 stabiliret
1412 4727 1468 4787 aut
1481 4722 1600 4787 11111111

366 4831 422 4894 sed
451 4831 587 4896 obscura
609 4831 661 4896 vel
688 4829 875 4895 addubitata
903 4831 1092 4915 explicando
1117 4830 1301 4912 vindicaret,
1329 4830 1362 4894 in
1385 4831 1448 4893 hoa
1471 4851 1599 4913 quoque
