3967 5725
378 624 420 688 14
536 628 661 679 XXXIV.
681 628 796 678 INDEX
815 628 1030 681 LEGTIONUM
1046 630 1288 681 HIBERNARUM
1307 633 1374 682 1891
1377 630 1439 699 [91.

374 810 585 872 properamus
615 789 655 853 ad
677 788 886 855 Theocritum
914 790 1030 875 redire,
1057 813 1098 854 ne
1126 814 1146 855 a
1169 790 1303 856 Platone
1326 791 1452 875 abrepti
1475 791 1610 857 alterius

375 894 543 980 ἐρωμένου
567 896 770 962 immemores
793 897 961 962 videamur
983 897 1110 962 abiisse.
1231 958 1234 963 .

465 1000 626 1066 Volumus
654 1007 762 1068 autem
790 1003 828 1068 de
856 1026 950 1069 versu
979 1004 1118 1089 quodam
1146 1005 1297 1070 carminis
1329 1004 1446 1071 decimi
1478 1006 1611 1090 septimi

375 1108 539 1193 disserere,
562 1130 627 1173 non
649 1114 686 1174 ut
704 1110 958 1175 emendationem
976 1114 1170 1195 temptemus
1188 1116 1354 1195 tamquam
1373 1112 1546 1198 depravati,
1569 1136 1610 1179 110

375 1216 449 1298 quis
473 1220 609 1301 censeat,
633 1216 689 1282 sed
712 1221 749 1281 ut
771 1217 934 1303 integrum
959 1239 1055 1301 quern
1079 1219 1237 1283 credimus
1261 1240 1328 1284 esse
1357 1223 1611 1305 atemptataet

374 1322 439 1387 iam
462 1323 587 1407 pridem
610 1328 738 1408 recepta
761 1325 983 1389 emendatione
1007 1326 1035 1389 si
1058 1326 1128 1390 fieri
1151 1329 1259 1408 potest
1280 1325 1461 1391 liberemus.
1507 1326 1610 1392 Theo·

375 1431 474 1494 oritus
499 1432 585 1495 enim
608 1436 818 1515 posteaquam
841 1430 1019 1497 Ptolemaei
1042 1431 1257 1517 Philadelphi,
1284 1434 1337 1497 oui
1359 1432 1422 1497 hoc
1445 1432 1610 1516 ἐγκώμιον

375 1536 516 1602 dicatum
544 1542 607 1621 est,
634 1538 878 1604 beneficentiam
907 1561 944 1604 ac
971 1539 1197 1605 liberalitatem
1227 1539 1416 1624 dilaudavit,
1445 1562 1509 1623 qua
1537 1561 1610 1605 cum

374 1644 495 1708 multos
518 1648 587 1708 tum
610 1645 777 1710 Musarum
802 1647 993 1730 interpretes
1016 1649 1207 1730 prosecutus
1231 1650 1292 1729 est,
1319 1646 1399 1710 haec
1423 1645 1513 1713 addit
1535 1670 1609 1731 poe·

334 1776 360 1816 ro
375 1755 481 1815 tarum
504 1752 569 1816 vim
593 1756 625 1817 et
647 1754 799 1817 virtutem
825 1752 996 1835 extollens,
1025 1753 1080 1836 qui
1108 1753 1169 1815 soli
1196 1775 1271 1817 vera
1298 1755 1330 1815 et
1354 1755 1482 1817 aeterna
1505 1754 1611 1838 gloria

375 1858 570 1923 remunera-ri
593 1864 731 1943 possunt
753 1881 808 1924 eos
833 1880 970 1942 quorum
993 1858 1156 1923 beneficiis
1181 1860 1266 1923 aucti
1291 1862 1375 1923 sunt.

422 1964 485 2029 115
509 1966 683 2049 Μουσάων
706 1964 734 2030 δ’
758 1966 928 2050 ὑποφῆται
951 1965 1097 2031 ἀείδοντι
1121 1970 1331 2050 Πτολεμαῖον

510 2070 579 2137 ἀντ’
604 2072 807 2157 εὐεργεσίης·
830 2077 865 2138 τί
885 2069 922 2137 di
946 2073 1084 2138 κάλλιον
1107 2071 1208 2157 ἀνδρί
1228 2097 1287 2138 κεν
1310 2079 1360 2157 εἴη

510 2179 612 2268 ὀλβίῳ
635 2178 655 2262 ἢ
679 2178 774 2256 κλέος
797 2179 924 2247 ἐσθλὸν
948 2180 985 2245 ἐν
1007 2179 1243 2265 ἀνθρώποισιν
1266 2179 1422 2265 dotatum

508 2295 608 2351 τοῦτο
632 2287 686 2351 καὶ
703 2284 898 2370 {depaldum
922 2288 1028 2372 μένει·
1051 2289 1091 2352 τὰ
1114 2288 1152 2353 dt
1175 2290 1279 2371 μυρίοι
1301 2297 1393 2372 τῆνα,

509 2392 593 2458 ὅσσα
615 2392 721 2477 μέγαν
744 2395 911 2477 Πριάμοιο
936 2396 1042 2477 δόμον
1065 2395 1261 2460 κτεάτισσαν
1285 2392 1424 2478 ἑλόντες,

421 2499 485 2564 120
500 2497 601 2565 ”Aaou
623 2502 731 2565 πάντα
754 2500 943 2584 κέκρυπται,
968 2503 1053 2567 ὅθεν
1075 2500 1179 2567 πόλιν
1202 2501 1312 2566 οὐκέτι
1336 2504 1463 2579 νόστος.

373 2606 512 2672 Versum
536 2611 713 2672 extremum
738 2608 801 2672 iam
825 2631 843 2671 a
867 2606 977 2671 multis
1001 2609 1093 2671 annis
1117 2608 1463 2691 clarissimieditores,
1489 2609 1609 2695 Meine-¹

373 2714 461 2798 kius,
493 2714 671 2799 ZiegleruS,
702 2712 860 2797 Hillerus,
893 2715 939 2778 sic
967 2715 1017 2778 uti
1047 2736 1145 2798 supra
1174 2711 1312 2799 scriptus
1340 2719 1388 2778 est
1416 2714 1608 2781 adornatum

334 2848 360 2888 1ο
374 2821 465 2888 edere
489 2824 601 2887 solent.
648 2819 750 2898 Quam
774 2820 929 2887 orationis
953 2821 1090 2886 formam
1114 2842 1178 2904 quo
1206 2822 1309 2908 magis
1337 2822 1547 2905 comprobent
1575 2827 1608 2888 et

375 2931 573 3014 confirment,
598 2928 715 2995 00111111
739 2929 920 3013 admonent,
945 2930 1000 3013 qui
1024 2928 1100 3013 quia
1123 2928 1236 2993 scribit
1259 2929 1297 2994 de
1323 2951 1450 3013 passere
1478 2934 1606 2996 mortuo

512 3037 573 3118 Qui
595 3057 679 3101 ννιιο
701 3038 727 3101 it
743 3057 803 3118 per
825 3038 883 3100 iter
905 3036 1123 3100 matricuriam

508 3143 593 3207 111110
614 3144 697 3207 code
719 3149 833 3225 oepout
854 3145 958 3208 redire
984 3164 1177 3224 quemquem,

373 3251 461 3314 hunc
485 3250 559 3314 Orci
583 3250 741 3335 designati
764 3250 895 3314 modum
918 3273 957 3314 ex
984 3249 1046 3313 hoc
1073 3271 1167 3315 101111
1191 3249 1381 3316 Τ1100011100
1410 3252 1607 3335 expressisse

374 3357 605 3422 existimandus
633 3357 688 3441 sit3
722 3355 844 3419 addidit
871 3355 1034 3440 Hauptius
1068 3378 1149 3440 quae
1182 3357 1222 3422 ab
1255 3357 1316 3422 hac
1349 3358 1507 3422 sententia
1539 3379 1606 3422 non

374 3464 478 3530 aliena
501 3463 695 3528 Claudianus
719 3463 836 3527 dixerit
859 3462 898 3526 de
920 3467 1016 3546 raptu
1039 3462 1249 3547 Proserpinae
1268 3464 1339 3528 120

507 3571 563 3650 Di,
586 3571 698 3652 1111111111
720 3572 920 3635 innumerum
942 3573 1036 3638 oucuc'
1055 3573 1256 3653 famulantur
1278 3572 1400 3636 Auerni

514 3677 631 3761 Vulpes
653 3679 746 3762 111011,
769 3677 878 3758 epibata
900 3699 1031 3759 ᾳνονιινι
1055 3680 1190 3744 donetur
1213 3679 1321 3743 000111

512 3786 673 3867 Quidquid
694 3786 730 3848 ιἰι
753 3784 931 3866 0100110111.

333 3915 360 3954 11
374 3891 450 3956 Non
473 3913 626 3977 negamus
651 3891 828 3976 speciosam
852 3914 920 3957 esse
943 3895 1039 3958 istam
1063 3895 1256 3976 scripturam
1279 3914 1414 3976 eamque
1433 3890 1484 3957 his
1502 3914 1607 3957 exem-

374 3998 438 4082 plis
462 3998 586 4063 firmius
610 3998 774 4063 vindicari.
820 3999 881 4063 Est
903 4004 1011 4064 tamen
1034 4001 1069 4063 in
1092 3999 1153 4064 hac
1176 4000 1335 4065 sententia
1355 3999 1442 4083 quod
1459 4004 1606 4065 accurate

373 4106 598 4189 interpretanti
618 4105 787 4189 displicere
805 4107 916 4189 possit.
965 4105 1046 4171 Cum
1065 4108 1151 4170 enim
1170 4107 1217 4171 ita
1236 4107 1321 4172 dicat
1339 4111 1444 4192 poeta,
1468 4107 1605 4191 gloriam

373 4233 502 4276 manere
522 4211 653 4297 Atridis,
677 4214 834 4277 immensa
851 4235 927 4278 1010
946 4213 1004 4278 illa
1022 4235 1103 4298 quae
1122 4218 1234 4298 captae
1252 4218 1327 4297 post
1346 4214 1473 4278 moenia
1491 4212 1607 4276 Troiae

374 4318 614 4412 acquisiverint
627 4320 659 4383 in
680 4319 763 4384 Orco
787 4320 916 4385 condita
937 4341 1016 4403 esse,
1039 4342 1078 4384 ex
1098 4341 1162 4404 quo
1182 4321 1245 4385 iam
1265 4321 1385 4386 reditus
1403 4342 1468 4386 non
1486 4322 1606 4403 pateat,

374 4423 552 4510 intelligere
579 4425 715 4509 videare,
742 4425 873 4490 Atridas
901 4428 999 4491 etiam
1026 4430 1097 4491 tum
1124 4428 1232 4492 111010
1260 4433 1292 4494 01
1315 4427 1419 4513 gloria
1440 4427 1515 4502 frui,
1538 4426 1607 4509 opi-

374 4531 434 4596 bus
462 4530 503 4595 ad
530 4531 650 4596 inferos
679 4533 808 4617 ablatis,
836 4534 920 4598 unde
949 4533 989 4596 ad
1017 4555 1071 4600 eos
1098 4535 1201 4600 redire
1231 4556 1297 4600 non
1319 4533 1453 4618 possint.
1499 4530 1606 4608 Quare
1621 4545 1659 4601 14

375 4637 526 4720 quoniam
554 4641 586 4702 et
613 4639 677 4723 ipsi
704 4639 828 4724 pridem
856 4640 938 4705 vada
965 4640 1087 4725 pallida
1114 4641 1231 4706 Lethes
1259 4641 1465 4723 traiecerunt,
1493 4640 1605 4706 malles

373 4748 428 4808 aut
461 4745 554 4810 aliter
584 4747 723 4811 formata
755 4751 838 4812 esset
871 4747 989 4830 oratio,
1020 4752 1058 4813 ut
1090 4747 1195 4833 gloria
1227 4768 1370 4824 manere,
1402 4769 1480 4831 opes
1507 4745 1606 4820 simul

374 4871 446 4915 cum
484 4850 563 4936 ipsis
600 4854 666 4935 (101
700 4853 812 4919 eodem
849 4875 913 4937 quo
950 4853 1028 4941 ipsi)
1065 4854 1216 4919 cecidisse
1248 4856 1281 4918 in
1315 4852 1433 4920 Orcum
1466 4854 1606 4920 diceren-
