3967 5725
375 668 398 731 4
547 671 671 723 XXXIV.
689 672 805 722 INDEX
823 672 1037 747 LEOTIONUM
1049 674 1291 726 HIBERNARUM
1311 673 1445 744 loaisae.

379 834 521 917 χρυσίον
539 834 758 915 δοκιμάζεται,
777 834 884 897 tamen
903 855 976 898 cum
996 856 1033 899 ea
1049 834 1208 900 sententia
1223 835 1300 918 quia
1313 836 1356 920 μὴ
1372 841 1501 920 φαῦλος
1516 834 1616 899 verba

378 938 546 1005 conciliari
568 961 635 1003 non
657 943 802 1024 possunt,
824 961 890 1004 non
913 939 992 1005 baec
1010 963 1109 1025 prava
1128 962 1198 1006 esse
1216 946 1250 1007 et
1267 942 1402 1008 delenda
1420 941 1615 1028 colligimus,

377 1046 433 1111 sed
461 1046 550 1110 illam
577 1046 687 1130 potius
717 1046 898 1131 explicandi
927 1048 1086 1113 rationem
1109 1049 1144 1113 in
1167 1048 1300 1115 dubium
1323 1070 1490 1133 vocamus,
1518 1048 1552 1113 id
1576 1070 1614 1113 eo

378 1154 507 1236 certius,
533 1174 596 1238 quo
620 1155 733 1239 magis,
756 1153 856 1218 misso
880 1154 1045 1240 paulisper
1068 1153 1232 1240 ἐτητυμον
1254 1156 1422 1239 vocabulo,
1440 1155 1565 1239 reliqua
1583 1155 1618 1219 in

379 1281 477 1324 unam
502 1260 680 1325 orationem
704 1265 821 1325 coeunt
844 1265 876 1325 et
900 1266 1177 1348 coagmentantur,
1199 1265 1327 1347 χρυσὸν
1349 1263 1448 1353 δπυίη
1471 1264 1617 1328 πεύθον-
1677 1274 1679 1278 ’

378 1390 443 1448 ται,
467 1367 511 1451 μὴ
535 1372 672 1450 φαῦλος.
710 1366 757 1432 Ut
780 1367 865 1431 enim
884 1369 981 1434 verba
1001 1370 1200 1453 δοκιμάζειν,
1224 1373 1424 1453 βασανίζειν,
1447 1367 1616 1451 ἐξετάζειν,

378 1472 507 1557 similia,
531 1474 578 1539 sic
599 1474 684 1537 nude
707 1478 874 1558 ponuntur
896 1475 935 1539 de
959 1497 1059 1560 more,
1081 1478 1171 1542 volut
1193 1480 1383 1561 βασανίζειν
1401 1478 1462 1543 τὸν
1480 1479 1616 1561 χρυσόν,

379 1581 415 1645 τὸ
440 1582 580 1664 χρυσίον
604 1570 813 1665 ἐδοκίμαζον,
842 1581 859 1647 ὁ
884 1584 1007 1666 χρυσὸς
1030 1581 1223 1667 ἐξετάζεται,
1251 1584 1328 1663 alia,
1356 1584 1403 1649 ita
1425 1584 1616 1648 πεύθεσθαι

378 1689 505 1772 χρυσόν
527 1709 593 1752 non
616 1686 745 1752 videtur
768 1693 842 1772 apte
866 1688 929 1754 dici
953 1690 1016 1754 nisi
1040 1690 1165 1756 adiecta
1183 1691 1436 1776 interrogatione
1456 1688 1560 1773 qualis
1579 1711 1616 1753 ea

337 1818 364 1857 ro
379 1798 426 1859 est
459 1816 555 1878 quam
588 1794 664 1857 libri
698 1795 811 1879 scripti
844 1794 1011 1874 exhibent,
1043 1795 1233 1861 Buecheleri
1260 1795 1440 1861 emendatio
1468 1794 1616 1876 removit,

379 1901 506 1984 χρυσὸν
540 1900 638 1986 ὁποίη
671 1902 857 1967 πεύθονται
889 1903 933 1986 μὴ
966 1908 1104 1984 φαῦλος.
1149 1901 1315 1985 Frequens
1347 1906 1397 1967 est
1423 1903 1487 1969 hoc
1513 1924 1615 1988 genus

379 2008 518 2089 dicendi,
546 2030 610 2092 quo
638 2008 872 2095 interrogandi,
901 2008 1087 2093 quaerendi,
1114 2008 1337 2075 considerandi
1359 2009 1465 2074 verbis
1487 2031 1546 2095 per
1568 2011 1651 2094 μήθ

377 2114 569 2199 particulam
602 2115 813 2201 interrogatio
841 2116 1038 2198 adnectitur,
1071 2109 1246 2180 indicativo
1280 2116 1379 2201 elata3
1411 2116 1467 2200 qui
1499 2116 1614 2181 modus

377 2222 527 2306 proprius
551 2225 600 2286 est
622 2221 737 2287 harum
761 2222 1001 2301 sententiarum,
1026 2246 1044 2287 a
1063 2223 1180 2307 quibus
1199 2223 1321 2288 distant
1340 2226 1375 2288 in
1393 2223 1492 2287 simili
1510 2223 1615 2287 forma

375 2328 541 2392 enuntiata
570 2350 620 2412 ea,
651 2330 685 2394 in
712 2329 829 2413 quibus
857 2332 902 2413 μή
931 2330 1007 2413 quia
1034 2328 1100 2393 vim
1128 2330 1262 2395 cavendi
1289 2331 1387 2395 habet
1413 2352 1479 2395 non
1506 2332 1614 2415 potest

376 2456 442 2499 non
464 2418 706 2500 coniunctivum
726 2458 844 2522 regere.
882 2433 985 2521 Saepe
1005 2435 1135 2520 quidem
1153 2438 1189 2501 in
1206 2436 1269 2502 hoc
1287 2458 1402 2523 genere
1421 2436 1525 2501 modis
1544 2457 1614 2521 per-

375 2544 508 2607 mutatis
527 2547 678 2627 peccatur
697 2552 716 2607 a
734 2542 884 2626 librariis,
903 2542 957 2607 sed
977 2543 1160 2607 examinata
1178 2544 1336 2607 sententia
1354 2542 1448 2608 facile
1466 2543 1614 2607 differen-

361 2650 454 2714 tiam
481 2649 591 2734 prodit
619 2672 655 2714 ac
684 2671 777 2715 suum
807 2638 936 2733 utrique
964 2648 1089 2714 formae
1116 2650 1246 2715 modum
1274 2649 1387 2715 reddit.
1429 2648 1613 2732 Utrumque

374 2778 476 2841 genus
498 2757 611 2841 paucis
633 2756 781 2820 versibus
804 2755 839 2819 in
863 2754 1035 2839 Sophoclis
1058 2756 1189 2822 Electra
1211 2757 1350 2843 legimus
1374 2780 1393 2820 a
1415 2780 1444 2820 v.
1463 2755 1527 2820 581

588 2865 650 2946 ὅρα
673 2870 806 2929 τιθεῖσα
829 2865 925 2929 τόνδε
949 2865 1010 2931 τὸν
1033 2867 1139 2946 νόμον
1161 2867 1295 2950 βροτοῖς

586 2972 630 3055 μὴ
653 2980 745 3055 πῆμα
769 2981 874 3057 σαυτῇ
897 2969 953 3036 καὶ
976 2971 1178 3055 μετάγνοιαν
1200 2977 1333 3055 τιθῇς·

468 3093 469 3096 ’
587 3079 618 3142 εί
640 3079 702 3163 γάρ
726 3087 908 3162 κτενοῦμεν
931 3080 1035 3144 ἀλλον
1058 3075 1129 3142 ἀντ’
1157 3078 1276 3160 ἀλλον,
1301 3078 1343 3142 σύ
1367 3102 1419 3142 τοι

567 3169 697 3270 Ιπρώτη
722 3187 842 3262 θάνοις
865 3186 924 3267 ἀν,
948 3188 979 3250 εί
1003 3188 1097 3270 δίκης
1119 3208 1157 3268 γε
1180 3183 1404 3271 τυγχάνεις*).

586 3289 656 3357 ἀλλ’
685 3293 797 3378 εἰσόρα
820 3294 864 3376 μη
888 3302 1012 3376 σκῆψιν
1035 3293 1096 3358 οὐκ
1120 3287 1226 3358 οὖσαν
1249 3294 1372 3376 τίθης.

372 3397 492 3483 Dispar
523 3398 608 3462 enim
642 3399 873 3463 sententiarum
906 3399 996 3465 color
1027 3399 1125 3464 etiam
1158 3399 1192 3463 in
1225 3400 1336 3464 eodem
1365 3397 1464 3460 verbo
1492 3397 1607 3462 modos

312 3544 315 3550 ,
373 3506 570 3592 distinguere
602 3505 700 3570 iubet.
746 3505 869 3570 Eodem
902 3506 1069 3572 referenda
1101 3509 1177 3570 sunt
1204 3528 1285 3589 quae
1312 3504 1406 3568 Plato
1434 3502 1548 3569 scribit
1575 3502 1610 3565 in

374 3612 520 3678 Phaedro
549 3613 594 3698 (p.
614 3613 671 3694 46,
691 3613 734 3676 23
750 3609 838 3699 Sch.)
867 3613 959 3678 οὔτοι
989 3613 1177 3697 ἀπόβλητον
1205 3609 1282 3687 ἔπος
1310 3603 1396 3675 εἶναι
1423 3611 1489 3693 δεῖ,
1521 3608 1539 3674 δ
1567 3607 1610 3673 ἀν

375 3720 490 3784 εἴπωσι
514 3721 625 3804 σοφοί,
649 3719 733 3784 ἀλλά
756 3730 893 3785 σκοπεῖν
915 3721 959 3805 μη
982 3719 1014 3785 τὶ
1039 3719 1214 3803 λέγουσα
1237 3739 1336 3803 prave
1359 3716 1445 3781 enim
1463 3717 1498 3780 in
1516 3715 1609 3781 libris

374 3825 492 3909 λέγωσι
527 3828 682 3910 scriptum
713 3830 762 3891 est
790 3826 844 3890 sed
872 3826 996 3912 pridem
1025 3830 1217 3907 correctum,
1248 3826 1284 3889 in
1312 3822 1432 3908 Gorgia
1460 3820 1532 3911 (16,
1549 3821 1608 3911 25)

333 3956 361 3996 ao
377 3946 513 4000 exortator
537 3929 600 3999 οὖν
619 3937 681 4019 χρὴ
700 3935 754 3998 καί
774 3934 810 3998 τὸ
830 3935 968 4018 τούτων,
992 3935 1037 4018 μή
1056 3957 1148 4009 τινας
1167 3932 1278 3996 αὐτῶν
1296 3929 1388 3995 κατέ
1391 3954 1513 4015 χομεν
1530 3934 1609 4014 βου-

463 4128 530 4196 *23)
548 4125 694 4197 τυγχάνεις
714 4144 777 4180 cum
796 4126 876 4180 libris
896 4102 1058 4192 scribimns;
1076 4123 1210 4195 vulgatur
1228 4122 1384 4195 τυγχάνοις.
1417 4125 1489 4180 Item
1502 4129 1555 4178 413

587 4214 616 4270 εί
629 4236 676 4285 μοι
696 4214 783 4285 λέγεις
801 4216 852 4285 τὴν
873 4215 956 4284 ὄψιν,
976 4210 1083 4282 εἴποιμ’
1106 4211 1143 4268 ἂν
1161 4211 1231 4268 τότε.

373 4305 495 4359 editores
514 4302 605 4374 λέγοις
623 4321 686 4358 cum
705 4303 846 4358 Triclinio.
884 4303 1034 4357 Praeterea
1051 4303 1123 4357 haec
1140 4302 1205 4356 vido

586 4388 603 4462 ἦ
625 4391 680 4448 δάν
699 4395 751 4463 ἐγὼ
770 4397 917 4461 θαρσοῦσα
936 4394 1041 4460 μᾶλλον
1060 4393 1090 4456 ἐς
1108 4388 1208 4461 λάγους

499 4487 549 4536 315
586 4482 652 4546 τοὺς
672 4483 737 4544 σονς
756 4478 881 4552 ίκοίμην,
900 4479 976 4548 είπερ
997 4474 1050 4535 ὧδε
1068 4476 1149 4534 ταῦτ’
1171 4479 1234 4550 ἔχει.

497 4576 548 4625 199
586 4571 691 4625 οὐκοῦν
710 4565 902 4641 ἀποστείχοιμ’
925 4567 974 4637 ἀν,
994 4568 1020 4623 εί
1036 4566 1101 4624 τάδ’
1125 4565 1155 4624 εὖ
1175 4577 1262 4636 κυρεῖ.

481 4665 549 4714 1203
588 4659 640 4730 ἐγὼ
661 4653 799 4728 φράσαιμ’
821 4657 870 4726 clv,
890 4657 964 4713 εἰτὸ
982 4656 1069 4714 τῶνδ’
1092 4658 1194 4714 είίνονν
1214 4656 1300 4724 πάρα.

480 4755 549 4804 1344
585 4747 757 4818 τελουμένων
775 4743 882 4818 εἴποιμ’
904 4747 948 4804 ἀν.

371 4839 452 4893 Adde
471 4836 614 4908 Euripidis
633 4837 690 4893 Ion.
706 4842 757 4891 943

587 4928 639 4984 οὐκ
657 4921 725 4993 οἶδ’,
746 4929 840 4998 ἀληθῆ
860 4924 887 4983 δ’
911 4926 936 4982 εί
954 4923 1042 4999 λέγεις
1061 4923 1188 4997 φαίημεν
1207 4924 1252 4980 ἀν.
