3967 5725
585 601 834 654 remoramur
852 603 890 653 ru
910 602 1104 652 crcnsorus
1125 589 1379 654 osnrrorunus.
1534 599 1598 664 311

328 775 350 833 4
457 761 571 848 Itaque
594 785 668 846 nos,
696 763 842 846 quinon
865 761 927 826 hoc
949 762 1044 827 nobis
1067 763 1223 828 sumimus
1247 767 1284 827 ut
1307 764 1448 828 eruditos
1473 765 1602 829 criticos

366 870 546 954 doceamus,
569 892 680 935 verum
702 869 736 933 id
761 869 865 934 solum
889 870 1049 934 sectamur
1071 872 1108 933 ut
1133 869 1304 934 iuvenibus
1323 871 1379 955 qni
1397 870 1478 936 haec
1496 871 1602 935 studia

363 981 538 1063 capessunt
569 976 655 1040 viam
687 977 715 1041 si
746 975 908 1061 possimus
940 980 1156 1041 monstremus
1185 999 1249 1061 qua
1279 976 1329 1040 via
1355 980 1441 1042 recte
1469 982 1501 1042 et
1529 1000 1602 1044 cum

365 1084 473 1150 fructu
496 1084 690 1168 scriptorum
711 1088 855 1149 veterum
873 1082 974 1147 libros
994 1086 1132 1148 tractare
1152 1084 1284 1167 discant,
1303 1105 1358 1149 eos
1377 1084 1411 1148 in
1429 1084 1490 1149 hac
1508 1089 1602 1169 parte

363 1214 463 1276 quam
485 1213 572 1256 nunc
595 1191 811 1276 disceptamus
834 1210 964 1254 monere
987 1191 1222 1275 consuevimus,
1248 1191 1389 1275 primum
1413 1195 1449 1256 ut
1472 1192 1601 1258 omissis

364 1320 447 1382 quae
466 1299 574 1364 omitti
592 1296 696 1363 critici
715 1297 828 1363 iubent
847 1296 924 1381 quid
941 1297 1166 1362 nanciscamur
1185 1301 1241 1362 aut
1260 1297 1338 1381 quid
1351 1297 1434 1364 lucri
1448 1298 1601 1363 afferatur

364 1405 516 1489 scriptori
540 1408 688 1471 accurate
712 1409 744 1469 et
767 1403 879 1468 subtili
901 1403 1021 1468 iudicio
1045 1405 1254 1489 perpendant,
1277 1409 1426 1470 caventes
1449 1427 1489 1470 ne
1513 1407 1601 1471 unci·

364 1515 441 1577 nata
473 1513 619 1578 oratione
651 1510 852 1596 decipiantur
884 1513 921 1574 ut
953 1510 1062 1575 adesse
1095 1511 1226 1576 credant
1258 1533 1340 1596 quae
1372 1512 1501 1578 absunt:
1534 1534 1599 1597 quo

363 1619 451 1684 facto
475 1641 569 1704 saepe
592 1617 732 1714 intelligi
756 1617 887 1684 criticos
908 1640 973 1682 non
991 1622 1156 1683 assecutos
1175 1641 1244 1684 esse
1264 1618 1351 1704 quod
1369 1617 1541 1703 volueriut,
1563 1623 1601 1683 ut

363 1725 565 1810 probabilem
593 1726 731 1790 formem
759 1729 791 1789 et
819 1746 900 1809 quae
928 1725 1097 1809 scriptoris
1123 1724 1284 1812 elegantia
1307 1729 1364 1790 aut
1387 1725 1641 1809 amplitudinem

362 1834 461 1918 digna
487 1837 572 1897 esset
598 1832 806 1897 rescindendo
834 1832 1041 1917 refingerent3
1074 1832 1213 1897 secundo
1241 1837 1348 1899 antem
1378 1833 1464 1912 loco,
1497 1836 1533 1896 ut
1560 1854 1601 1897 ne

363 1960 515 2022 umquam
543 1939 705 2023 inquirere
733 1938 973 2024 supersedeant,
1007 1960 1089 2022 quae
1116 1938 1198 2004 falso
1227 1938 1336 2004 addita
1364 1959 1433 2003 esse
1462 1938 1601 2004 editores

361 2045 539 2130 affirmant,
567 2068 605 2110 ea
632 2069 695 2131 qua
723 2044 762 2110 de
790 2067 886 2110 causa
913 2049 969 2109 aut
997 2067 1062 2130 quo
1091 2046 1226 2110 oonsilio
1255 2045 1344 2113 ducti
1372 2045 1532 2111 addidisse
1558 2046 1600 2109 vi-

362 2151 499 2217 deantur
522 2153 578 2237 qui
601 2153 804 2218 addiderunt:
828 2152 884 2236 qui
907 2151 970 2216 hoo
993 2152 1146 2219 omittant
1169 2173 1329 2237 quaerere,
1353 2157 1391 2217 ut
1413 2174 1524 2218 caecos
1548 2175 1600 2216 va·

363 2259 473 2324 cillare
501 2259 534 2324 iu
562 2261 717 2344 tenebris,
744 2281 817 2325 cum
844 2259 992 2324 reiiciant
1019 2280 1101 2344 quae
1130 2282 1163 2325 se
1191 2260 1296 2327 sciant
1322 2260 1408 2325 unde
1435 2263 1512 2326 nata
1535 2260 1601 2325 sint

361 2367 500 2451 nescire3
527 2389 594 2431 non
622 2366 797 2432 audiendos
826 2388 894 2431 esse
920 2387 961 2430 ne
985 2387 1040 2431 eos
1065 2367 1193 2450 quidem
1217 2368 1273 2452 qui
1296 2371 1334 2432 ut
1356 2367 1599 2451 interpolatoris

364 2474 415 2538 sui
438 2474 577 2539 rationes
597 2475 743 2558 aperiant
760 2472 963 2539 incredibilia
980 2474 1107 2559 fingant
1125 2478 1159 2540 et
1177 2496 1258 2558 quae
1276 2496 1434 2559 nusquam
1454 2475 1600 2561 gentium

362 2581 434 2645 fieri
462 2581 669 2646 manifestum
697 2582 754 2664 sit,
782 2603 819 2645 ea
843 2580 938 2646 nobis
960 2581 1047 2645 facta
1069 2602 1139 2645 esse
1162 2581 1352 2666 persuadere
1375 2582 1483 2646 velint.
1526 2581 1600 2646 Ter-

363 2689 446 2752 tium
474 2689 572 2753 etiarn
596 2687 729 2752 suadere
753 2688 919 2772 discipulis
942 2688 1064 2754 nostris
1088 2688 1238 2772 solemus,
1261 2692 1295 2753 in
1319 2689 1533 2775 discrepantia
1556 2693 1600 2753 te·

362 2795 473 2878 etium,
497 2817 634 2880 quorum
658 2795 788 2880 quidem
811 2795 890 2859 fides
914 2797 972 2878 est,
991 2816 1065 2859 cum
1089 2796 1123 2859 in
1141 2797 1242 2862 altera
1261 2803 1351 2881 parte
1369 2798 1499 2861 exstant
1518 2817 1599 2881 quae
1615 2825 1641 2866 ao

362 2902 586 2968 desiderantur
604 2904 638 2967 in
658 2903 767 2984 altera,
788 2925 828 2968 ne
847 2926 920 2970 cum
939 2902 1038 2989 vulgo
1058 2904 1244 2970 criticorum
1263 2924 1477 2990 praepropere
1497 2905 1601 2989 suspi-

363 3012 489 3075 cionem
521 3010 595 3075 falsi
628 3009 783 3094 arripiant
815 3010 871 3073 sed
903 3014 1028 3074 attento
1059 3010 1204 3076 examine
1232 3010 1411 3075 discernere
1440 3011 1601 3095 studeant,

362 3120 473 3181 utrum
496 3117 641 3183 addendo
664 3121 833 3202 peccatum
856 3118 899 3182 sit
922 3140 962 3182 an
985 3117 1172 3201 omittendo,
1196 3118 1456 3203 quandoquidem
1477 3122 1600 3183 utrum·

360 3222 444 3287 libet
465 3224 536 3288 fieri
559 3224 675 3309 potuit.
1541 3301 1544 3305 ,

454 3330 517 3395 Sed
539 3330 704 3416 pergimus
727 3332 767 3395 ad
791 3333 937 3415 exempla
960 3352 1042 3413 quae
1065 3352 1151 3395 nunc
1169 3350 1272 3415 pauca
1290 3328 1452 3395 afferimus
1472 3352 1512 3394 ex
1531 3353 1599 3395 ora-

363 3437 507 3502 tionibus
525 3438 650 3503 hausta.
672 3436 711 3503 In
730 3439 874 3503 oratione
893 3459 953 3523 pro
967 3437 1100 3503 Plancio
1116 3435 1226 3501 Cicero
1242 3437 1277 3501 L.
1292 3434 1401 3501 (lessio
1417 3436 1600 3503 Laterensis

364 3548 512 3631 patrono,
530 3546 587 3630 qui
605 3545 668 3612 hoc
687 3546 755 3631 agit
776 3546 809 3631 (a
827 3568 853 3611 c.
873 3545 925 3628 24,
944 3542 1001 3630 58)
1024 3549 1060 3608 ut
1079 3543 1284 3609 Laterensem
1300 3543 1484 3609 nobilitatis
1504 3566 1600 3610 causa

361 3650 496 3718 Plancio
520 3653 699 3739 digniorem
723 3652 885 3717 aedilitate
903 3650 1003 3716 fuisse
1023 3650 1218 3735 comprobet,
1241 3652 1330 3715 veria
1348 3652 1383 3715 in
1400 3650 1487 3718 huno
1506 3674 1599 3716 usum

362 3759 576 3846 interroganti
601 3759 751 3842 deinceps
774 3758 947 3843 respondet
970 3756 1053 3844 (59).

503 3867 658 3949 Quaesim
675 3872 781 3931 atram
800 3866 879 3931 milii
890 3871 1039 3948 potarem
1057 3866 1169 3947 equitis
1183 3865 1323 3930 Romani
1340 3864 1407 3947 filio
1423 3865 1598 3947 faciliorem
1614 3894 1640 3933 ao

496 3975 596 4056 faisse
622 3975 668 4039 ad
693 3974 911 4056 oduinomdoe
936 3974 1177 4039 horrearium
1205 3992 1249 4037 aa
1274 3973 1418 4054 futuram
1446 3991 1508 4037 ease
1532 3972 1599 4055 filio

499 4102 563 4146 meo
591 4083 667 4163 quio
694 4086 770 4146 esset
793 4080 924 4163 familia
949 4080 1115 4145 malari.
1152 4079 1221 4163 Epo
1243 4100 1313 4145 raro
1335 4096 1527 4161 quamquam
1552 4079 1600 4144 illi

499 4189 608 4253 amaia
634 4186 717 4253 molo
743 4209 839 4270 qaam
866 4188 958 4266 mili,
986 4193 1091 4252 tamea
1117 4187 1269 4253 lurcorum
1297 4186 1404 4251 addas
1426 4206 1599 4268 numquam

429 4295 451 4359 5
497 4295 548 4360 illi
576 4294 736 4376 faciliores
766 4296 873 4376 optari
898 4316 994 4375 qaam
1023 4294 1102 4359 milri
1126 4294 1263 4375 fueruat.
1310 4294 1393 4375 Quia
1421 4293 1529 4372 etiarn,
1561 4314 1600 4358 re

494 4403 575 4484 forte
596 4402 650 4467 ille
671 4402 733 4469 sarr
755 4422 804 4467 rae
820 4403 929 4483 potirer
944 4402 1103 4483 pepermsc
1124 4402 1192 4466 iam
1210 4401 1339 4466 unas
1356 4421 1451 4482 qaam
1470 4402 1530 4465 iter
1548 4401 1600 4465 de-

497 4514 685 4575 monstrasse
711 4509 984 4591 Marsoeadorura
1006 4514 1107 4590 patet,
1139 4508 1214 4573 laec
1240 4508 1291 4574 illi
1317 4508 1396 4573 soleo
1417 4508 1600 4591 promere

498 4617 704 4700 (wmnqaara
731 4617 776 4681 ad
795 4621 964 4697 macoma
990 4620 1078 4679 aetas
1103 4635 1168 4679 roa
1190 4620 1234 4681 est
1254 4615 1378 4699 proris)
1401 4636 1481 4697 quae
1502 4615 1556 4681 alle
1578 4637 1600 4680 a

498 4724 572 4789 Iooe
593 4729 679 4789 ortas
700 4725 767 4789 sais
783 4724 941 4805 manipli
963 4721 1043 4804 filiis
1467 4800 1468 4805 ἵ

410 4830 453 4894 10
587 4831 785 4914 oipdarm
807 4837 851 4896 est
873 4850 1008 4912 sempr:
1032 4830 1148 4895 mattae
1170 4830 1308 4895 insidiae
1329 4836 1403 4896 suat
1424 4830 1520 4897 toas.
