3967 5725
478 637 727 691 londoniam
741 641 784 691 'IN
802 638 995 691 CICERONIS
1014 639 1172 690 scalpus
1191 639 1441 694 PHILOSOPHIS.
1511 637 1583 707 332¹,

349 804 367 846 ·'
396 828 399 834 ·
433 817 468 863 11.
501 799 551 863 De
573 797 764 866 Officiorum
790 801 896 885 libris,
923 801 1041 885 quibus
1068 801 1150 866 nulli
1176 821 1278 885 paene
1306 799 1446 866 Tulliani
1474 802 1581 888 magis.

343 906 505 972 uncinatis
533 908 619 972 notis
645 909 831 973 criticorum
855 907 1012 974 beneficio
1036 909 1141 972 ornati
1163 911 1197 972 et
1220 907 1365 974 distincti
1388 912 1485 994 sunt,
1504 919 1577 978 cunr

343 1013 447 1078 multa
477 1017 728 1100 praetereamus,
760 1037 842 1099 quae
869 1014 988 1079 iniuria
1014 1015 1049 1079 in
1078 1015 1294 1099 suspicionem
1322 1015 1397 1081 falsi
1424 1020 1518 1102 rapta
1542 1019 1578 1080 et

341 1119 468 1185 auctori
495 1141 554 1185 suo
582 1121 732 1206 adempta
758 1122 853 1187 nobis
881 1121 1044 1206 ridentur,
1073 1121 1153 1186 duos
1179 1121 1268 1188 locos
1292 1144 1358 1187 non
1380 1122 1476 1188 nimis
1498 1145 1578 1207 pon-

342 1227 474 1293 derosos
506 1227 684 1311 disceptare
717 1228 906 1295 conabimur
932 1228 1058 1313 paucis,
1091 1228 1148 1313 qui
1176 1229 1243 1294 sive
1271 1229 1437 1294 emendate
1464 1230 1577 1314 scripti

343 1338 427 1398 sunt⁴
443 1335 510 1399 sive
532 1334 648 1400 mendo
672 1334 829 1421 laborant,
852 1336 914 1401 hoc
937 1335 1001 1400 nisi
1023 1335 1167 1401 fallimur
1191 1339 1278 1401 certo
1299 1337 1503 1421 patefacient,
1525 1359 1579 1404 cx-

341 1441 508 1526 pungendi
531 1441 660 1525 quidem
684 1464 814 1527 operam
832 1443 867 1506 in
886 1443 927 1507 iis
945 1442 1106 1508 inutiliter
1124 1446 1156 1508 et
1174 1464 1272 1527 prave
1291 1464 1359 1508 esse
1379 1443 1577 1511 collocatam.

348 1545 351 1548 ’
431 1547 531 1612 Libro
550 1549 661 1632 11120,
681 1549 721 1614 81
745 1549 825 1615 haec
849 1551 934 1614 edita
957 1554 1033 1614 sunt
1056 1571 1076 1613 a
1096 1548 1254 1615 Muellero

351 1697 357 1703 -
481 1657 566 1737 Quid
586 1657 707 1740 ipitscr?
730 1677 936 1739 possumusne
962 1663 1019 1722 aut
1045 1643 1137 1722 illum
1161 1655 1316 1724 Marium.
1337 1660 1441 1724 vuum
1464 1658 1578 1724 bonam

475 1764 618 1828 iudicare
639 1769 696 1828 out
716 1764 820 1829 tuac?
842 1764 964 1846 explica
986 1770 1077 1846 otqrae
1099 1770 1202 1829 cecata
1224 1765 1462 1847 iutellipeatiam
1480 1771 1577 1846 mum,
1592 1791 1619 1836 ro

349 1910 351 1915 ·
476 1868 1578 1956 strideaspuuceitiaeo[specics]formcetnotiorririboai;

341 1975 427 2041 idem
455 1976 489 2040 in
516 1977 717 2061 praefatione
745 1979 891 2062 adnotat,
918 2001 978 2064 pro
1006 1980 1120 2060 medas
1143 1976 1230 2062 quod
1253 1978 1322 2062 ipsc
1345 1977 1474 2044 induxit
1496 1980 1578 2045 alios

344 2083 439 2153 malle
459 2085 566 2165 formu
588 2084 763 2150 insiticium
786 2085 917 2170 habere3
939 2084 1049 2169 itaque
1073 2084 1210 2149 vinculis
1234 2083 1277 2150 ab¹
1298 2085 1400 2151 altera
1418 2106 1496 2156 voce
1515 2089 1580 2153 tra<

342 2191 417 2256 latis
440 2192 481 2254 ad
503 2192 635 2256 alteram
659 2192 693 2256 in
711 2192 834 2258 Baiteri
856 2192 1032 2278 exemplari
1054 2192 1175 2286 legitur
1197 2193 1233 2256 ia
1251 2211 1288 2258 co
1305 2193 1419 2272 medes
1436 2191 1580 2278 [formu]

342 2304 372 2362 ct
395 2300 487 2364 notia.
524 2298 617 2376 Quod
645 2301 701 2384 qui
728 2299 965 2384 praeferebant,
992 2303 1143 2384 poterant
1171 2300 1317 2383 exemplo
1345 2299 1395 2363 uti
1423 2300 1510 2383 quod
1538 2301 1578 2366 de

342 2405 463 2471 finibus
486 2425 509 2469 v
529 2406 581 2491 24,
600 2407 642 2472 69
666 2407 701 2471 in
723 2407 818 2472 bonis
841 2407 1170 2489 codicibusspccierra
1193 2407 1228 2469 in
1251 2406 1446 2472 deteriorum
1459 2408 1578 2474 multis

305 2513 479 2593 8f0rmum
497 2516 663 2578 exaratum
682 2518 739 2578 est.
772 2512 960 2579 Omittimus
980 2535 1131 2598 quaerere
1151 2514 1207 2598 qui
1225 2514 1289 2580 hoc
1307 2517 1364 2580 aut
1380 2513 1463 2581 illud
1479 2515 1581 2599 primi·

341 2620 538 2704 protulerint
556 2625 612 2685 aut
630 2626 706 2704 post
724 2623 805 2688 alios
823 2621 1006 2707 probarint:
1024 2621 1105 2686 illud
1125 2621 1270 2705 dicimus,
1287 2621 1350 2687 hoc
1368 2622 1474 2706 ipsum
1492 2622 1579 2706 quod

341 2726 370 2790 si
397 2726 650 2794 additamentum
677 2729 800 2793 factum
829 2733 878 2794 est
905 2727 1171 2815 comederimus,
1199 2732 1305 2793 utram
1329 2734 1581 2794 earum'vo'cum

341 2833 434 2900 alteri
462 2834 568 2900 aliena
594 2856 692 2900 manu
719 2837 882 2922 appictam
909 2834 1100 2919 habeamus,
1128 2836 1309 2921 argumenti
1337 2836 1415 2901 satis
1440 2837 1580 2921 esse.,·,.,si
1593 2859 1619 2907 ro

341 2947 510 3026 peccatum
534 2942 586 3025 sit,
609 2965 676 3008 non
697 2945 760 3033 isto
784 2944 880 3009 modo
902 2948 1071 3028 peccatum
1091 2964 1167 3008 esse.
1206 2942 1340 3009 Accedit
1358 2943 1446 3026 quod
1466 2942 1576 3011 Oieero

341 3048 422 3113 haec
449 3049 513 3115 duo
541 3050 673 3117 nomina
700 3074 765 3116 non
794 3053 898 3116 solum
914 3056 985 3135 'per
1013 3073 1046 3115 se
1074 3048 1201 3136 singula
1229 3048 1286 3115 sed
1310 3050 1403 3117 ambo
1428 3050 1578 3135 copulatu

340 3176 437 3241 saepe
459 3157 578 3240 posuit,
601 3159 635 3222 in
657 3160 790 3242 propria
812 3159 959 3223 oratione
981 3180 1048 3222 non
1070 3158 1177 3221 minus
1201 3178 1297 3240 quem
1316 3156 1441 3221 balatu.
1478 3156 1578 3222 Velut

341 3263 422 3328 haec
444 3285 527 3347 quae
549 3265 662 3330 scribit
685 3264 724 3328 de
742 3265 814 3351 lege
833 3267 959 3351 agraria
976 3282 1003 3327 11
1023 3264 1074 3346 13,
1092 3263 1135 3327 32
1152 3265 1313 3346 formum
1332 3262 1578 3343 adhaerebam,

346 3370 496 3454 Quiritce,
524 3378 557 3436 ct
577 3374 735 3454 speciem
759 3373 862 3454 basum
885 3377 1092 3455 waramum
1116 3375 1173 3434 aut
1195 3392 1254 3454 pro
1279 3369 1388 3435 (laelio
1408 3369 1442 3453 3,
1462 3372 1482 3433 6
1504 3375 1579 3437 suut

340 3480 405 3543 isto
431 3478 599 3543 maledica
619 3479 866 3561 principatum
887 3499 994 3544 omues
1015 3498 1146 3560 qaorum
1168 3479 1205 3541 ta
1227 3476 1433 3542 odolescentia
1454 3478 1578 3558 formu

340 3590 371 3650 et
395 3587 540 3666 specics
569 3586 635 3667 fuit
660 3586 813 3668 tsbcrutis,
846 3589 879 3650 ct
906 3586 941 3649 in
967 3585 1096 3649 Tuscul.
1120 3584 1200 3668 disp.
1225 3602 1248 3645 v
1271 3582 1329 3667 39,
1354 3583 1418 3657 114
1445 3585 1579 3650 Homeri

335 3694 506 3773 paucarum,
528 3713 592 3757 aon
603 3694 716 3774 poesia
734 3694 888 3770 videmus;
912 3713 991 3773 qaue
1008 3694 1100 3776 repre,
1121 3712 1200 3773 quac
1217 3711 1282 3769 oro,
1302 3692 1357 3772 qui
1374 3690 1457 3756 loom
1478 3690 1582 3756 Grae,

340 3800 417 3878 uae,
435 3820 515 3881 pauc
531 3802 671 3882 speeies
686 3801 883 3882 formaque
895 3806 1031 3882 mace,
1050 3819 1129 3880 qaue
1147 3799 1228 3863 uetes
1300 3818 1364 3863 aea
1383 3798 1429 3861 ito
1447 3799 1576 3879 expieta

341 3906 421 3971 haec
449 3906 613 3991 inquimus
641 3928 748 3971 nonne
774 3906 934 3971 debebant
960 3925 1110 3970 revocare
1134 3904 1173 3969 ab
1198 3926 1235 3968 ea
1258 3904 1410 3990 opinione
1434 3926 1507 3987 qua.
1519 3927 1577 3988 pu·
1591 3927 1619 3968 eo

341 4011 455 4077 tabant
478 4012 614 4077 alterum
638 4034 677 4077 ex
699 4013 826 4078 duobus
849 4036 947 4098 prave
970 4013 1150 4092 accessisse,
1174 4033 1247 4076 cnm
1271 4010 1460 4097 praesertim
1483 4020 1577 4076 nemo

342 4120 465 4185 nesciat
493 4117 680 4186 Ciceronem
713 4120 875 4186 cumulare
908 4120 1026 4185 similia
1056 4119 1158 4185 solere
1184 4119 1419 4203 potiusquam
1447 4139 1577 4201 parcere

341 4227 537 4310 nominibus,
561 4228 617 4311 qui
640 4226 692 4291 vel
709 4227 788 4291 talia
806 4228 926 4310 scribit,
949 4231 987 4292 ut
1005 4248 1108 4311 pauca
1126 4247 1208 4310 quae
1226 4224 1291 4290 illis
1310 4224 1494 4309 propinqua
1512 4226 1578 4289 sint

341 4337 375 4397 et
393 4334 532 4398 finitima
550 4334 730 4417 afferamus,
748 4356 808 4418 pro
822 4332 1039 4399 RoscsAmer.
1054 4333 1107 4417 22,
1122 4333 1165 4398 63
1184 4338 1357 4399 monstrem
1372 4332 1578 4397 marimum

343 4462 557 4469 —72—-—

340 4529 449 4599 dispare
472 4528 632 4582 adnotavit:
652 4528 733 4597 ‘opace
750 4528 795 4582 vel
814 4526 924 4597 aliquid
941 4525 999 4581 tale
1018 4542 1052 4580 ex
1071 4526 1219 4581 enuntiato
1237 4524 1356 4579 relativo
1375 4524 1577 4599 supplendum

343 4616 437 4672 solent
454 4620 550 4671 tamen
569 4616 706 4670 librorum
723 4615 802 4670 tituli
821 4600 896 4669 nudo
915 4615 1046 4684 genetivo
1064 4601 1106 4669 ita
1120 4615 1188 4684 poni
1202 4617 1235 4668 ut
1249 4614 1403 4669 subaudias
1418 4616 1519 4670 latram
1532 4615 1578 4668 vel

342 4706 439 4771 libros,
463 4706 499 4760 cf.
516 4705 589 4759 Plin.
608 4705 674 4759 hist.
690 4708 748 4760 nat.
767 4705 857 4773 praef.
872 4705 926 4758 24!
947 4736 981 4745 -
1001 4704 1137 4773 Exempla
1156 4702 1257 4769 Servii,
1282 4704 1433 4771 Prisciani,
1457 4704 1577 4759 aliorum

340 4795 600 4863 grammaticorum,
619 4794 722 4862 quibus
742 4810 835 4864 saepex
844 4793 923 4848 tituli
936 4793 1073 4848 librorum
1086 4792 1225 4847 laudandi
1239 4796 1312 4860 sunt,
1328 4809 1400 4862 quae
1414 4793 1482 4848 olim
1496 4809 1578 4861 prae-

342 4883 453 4936 termisi
470 4899 506 4937 ne
525 4901 599 4937 nunc
619 4883 734 4951 quidem
753 4882 852 4938 afferre
871 4883 946 4936 tanti
965 4899 1025 4937 esso
1044 4882 1224 4953 existimavi]

396 4982 523 5023 Vahlenl
536 4983 648 5031 opuscula
661 4984 692 5023 IL
1329 4977 1362 5023 22
