3967 5725
402 625 468 691 302
567 629 691 679 XLVIII.
711 628 826 679 INDEX
844 627 1058 680 LECTIONUM
1076 628 1317 712 fflBnRNAIeUM
1338 627 1469 692 rsussss.

402 789 494 854 chius
526 811 612 855 nunc
644 789 773 873 quidem
805 811 871 855 non
903 789 1036 855 eandem
1069 788 1159 854 verbi
1191 789 1330 854 formam
1363 811 1445 873 quae
1473 794 1523 854 est
1551 790 1638 876 apud

402 895 653 980 Aristophanem
675 895 794 980 posuit,
815 894 850 959 id
873 895 960 979 quod
982 895 1038 960 ille
1056 917 1210 980 persaepe
1228 895 1308 960 facit
1326 899 1358 960 et
1377 895 1534 982 originem
1553 896 1639 984 glos·

347 1027 350 1034 ·
402 1025 509 1068 sarum
532 1002 655 1088 prodit,
682 1002 738 1067 sed
761 1002 894 1068 verbum
917 1002 1023 1088 ipsum
1048 1002 1100 1066 vel
1123 999 1166 1089 (si
1188 999 1311 1088 tamen)
1335 1024 1454 1068 nomen
1477 1003 1516 1068 de
1539 1004 1638 1069 verbo
1718 1035 1721 1042 ·

402 1108 580 1174 derivatum
609 1129 682 1174 cum
710 1109 925 1195 explicatione
952 1109 1132 1194 adscripsit.
1175 1109 1333 1194 Quocirca
1360 1108 1440 1176 haec
1467 1109 1569 1176 redire
1597 1111 1638 1176 ad

401 1215 652 1301 Aristophanem
680 1238 746 1281 non
773 1220 840 1281 tam
868 1216 1005 1282 fidenter
1032 1217 1192 1282 affirmare
1219 1216 1308 1301 licet,
1340 1238 1436 1302 quam
1464 1217 1498 1282 in
1525 1217 1637 1284 multis

402 1322 649 1408 Aristophaneis
673 1345 755 1408 quae
778 1323 963 1407 Hesychius
985 1327 1137 1389 recenset.
1175 1322 1239 1390 Sed
1261 1346 1321 1390 nos
1344 1323 1456 1389 damus
1479 1323 1551 1410 hoc,
1574 1323 1638 1390 He

402 1431 505 1514 sychii
538 1431 680 1517 glossam
708 1452 803 1515 posse
830 1434 993 1515 sumptam
1023 1452 1091 1496 esse
1119 1453 1159 1495 ex
1185 1429 1413 1516 Aristophane.
1455 1431 1541 1508 Quid
1568 1436 1636 1498 tum

401 1523 536 1622 postea?
573 1535 714 1602 Oohetus
737 1542 836 1624 negat
858 1537 929 1603 fieri
951 1559 1062 1622 posse,
1089 1542 1126 1602 ut
1148 1537 1212 1602 duo
1236 1537 1334 1602 verba
1356 1538 1528 1605 coniuncta
1550 1538 1637 1623 apud

401 1645 653 1728 Aristophanem
671 1643 803 1728 fuerint,
822 1666 960 1730 quorum
980 1646 1116 1710 alterum
1136 1645 1229 1709 alteri
1249 1643 1438 1729 explicando
1453 1644 1636 1730 Hesychius

361 1776 388 1817 ιο
402 1750 558 1835 adhibuit,
591 1751 646 1817 sed
677 1752 857 1817 necessario
891 1749 1145 1817 concludendum
1176 1773 1258 1835 esse,
1290 1749 1543 1836 Aristophanem
1571 1773 1636 1816 uno

400 1858 498 1924 verbo
526 1858 723 1943 defunctum,
751 1858 887 1940 alterum
916 1881 956 1925 ex
982 1859 1055 1943 ipso
1083 1857 1247 1942 Hesychio
1275 1859 1417 1943 primum
1445 1858 1635 1943 interpreta-

400 1965 501 2030 menti
518 1966 591 2031 loco
610 1948 901 2050 appositum,dein
919 1986 992 2030 oum
1011 1967 1068 2031 καλ
1084 1964 1243 2050 particula
1261 1969 1353 2030 textu
1371 1970 1536 2049 receptum
1557 1987 1633 2030 esse.

399 2070 454 2137 Sic
486 2071 541 2138 ille
568 2076 601 2137 et
629 2072 779 2138 similiter
806 2072 901 2138 multi
930 2072 969 2137 de
998 2071 1153 2156 Hesychii
1180 2095 1241 2137 usu
1269 2071 1460 2138 iudicarunt.
1501 2072 1547 2138 At
1574 2095 1634 2138 nos

400 2201 464 2264 quo
489 2180 616 2266 saepius
640 2184 673 2244 et
695 2180 853 2245 intentius
870 2178 1028 2265 Hesychii
1051 2179 1179 2245 lexicon
1202 2201 1375 2263 versamus,
1397 2201 1436 2244 eo
1456 2182 1559 2266 magis
1579 2179 1635 2244 du·

399 2286 504 2351 bitare
531 2286 709 2370 coepimus,
738 2308 834 2371 quam
862 2287 947 2351 iusta
973 2288 1016 2351 sit
1039 2285 1119 2354 haec
1142 2285 1321 2370 conclusio,
1348 2288 1400 2352 oui
1424 2289 1510 2352 certe
1533 2287 1635 2352 multa

399 2392 547 2459 ridemus
570 2392 739 2458 adversari.
775 2392 852 2459 Non
874 2399 1022 2459 nostrum
1046 2399 1105 2479 est,
1127 2392 1183 2459 fila
1206 2395 1334 2478 penitus
1359 2393 1542 2477 dissolvere,
1565 2394 1634 2479 qui·

398 2500 460 2564 bus
489 2499 552 2566 hoc
580 2522 661 2585 opus
690 2504 875 2565 contextum
904 2501 960 2584 sit3
987 2500 1021 2564 id
1049 2501 1136 2586 quod
1159 2523 1233 2585 spes
1256 2504 1305 2565 est
1327 2499 1513 2585 propediem
1538 2525 1557 2565 a
1579 2500 1635 2565 do·

399 2606 554 2672 ctiorihus
583 2607 767 2672 institutum
796 2607 845 2671 iri.
882 2605 946 2671 Sed
973 2607 1068 2673 nobis
1095 2608 1174 2673 satis
1203 2608 1246 2672 sit
1273 2608 1383 2691 paucis
1409 2608 1565 2691 exemplis
1588 2629 1634 2672 se-
1649 2613 1687 2670 12

397 2713 491 2779 lectis
519 2713 709 2796 declarasse,
737 2734 803 2778 non
830 2735 883 2778 eas
910 2736 979 2779 esse
1005 2715 1101 2780 huius
1124 2713 1347 2801 lexicographi
1370 2714 1511 2780 rationes
1535 2718 1571 2778 ut
1595 2736 1634 2779 ex

358 2848 385 2889 ιο
398 2821 467 2887 eius
490 2819 617 2908 glossis,
640 2821 675 2886 in
697 2821 759 2887 hac
779 2842 813 2886 re
832 2842 928 2906 quam
947 2823 1082 2909 agimus,
1107 2821 1185 2907 quid
1204 2819 1359 2907 scriptum
1377 2821 1476 2888 fuerit
1494 2825 1550 2887 aut
1568 2843 1633 2888 non

398 2928 555 3014 scriptum
587 2928 621 2995 in
652 2930 878 3015 scriptoribus,
911 2952 1048 3016 quorum
1076 2929 1175 2993 verba
1202 2930 1314 3013 refert,
1346 2951 1419 2994 cum
1447 2929 1510 2994 fide
1537 2929 1634 2995 liceat

398 3035 559 3122 colligere.

558 3142 742 3227 Hesychius
789 3142 963 3228 στέργει·
987 3147 1093 3227 φιλεῖ,
1118 3142 1228 3230 άγαττᾷ

558 3249 792 3335 Aristophanes
811 3249 920 3335 Equit
942 3249 1007 3315 769
1054 3251 1083 3315 si
1104 3253 1150 3335 μή
1174 3266 1210 3314 σε
1234 3254 1321 3333 φιλῶ
1344 3248 1399 3315 καὶ
1422 3250 1466 3334 μὴ
1491 3248 1616 3335 στέργω

557 3356 741 3441 Hesychius
786 3368 928 3423 κυκῶν·
951 3358 1137 3443 ταράσσων,
1156 3356 1316 3436 druidum
1341 3356 1379 3422 cf.
1400 3358 1632 3422 διακυκῶσι·

612 3464 891 3550 διαταράττουσιν

558 3570 793 3658 Aristophanes
815 3570 925 3656 Equis.
945 3570 1011 3636 692
1035 3569 1174 3637 Acharn.
1194 3569 1260 3634 688
1306 3570 1360 3634 καλ
1383 3568 1554 3656 ταράττων
1576 3567 1633 3635 καὶ

610 3690 724 3745 κυκῶν

557 3784 743 3871 Hesychius
787 3787 968 3869 κόβαλος·
991 3794 1195 3869 πανοῦργος,
1218 3792 1452 3867 κακοῦργος..

558 3891 793 3977 Aristophanes
815 3891 927 3976 Hquit.
944 3891 1013 3956 450
1057 3893 1199 3975 κόβαλος
1226 3883 1264 3957 εἶ.
1286 3891 1296 3976 ΙΙ
1317 3898 1508 3975 πανοῦργος
1533 3882 1565 3955 εἶ
1591 3890 1631 3955 cf.

610 3998 690 4064 Bau.
712 3998 798 4064 1015
819 3995 903 4083 μηδὲ
926 3998 1139 4083 κοβάλους..
1159 3995 1242 4083 μηδὲ
1265 3998 1479 4084 πανούργους

556 4106 739 4191 Hesychius
784 4108 936 4182 τολιός·
960 4104 1069 4189 γέρων

556 4212 791 4300 Aristophanes
809 4210 907 4297 Vesp.
930 4212 1016 4277 1192
1062 4214 1125 4298 ἤδη
1154 4211 1263 4298 γέρων
1290 4213 1338 4277 ὢν
1365 4210 1420 4277 καὶ
1448 4213 1564 4289 πολιός
1590 4210 1629 4277 cl.

611 4320 746 4405 Lysistr.
765 4318 831 4385 595
854 4318 919 4385 κάν
941 4311 963 4407 γ’
985 4322 1102 4396 πολιός

557 4426 740 4513 Hesychius
786 4429 952 4513 σαπρόν·
976 4430 1130 4510 παλαιόν,
1153 4428 1302 4512 αἰσχρόν,
1325 4425 1518 4509 ἀκάθαρτον

557 4532 791 4619 Aristophanes
809 4532 894 4599 Plut.
916 4533 1002 4599 1086
1048 4531 1128 4619 τρὺξ
1151 4534 1275 4598 παλαιὰ
1298 4530 1351 4598 καὶ
1372 4530 1482 4615 σατρά

556 4640 739 4725 Hesychius
785 4648 948 4728 σφριγᾷ·
973 4693 979 4704 .
1000 4690 1033 4705 ..
1058 4640 1242 4725 εὐσωματεῖ

556 4746 791 4832 Aristophanes
809 4746 895 4813 Nub.
917 4746 980 4811 799
1027 4746 1209 4831 εὐσωματεῖ
1231 4748 1294 4830 γάρ
1318 4744 1372 4811 καὶ
1396 4752 1523 4831 σφριγᾷ

555 4852 737 4937 Hesychius
783 4856 932 4931 σκαιός·
956 4838 1125 4930 δύσκολος
1139 4902 1169 4918 ..
1188 4852 1396 4937 ἀπαίδευτος,
1419 4850 1551 4937 ἀμαθής
