<?xml version="1.0" encoding="UTF-8"?>
<!DOCTYPE html PUBLIC "-//W3C//DTD XHTML 1.0 Transitional//EN"
    "http://www.w3.org/TR/xhtml1/DTD/xhtml1-transitional.dtd">
<html xmlns="http://www.w3.org/1999/xhtml" xml:lang="en" lang="en">
 <head>
  <title>
</title>
<meta http-equiv="Content-Type" content="text/html;charset=utf-8" />
  <meta name='ocr-system' content='tesseract 3.04.00' />
  <meta name='ocr-capabilities' content='ocr_page ocr_carea ocr_par ocr_line ocrx_word'/>
</head>
<body>
  <div class='ocr_page' id='page_1' title='image "./iohannisvahleni00vahlgoog/iohannisvahleni00vahlgoog_0495.png"; bbox 0 0 3967 5725; ppageno 0'>
   <div class='ocr_carea' id='block_1_1' title="bbox 668 583 1618 648">
    <p class='ocr_par' dir='ltr' id='par_1_1' title="bbox 668 583 1618 648">
     <span class='ocr_line' id='line_1_1' title="bbox 668 583 1618 648; baseline 0.015 -13"><span class='ocrx_word' id='word_1_1' title='bbox 668 584 862 636; x_wconf 79' lang='lat' dir='ltr'><strong>ruoonara</strong></span> <span class='ocrx_word' id='word_1_2' title='bbox 880 585 1069 635; x_wconf 76' lang='lat' dir='ltr'><strong>macram</strong></span> <span class='ocrx_word' id='word_1_3' title='bbox 1089 585 1335 638; x_wconf 77' lang='lat' dir='ltr'><strong>soruocnmu.</strong></span> <span class='ocrx_word' id='word_1_4' title='bbox 1552 583 1618 648; x_wconf 82' lang='lat'><strong>503</strong></span> 
     </span>
    </p>
   </div>
   <div class='ocr_carea' id='block_1_2' title="bbox 382 743 1660 4893">
    <p class='ocr_par' dir='ltr' id='par_1_2' title="bbox 382 743 1658 2222">
     <span class='ocr_line' id='line_1_2' title="bbox 386 743 1618 832; baseline 0.001 -22"><span class='ocrx_word' id='word_1_5' title='bbox 386 747 503 830; x_wconf 88' lang='grc' dir='ltr'><em>φόνων</em></span> <span class='ocrx_word' id='word_1_6' title='bbox 525 743 589 828; x_wconf 81' lang='grc' dir='ltr'><strong>ἐγώ</strong></span> <span class='ocrx_word' id='word_1_7' title='bbox 612 749 699 811; x_wconf 83' lang='grc' dir='ltr'><em>ποτε</em></span> <span class='ocrx_word' id='word_1_8' title='bbox 713 746 798 830; x_wconf 87' lang='grc' dir='ltr'><em>πρὸς</em></span> <span class='ocrx_word' id='word_1_9' title='bbox 821 755 881 828; x_wconf 79' lang='grc' dir='ltr'><strong>σῆς</strong></span> <span class='ocrx_word' id='word_1_10' title='bbox 904 744 1048 830; x_wconf 80' lang='grc' dir='ltr'>ὁμαίμου</span> <span class='ocrx_word' id='word_1_11' title='bbox 1072 744 1127 811; x_wconf 80' lang='grc' dir='ltr'><strong>καὶ</strong></span> <span class='ocrx_word' id='word_1_12' title='bbox 1148 749 1347 830; x_wconf 79' lang='grc' dir='ltr'><em>κασιγνήτης</em></span> <span class='ocrx_word' id='word_1_13' title='bbox 1366 747 1478 832; x_wconf 81' lang='grc' dir='ltr'><em>λαβὼν</em></span> <span class='ocrx_word' id='word_1_14' title='bbox 1496 749 1618 831; x_wconf 72' lang='grc' dir='ltr'><em>ἤνεγκα</em></span> 
     </span>
     <span class='ocr_line' id='line_1_3' title="bbox 384 850 1619 937; baseline 0.002 -21"><span class='ocrx_word' id='word_1_15' title='bbox 384 850 555 929; x_wconf 79' lang='grc' dir='ltr'><em>κάξέσωσα</em></span> <span class='ocrx_word' id='word_1_16' title='bbox 577 851 832 937; x_wconf 70' lang='grc' dir='ltr'><em>κάξεθρεψάμην</em></span> <span class='ocrx_word' id='word_1_17' title='bbox 849 851 987 918; x_wconf 78' lang='grc' dir='ltr'><em>τοσόνδ’</em></span> <span class='ocrx_word' id='word_1_18' title='bbox 1006 852 1039 929; x_wconf 79' lang='grc' dir='ltr'><em>ές</em></span> <span class='ocrx_word' id='word_1_19' title='bbox 1057 853 1149 936; x_wconf 72' lang='grc' dir='ltr'><em>ἥβης,</em></span> <span class='ocrx_word' id='word_1_20' title='bbox 1173 853 1290 936; x_wconf 89' lang='lat' dir='ltr'><strong>quibus</strong></span> <span class='ocrx_word' id='word_1_21' title='bbox 1309 853 1406 918; x_wconf 89' lang='lat' dir='ltr'><strong>addas</strong></span> <span class='ocrx_word' id='word_1_22' title='bbox 1424 853 1501 918; x_wconf 88' lang='lat' dir='ltr'><strong>licet</strong></span> <span class='ocrx_word' id='word_1_23' title='bbox 1520 853 1619 918; x_wconf 89' lang='lat' dir='ltr'><strong>etiam</strong></span> 
     </span>
     <span class='ocr_line' id='line_1_4' title="bbox 385 957 1619 1044; baseline 0.001 -21"><span class='ocrx_word' id='word_1_24' title='bbox 385 960 503 1044; x_wconf 90' lang='lat' dir='ltr'><strong>quibus</strong></span> <span class='ocrx_word' id='word_1_25' title='bbox 532 957 787 1044; x_wconf 72' lang='lat' dir='ltr'><strong>Clytaemnestra</strong></span> <span class='ocrx_word' id='word_1_26' title='bbox 813 959 977 1024; x_wconf 79' lang='lat' dir='ltr'><strong>Electram</strong></span> <span class='ocrx_word' id='word_1_27' title='bbox 1010 960 1212 1024; x_wconf 76' lang='lat' dir='ltr'><strong>insimulasse</strong></span> <span class='ocrx_word' id='word_1_28' title='bbox 1243 959 1362 1025; x_wconf 90' lang='lat' dir='ltr'><strong>dicitur</strong></span> <span class='ocrx_word' id='word_1_29' title='bbox 1389 960 1453 1024; x_wconf 79' lang='lat'><strong>297</strong></span> <span class='ocrx_word' id='word_1_30' title='bbox 1482 960 1555 1042; x_wconf 78' lang='grc' dir='ltr'><em>ἥτις</em></span> <span class='ocrx_word' id='word_1_31' title='bbox 1582 957 1619 1024; x_wconf 80' lang='grc' dir='ltr'><strong>ἐκ</strong></span> 
     </span>
     <span class='ocr_line' id='line_1_5' title="bbox 384 1064 1617 1152; baseline 0 -21"><span class='ocrx_word' id='word_1_32' title='bbox 384 1077 492 1150; x_wconf 84' lang='grc' dir='ltr'><em>χερῶν</em></span> <span class='ocrx_word' id='word_1_33' title='bbox 522 1065 666 1144; x_wconf 71' lang='grc' dir='ltr'><em>κλέψασ’</em></span> <span class='ocrx_word' id='word_1_34' title='bbox 693 1065 848 1151; x_wconf 80' lang='grc' dir='ltr'><em>Ὀρέστην</em></span> <span class='ocrx_word' id='word_1_35' title='bbox 880 1077 948 1131; x_wconf 83' lang='grc' dir='ltr'><strong>τῶν</strong></span> <span class='ocrx_word' id='word_1_36' title='bbox 980 1065 1069 1151; x_wconf 80' lang='grc' dir='ltr'><em>ἐμῶν</em></span> <span class='ocrx_word' id='word_1_37' title='bbox 1095 1064 1303 1144; x_wconf 77' lang='grc' dir='ltr'><strong><em>ὑπεξέθου.</em></strong></span> <span class='ocrx_word' id='word_1_38' title='bbox 1348 1065 1482 1152; x_wconf 89' lang='lat' dir='ltr'><strong>Prologi</strong></span> <span class='ocrx_word' id='word_1_39' title='bbox 1510 1070 1617 1131; x_wconf 91' lang='lat' dir='ltr'><strong>autom</strong></span> 
     </span>
     <span class='ocr_line' id='line_1_6' title="bbox 384 1173 1618 1259; baseline 0 -22"><span class='ocrx_word' id='word_1_40' title='bbox 384 1176 611 1259; x_wconf 76' lang='lat' dir='ltr'><strong>argumentum</strong></span> <span class='ocrx_word' id='word_1_41' title='bbox 637 1173 729 1237; x_wconf 90' lang='lat' dir='ltr'><strong>reddi</strong></span> <span class='ocrx_word' id='word_1_42' title='bbox 756 1177 789 1237; x_wconf 92' lang='lat' dir='ltr'><strong>et</strong></span> <span class='ocrx_word' id='word_1_43' title='bbox 816 1175 1073 1258; x_wconf 79' lang='grc' dir='ltr'><em>προλογίζοντος</em></span> <span class='ocrx_word' id='word_1_44' title='bbox 1100 1195 1151 1237; x_wconf 88' lang='lat' dir='ltr'><strong>res</strong></span> <span class='ocrx_word' id='word_1_45' title='bbox 1181 1177 1212 1237; x_wconf 92' lang='lat' dir='ltr'><strong>et</strong></span> <span class='ocrx_word' id='word_1_46' title='bbox 1234 1179 1404 1258; x_wconf 86' lang='lat' dir='ltr'><strong>personam</strong></span> <span class='ocrx_word' id='word_1_47' title='bbox 1429 1173 1568 1240; x_wconf 87' lang='lat' dir='ltr'><strong>describi</strong></span> <span class='ocrx_word' id='word_1_48' title='bbox 1591 1174 1618 1238; x_wconf 89' lang='lat' dir='ltr'><strong>si</strong></span> 
     </span>
     <span class='ocr_line' id='line_1_7' title="bbox 384 1280 1619 1365; baseline 0 -21"><span class='ocrx_word' id='word_1_49' title='bbox 384 1283 470 1346; x_wconf 87' lang='lat' dir='ltr'><strong>recte</strong></span> <span class='ocrx_word' id='word_1_50' title='bbox 502 1281 687 1363; x_wconf 77' lang='lat' dir='ltr'><strong>statuimus,</strong></span> <span class='ocrx_word' id='word_1_51' title='bbox 721 1284 970 1345; x_wconf 87' lang='lat' dir='ltr'><strong>consentaneum</strong></span> <span class='ocrx_word' id='word_1_52' title='bbox 1003 1284 1051 1344; x_wconf 87' lang='lat' dir='ltr'><strong>est</strong></span> <span class='ocrx_word' id='word_1_53' title='bbox 1080 1280 1157 1345; x_wconf 90' lang='lat' dir='ltr'><strong>huio</strong></span> <span class='ocrx_word' id='word_1_54' title='bbox 1184 1281 1270 1364; x_wconf 89' lang='lat' dir='ltr'><strong>parti</strong></span> <span class='ocrx_word' id='word_1_55' title='bbox 1297 1280 1505 1364; x_wconf 81' lang='grc' dir='ltr'><em>ὑποθέσεως,</em></span> <span class='ocrx_word' id='word_1_56' title='bbox 1537 1302 1619 1365; x_wconf 88' lang='lat' dir='ltr'><strong>quae</strong></span> 
     </span>
     <span class='ocr_line' id='line_1_8' title="bbox 384 1385 1618 1473; baseline 0 -21"><span class='ocrx_word' id='word_1_57' title='bbox 384 1388 481 1452; x_wconf 90' lang='lat' dir='ltr'><strong>hodie</strong></span> <span class='ocrx_word' id='word_1_58' title='bbox 494 1391 630 1452; x_wconf 71' lang='lat' dir='ltr'><strong>‘servata</strong></span> <span class='ocrx_word' id='word_1_59' title='bbox 653 1391 711 1466; x_wconf 89' lang='lat' dir='ltr'><strong>est,</strong></span> <span class='ocrx_word' id='word_1_60' title='bbox 735 1386 812 1452; x_wconf 94' lang='lat' dir='ltr'><strong>olim</strong></span> <span class='ocrx_word' id='word_1_61' title='bbox 835 1388 1048 1472; x_wconf 83' lang='lat' dir='ltr'><strong>praemissum</strong></span> <span class='ocrx_word' id='word_1_62' title='bbox 1072 1387 1172 1452; x_wconf 88' lang='lat' dir='ltr'><strong>fuisse</strong></span> <span class='ocrx_word' id='word_1_63' title='bbox 1196 1388 1234 1451; x_wconf 92' lang='lat' dir='ltr'><strong>de</strong></span> <span class='ocrx_word' id='word_1_64' title='bbox 1257 1409 1347 1452; x_wconf 90' lang='lat' dir='ltr'><strong>more</strong></span> <span class='ocrx_word' id='word_1_65' title='bbox 1369 1389 1556 1473; x_wconf 77' lang='grc' dir='ltr'><em>προλογίζει</em></span> <span class='ocrx_word' id='word_1_66' title='bbox 1581 1385 1618 1452; x_wconf 73' lang='grc' dir='ltr'><strong>δὲ</strong></span> 
     </span>
     <span class='ocr_line' id='line_1_9' title="bbox 384 1493 1619 1580; baseline -0.002 -20"><span class='ocrx_word' id='word_1_67' title='bbox 384 1494 402 1560; x_wconf 85' lang='grc' dir='ltr'>ὁ</span> <span class='ocrx_word' id='word_1_68' title='bbox 426 1496 580 1580; x_wconf 80' lang='grc' dir='ltr'><em>τροφεύς,</em></span> <span class='ocrx_word' id='word_1_69' title='bbox 608 1516 691 1578; x_wconf 89' lang='lat' dir='ltr'><strong>quae</strong></span> <span class='ocrx_word' id='word_1_70' title='bbox 718 1493 823 1578; x_wconf 80' lang='lat' dir='ltr'><strong>excipi</strong></span> <span class='ocrx_word' id='word_1_71' title='bbox 850 1497 1001 1580; x_wconf 89' lang='lat' dir='ltr'><strong>poterant</strong></span> <span class='ocrx_word' id='word_1_72' title='bbox 1024 1518 1043 1559; x_wconf 94' lang='lat' dir='ltr'><strong>a</strong></span> <span class='ocrx_word' id='word_1_73' title='bbox 1065 1495 1172 1559; x_wconf 80' lang='lat' dir='ltr'><strong>verbis</strong></span> <span class='ocrx_word' id='word_1_74' title='bbox 1202 1517 1283 1578; x_wconf 88' lang='lat' dir='ltr'><strong>quae</strong></span> <span class='ocrx_word' id='word_1_75' title='bbox 1306 1517 1392 1576; x_wconf 89' lang='lat' dir='ltr'><strong>nuno</strong></span> <span class='ocrx_word' id='word_1_76' title='bbox 1415 1495 1520 1579; x_wconf 88' lang='lat' dir='ltr'><strong>prima</strong></span> <span class='ocrx_word' id='word_1_77' title='bbox 1534 1497 1619 1558; x_wconf 81' lang='lat' dir='ltr'><strong>&#39;sunt</strong></span> 
     </span>
     <span class='ocr_line' id='line_1_10' title="bbox 382 1595 1618 1690; baseline 0.002 -26"><span class='ocrx_word' id='word_1_78' title='bbox 382 1601 555 1667; x_wconf 67' lang='lat' dir='ltr'><strong>ilerdaenum</strong></span> <span class='ocrx_word' id='word_1_79' title='bbox 587 1595 662 1685; x_wconf 82' lang='grc' dir='ltr'><em>ὧδε,</em></span> <span class='ocrx_word' id='word_1_80' title='bbox 694 1604 839 1686; x_wconf 81' lang='grc' dir='ltr'><em>τροφεὺς</em></span> <span class='ocrx_word' id='word_1_81' title='bbox 868 1602 1002 1678; x_wconf 82' lang='grc' dir='ltr'><em>δεικνὺς</em></span> <span class='ocrx_word' id='word_1_82' title='bbox 1034 1609 1078 1690; x_wconf 79' lang='grc' dir='ltr'><strong>τῷ</strong></span> <span class='ocrx_word' id='word_1_83' title='bbox 1104 1599 1234 1687; x_wconf 88' lang='grc' dir='ltr'><em>Ὀρέστη</em></span> <span class='ocrx_word' id='word_1_84' title='bbox 1263 1603 1303 1667; x_wconf 85' lang='grc' dir='ltr'><strong>τά</strong></span> <span class='ocrx_word' id='word_1_85' title='bbox 1332 1601 1368 1666; x_wconf 84' lang='grc' dir='ltr'><em>έν</em></span> <span class='ocrx_word' id='word_1_86' title='bbox 1387 1600 1503 1685; x_wconf 78' lang='grc' dir='ltr'><em>Ἄργει.</em></span> <span class='ocrx_word' id='word_1_87' title='bbox 1545 1600 1618 1667; x_wconf 89' lang='grc' dir='ltr'><strong>Ηοο</strong></span> 
     </span>
     <span class='ocr_line' id='line_1_11' title="bbox 383 1707 1658 1796; baseline 0.001 -23"><span class='ocrx_word' id='word_1_88' title='bbox 383 1709 470 1773; x_wconf 90' lang='lat' dir='ltr'><strong>euim</strong></span> <span class='ocrx_word' id='word_1_89' title='bbox 502 1709 613 1774; x_wconf 87' lang='lat' dir='ltr'><strong>ordine</strong></span> <span class='ocrx_word' id='word_1_90' title='bbox 645 1709 807 1784; x_wconf 84' lang='grc' dir='ltr'><em>ὑπόθεσις</em></span> <span class='ocrx_word' id='word_1_91' title='bbox 838 1707 1033 1796; x_wconf 81' lang='lat' dir='ltr'><strong>Antigonae,</strong></span> <span class='ocrx_word' id='word_1_92' title='bbox 1063 1709 1118 1775; x_wconf 86' lang='lat' dir='ltr'><strong>oui</strong></span> <span class='ocrx_word' id='word_1_93' title='bbox 1150 1708 1384 1793; x_wconf 86' lang='lat' dir='ltr'><strong>Aristophanis</strong></span> <span class='ocrx_word' id='word_1_94' title='bbox 1413 1707 1616 1795; x_wconf 86' lang='lat' dir='ltr'><strong>grammatici</strong></span> <span class='ocrx_word' id='word_1_95' title='bbox 1631 1733 1658 1774; x_wconf 80' lang='lat' dir='ltr'><strong>ro</strong></span> 
     </span>
     <span class='ocr_line' id='line_1_12' title="bbox 383 1815 1616 1900; baseline 0.001 -22"><span class='ocrx_word' id='word_1_96' title='bbox 383 1836 500 1879; x_wconf 92' lang='lat' dir='ltr'><strong>nomen</strong></span> <span class='ocrx_word' id='word_1_97' title='bbox 527 1815 718 1900; x_wconf 88' lang='lat' dir='ltr'><strong>inscriptum</strong></span> <span class='ocrx_word' id='word_1_98' title='bbox 746 1819 810 1900; x_wconf 87' lang='lat' dir='ltr'><strong>est,</strong></span> <span class='ocrx_word' id='word_1_99' title='bbox 836 1839 888 1881; x_wconf 90' lang='lat' dir='ltr'><strong>res</strong></span> <span class='ocrx_word' id='word_1_100' title='bbox 917 1815 1017 1880; x_wconf 84' lang='lat' dir='ltr'><strong>refert</strong></span> <span class='ocrx_word' id='word_1_101' title='bbox 1040 1838 1111 1881; x_wconf 86' lang='lat' dir='ltr'><strong>cum</strong></span> <span class='ocrx_word' id='word_1_102' title='bbox 1136 1838 1230 1881; x_wconf 89' lang='lat' dir='ltr'><strong>scena</strong></span> <span class='ocrx_word' id='word_1_103' title='bbox 1254 1820 1287 1882; x_wconf 87' lang='lat' dir='ltr'><strong>et</strong></span> <span class='ocrx_word' id='word_1_104' title='bbox 1310 1815 1408 1882; x_wconf 84' lang='lat' dir='ltr'><strong>choro</strong></span> <span class='ocrx_word' id='word_1_105' title='bbox 1432 1816 1616 1881; x_wconf 89' lang='lat' dir='ltr'><strong>memoratis</strong></span> 
     </span>
     <span class='ocr_line' id='line_1_13' title="bbox 383 1919 1617 2007; baseline 0.002 -23"><span class='ocrx_word' id='word_1_106' title='bbox 383 1921 473 1986; x_wconf 89' lang='lat' dir='ltr'><strong>addit</strong></span> <span class='ocrx_word' id='word_1_107' title='bbox 499 1923 687 2005; x_wconf 81' lang='grc' dir='ltr'><em>προλογίζει</em></span> <span class='ocrx_word' id='word_1_108' title='bbox 716 1923 754 1988; x_wconf 82' lang='grc' dir='ltr'><strong>δὲ</strong></span> <span class='ocrx_word' id='word_1_109' title='bbox 780 1924 801 2006; x_wconf 77' lang='grc' dir='ltr'><strong><em>ἡ</em></strong></span> <span class='ocrx_word' id='word_1_110' title='bbox 823 1921 1006 2006; x_wconf 81' lang='grc' dir='ltr'><em>Ἀντιγόνη·</em></span> <span class='ocrx_word' id='word_1_111' title='bbox 1027 1923 1206 1988; x_wconf 73' lang='grc' dir='ltr'><em>ὑπόκειται</em></span> <span class='ocrx_word' id='word_1_112' title='bbox 1234 1919 1271 1988; x_wconf 79' lang='grc' dir='ltr'><strong>δὲ</strong></span> <span class='ocrx_word' id='word_1_113' title='bbox 1298 1925 1339 1988; x_wconf 85' lang='grc' dir='ltr'><strong>τά</strong></span> <span class='ocrx_word' id='word_1_114' title='bbox 1366 1923 1541 2007; x_wconf 81' lang='grc' dir='ltr'><em>πράγματα</em></span> <span class='ocrx_word' id='word_1_115' title='bbox 1564 1919 1617 1986; x_wconf 77' lang='grc' dir='ltr'><strong>ἐπὶ</strong></span> 
     </span>
     <span class='ocr_line' id='line_1_14' title="bbox 383 2026 1618 2115; baseline 0 -23"><span class='ocrx_word' id='word_1_116' title='bbox 383 2038 451 2093; x_wconf 82' lang='grc' dir='ltr'><strong>τῶν</strong></span> <span class='ocrx_word' id='word_1_117' title='bbox 473 2026 641 2114; x_wconf 81' lang='grc' dir='ltr'><em>Κρέοντος</em></span> <span class='ocrx_word' id='word_1_118' title='bbox 663 2032 853 2113; x_wconf 86' lang='grc' dir='ltr'><em>βασιλείων,</em></span> <span class='ocrx_word' id='word_1_119' title='bbox 877 2030 995 2113; x_wconf 92' lang='lat' dir='ltr'><strong>quibus</strong></span> <span class='ocrx_word' id='word_1_120' title='bbox 1019 2030 1125 2096; x_wconf 89' lang='lat' dir='ltr'><strong>verbis</strong></span> <span class='ocrx_word' id='word_1_121' title='bbox 1150 2053 1292 2114; x_wconf 90' lang='lat' dir='ltr'><strong>eaquae</strong></span> <span class='ocrx_word' id='word_1_122' title='bbox 1316 2031 1350 2094; x_wconf 92' lang='lat' dir='ltr'><strong>in</strong></span> <span class='ocrx_word' id='word_1_123' title='bbox 1372 2028 1509 2115; x_wconf 86' lang='lat' dir='ltr'><strong>prologo</strong></span> <span class='ocrx_word' id='word_1_124' title='bbox 1533 2030 1618 2094; x_wconf 90' lang='lat' dir='ltr'><strong>inter</strong></span> 
     </span>
     <span class='ocr_line' id='line_1_15' title="bbox 384 2137 1047 2222; baseline 0.005 -24"><span class='ocrx_word' id='word_1_125' title='bbox 384 2157 511 2201; x_wconf 90' lang='lat' dir='ltr'><strong>sorores</strong></span> <span class='ocrx_word' id='word_1_126' title='bbox 533 2139 675 2222; x_wconf 90' lang='lat' dir='ltr'><strong>aguntur</strong></span> <span class='ocrx_word' id='word_1_127' title='bbox 698 2139 784 2202; x_wconf 88' lang='lat' dir='ltr'><strong>recte</strong></span> <span class='ocrx_word' id='word_1_128' title='bbox 807 2137 940 2202; x_wconf 86' lang='lat' dir='ltr'><strong>definita</strong></span> <span class='ocrx_word' id='word_1_129' title='bbox 963 2141 1047 2201; x_wconf 88' lang='lat' dir='ltr'><strong>sunt.</strong></span> 
     </span>
    </p>

    <p class='ocr_par' dir='ltr' id='par_1_3' title="bbox 382 2239 1618 2737">
     <span class='ocr_line' id='line_1_16' title="bbox 472 2239 1618 2329; baseline 0 -23"><span class='ocrx_word' id='word_1_130' title='bbox 472 2239 540 2307; x_wconf 92' lang='lat' dir='ltr'><strong>Iam</strong></span> <span class='ocrx_word' id='word_1_131' title='bbox 558 2243 586 2307; x_wconf 90' lang='lat' dir='ltr'><strong>si</strong></span> <span class='ocrx_word' id='word_1_132' title='bbox 606 2243 678 2326; x_wconf 88' lang='lat' dir='ltr'><strong>quis</strong></span> <span class='ocrx_word' id='word_1_133' title='bbox 697 2247 838 2328; x_wconf 88' lang='lat' dir='ltr'><strong>quaerat,</strong></span> <span class='ocrx_word' id='word_1_134' title='bbox 858 2266 923 2328; x_wconf 92' lang='lat' dir='ltr'><strong>quo</strong></span> <span class='ocrx_word' id='word_1_135' title='bbox 939 2243 1123 2329; x_wconf 90' lang='lat' dir='ltr'><strong>pertineant</strong></span> <span class='ocrx_word' id='word_1_136' title='bbox 1140 2244 1219 2308; x_wconf 89' lang='lat' dir='ltr'><strong>haec</strong></span> <span class='ocrx_word' id='word_1_137' title='bbox 1239 2264 1319 2327; x_wconf 91' lang='lat' dir='ltr'><strong>quae</strong></span> <span class='ocrx_word' id='word_1_138' title='bbox 1335 2243 1553 2328; x_wconf 85' lang='lat' dir='ltr'><strong>disseruimus,</strong></span> <span class='ocrx_word' id='word_1_139' title='bbox 1571 2265 1618 2306; x_wconf 91' lang='lat' dir='ltr'><strong>re·</strong></span> 
     </span>
     <span class='ocr_line' id='line_1_17' title="bbox 383 2347 1617 2434; baseline 0.002 -22"><span class='ocrx_word' id='word_1_140' title='bbox 383 2347 613 2432; x_wconf 91' lang='lat' dir='ltr'><strong>spondebimus</strong></span> <span class='ocrx_word' id='word_1_141' title='bbox 629 2349 715 2433; x_wconf 88' lang='lat' dir='ltr'><strong>illuc,</strong></span> <span class='ocrx_word' id='word_1_142' title='bbox 733 2353 771 2414; x_wconf 91' lang='lat' dir='ltr'><strong>ut</strong></span> <span class='ocrx_word' id='word_1_143' title='bbox 784 2354 871 2416; x_wconf 87' lang='lat' dir='ltr'><strong>recte</strong></span> <span class='ocrx_word' id='word_1_144' title='bbox 885 2351 1046 2417; x_wconf 87' lang='lat' dir='ltr'><strong>iudicetur</strong></span> <span class='ocrx_word' id='word_1_145' title='bbox 1060 2351 1161 2416; x_wconf 88' lang='lat' dir='ltr'><strong>altera</strong></span> <span class='ocrx_word' id='word_1_146' title='bbox 1175 2350 1322 2416; x_wconf 78' lang='lat' dir='ltr'><strong>Electrae</strong></span> <span class='ocrx_word' id='word_1_147' title='bbox 1334 2348 1521 2434; x_wconf 76' lang='grc' dir='ltr'><em>Ὑπόθεσις,</em></span> <span class='ocrx_word' id='word_1_148' title='bbox 1536 2372 1617 2434; x_wconf 88' lang='lat' dir='ltr'><strong>quae</strong></span> 
     </span>
     <span class='ocr_line' id='line_1_18' title="bbox 383 2454 1618 2542; baseline -0.001 -22"><span class='ocrx_word' id='word_1_149' title='bbox 383 2455 582 2542; x_wconf 80' lang='lat' dir='ltr'><strong>inscribitur,</strong></span> <span class='ocrx_word' id='word_1_150' title='bbox 614 2457 648 2520; x_wconf 93' lang='lat' dir='ltr'><strong>in</strong></span> <span class='ocrx_word' id='word_1_151' title='bbox 675 2454 782 2521; x_wconf 91' lang='lat' dir='ltr'><strong>lahnii</strong></span> <span class='ocrx_word' id='word_1_152' title='bbox 814 2457 962 2542; x_wconf 87' lang='lat' dir='ltr'><strong>exemplo</strong></span> <span class='ocrx_word' id='word_1_153' title='bbox 996 2458 1116 2523; x_wconf 87' lang='lat' dir='ltr'><strong>codicis</strong></span> <span class='ocrx_word' id='word_1_154' title='bbox 1144 2457 1285 2522; x_wconf 87' lang='lat' dir='ltr'><strong>Parisini</strong></span> <span class='ocrx_word' id='word_1_155' title='bbox 1314 2457 1376 2522; x_wconf 91' lang='lat' dir='ltr'><strong>fide</strong></span> <span class='ocrx_word' id='word_1_156' title='bbox 1405 2456 1503 2540; x_wconf 90' lang='lat' dir='ltr'><strong>edita,</strong></span> <span class='ocrx_word' id='word_1_157' title='bbox 1536 2477 1618 2540; x_wconf 90' lang='lat' dir='ltr'><strong>quae</strong></span> 
     </span>
     <span class='ocr_line' id='line_1_19' title="bbox 382 2563 1617 2648; baseline 0.002 -22"><span class='ocrx_word' id='word_1_158' title='bbox 382 2563 474 2627; x_wconf 87' lang='lat' dir='ltr'><strong>iuxta</strong></span> <span class='ocrx_word' id='word_1_159' title='bbox 505 2564 595 2627; x_wconf 91' lang='lat' dir='ltr'><strong>illam</strong></span> <span class='ocrx_word' id='word_1_160' title='bbox 627 2565 824 2648; x_wconf 90' lang='lat' dir='ltr'><strong>superiorem</strong></span> <span class='ocrx_word' id='word_1_161' title='bbox 858 2563 1016 2630; x_wconf 86' lang='lat' dir='ltr'><strong>collocata</strong></span> <span class='ocrx_word' id='word_1_162' title='bbox 1045 2587 1119 2632; x_wconf 90' lang='lat' dir='ltr'><strong>cum</strong></span> <span class='ocrx_word' id='word_1_163' title='bbox 1146 2588 1184 2630; x_wconf 93' lang='lat' dir='ltr'><strong>ea</strong></span> <span class='ocrx_word' id='word_1_164' title='bbox 1210 2565 1306 2630; x_wconf 87' lang='lat' dir='ltr'><strong>facile</strong></span> <span class='ocrx_word' id='word_1_165' title='bbox 1333 2563 1472 2629; x_wconf 79' lang='lat' dir='ltr'><strong>conferri</strong></span> <span class='ocrx_word' id='word_1_166' title='bbox 1499 2567 1617 2648; x_wconf 88' lang='lat' dir='ltr'><strong>potest.</strong></span> 
     </span>
     <span class='ocr_line' id='line_1_20' title="bbox 383 2669 1615 2737; baseline 0.002 -4"><span class='ocrx_word' id='word_1_167' title='bbox 383 2669 446 2733; x_wconf 82' lang='lat' dir='ltr'><strong>Est</strong></span> <span class='ocrx_word' id='word_1_168' title='bbox 468 2675 575 2734; x_wconf 89' lang='lat' dir='ltr'><strong>autem</strong></span> <span class='ocrx_word' id='word_1_169' title='bbox 597 2671 691 2737; x_wconf 86' lang='lat' dir='ltr'><strong>haec:</strong></span> <span class='ocrx_word' id='word_1_170' title='bbox 1082 2699 1084 2702; x_wconf 92' lang='lat'>·</span> <span class='ocrx_word' id='word_1_171' title='bbox 1613 2705 1615 2709; x_wconf 32' lang='lat' dir='ltr'>v</span> 
     </span>
    </p>

    <p class='ocr_par' dir='ltr' id='par_1_4' title="bbox 451 2771 1659 3291">
     <span class='ocr_line' id='line_1_21' title="bbox 516 2771 1659 2865; baseline 0.002 -24"><span class='ocrx_word' id='word_1_172' title='bbox 516 2775 703 2854; x_wconf 77' lang='grc' dir='ltr'><em>Ὑπόθεσις.</em></span> <span class='ocrx_word' id='word_1_173' title='bbox 737 2775 924 2844; x_wconf 74' lang='grc' dir='ltr'><em>Ὑπόκειται</em></span> <span class='ocrx_word' id='word_1_174' title='bbox 949 2771 1027 2844; x_wconf 82' lang='grc' dir='ltr'><em>ὧδε·</em></span> <span class='ocrx_word' id='word_1_175' title='bbox 1051 2783 1195 2865; x_wconf 80' lang='grc' dir='ltr'><em>τροφεὺς</em></span> <span class='ocrx_word' id='word_1_176' title='bbox 1218 2781 1352 2856; x_wconf 80' lang='grc' dir='ltr'><em>δεικνὺς</em></span> <span class='ocrx_word' id='word_1_177' title='bbox 1369 2775 1503 2865; x_wconf 79' lang='grc' dir='ltr'><em>Ὀρέστῃ</em></span> <span class='ocrx_word' id='word_1_178' title='bbox 1522 2778 1562 2843; x_wconf 86' lang='grc' dir='ltr'><strong>τά</strong></span> <span class='ocrx_word' id='word_1_179' title='bbox 1583 2777 1618 2842; x_wconf 87' lang='grc' dir='ltr'><strong>ἐν</strong></span> <span class='ocrx_word' id='word_1_180' title='bbox 1632 2802 1659 2843; x_wconf 86' lang='lat' dir='ltr'><strong>ro</strong></span> 
     </span>
     <span class='ocr_line' id='line_1_22' title="bbox 510 2882 1618 2971; baseline 0.001 -22"><span class='ocrx_word' id='word_1_181' title='bbox 510 2882 627 2969; x_wconf 80' lang='grc' dir='ltr'><em>Ἄργει.</em></span> <span class='ocrx_word' id='word_1_182' title='bbox 663 2886 784 2971; x_wconf 89' lang='grc' dir='ltr'><em>μικρὸν</em></span> <span class='ocrx_word' id='word_1_183' title='bbox 807 2887 870 2971; x_wconf 77' lang='grc' dir='ltr'><strong>γάρ</strong></span> <span class='ocrx_word' id='word_1_184' title='bbox 894 2889 975 2952; x_wconf 81' lang='grc' dir='ltr'><em>ὄντα</em></span> <span class='ocrx_word' id='word_1_185' title='bbox 999 2888 1102 2952; x_wconf 86' lang='grc' dir='ltr'><em>αὐτὸν</em></span> <span class='ocrx_word' id='word_1_186' title='bbox 1124 2886 1274 2968; x_wconf 77' lang='grc' dir='ltr'><em>κλέψασα</em></span> <span class='ocrx_word' id='word_1_187' title='bbox 1287 2884 1459 2971; x_wconf 79' lang='grc' dir='ltr'><em>Ἠλέκτρα,</em></span> <span class='ocrx_word' id='word_1_188' title='bbox 1483 2884 1618 2969; x_wconf 81' lang='grc' dir='ltr'><em>ἡνίκαδ</em></span> 
     </span>
     <span class='ocr_line' id='line_1_23' title="bbox 518 2990 1619 3081; baseline 0.001 -25"><span class='ocrx_word' id='word_1_189' title='bbox 518 2994 625 3075; x_wconf 87' lang='grc' dir='ltr'><em>πατὴρ</em></span> <span class='ocrx_word' id='word_1_190' title='bbox 650 2990 818 3077; x_wconf 79' lang='grc' dir='ltr'><em>ἐσφάζετο,</em></span> <span class='ocrx_word' id='word_1_191' title='bbox 841 2992 967 3059; x_wconf 87' lang='grc' dir='ltr'><em>δέδωκε</em></span> <span class='ocrx_word' id='word_1_192' title='bbox 989 3002 1035 3081; x_wconf 80' lang='grc' dir='ltr'><strong>τῷ</strong></span> <span class='ocrx_word' id='word_1_193' title='bbox 1055 3005 1183 3078; x_wconf 83' lang='grc' dir='ltr'><em>τροφεῖ,</em></span> <span class='ocrx_word' id='word_1_194' title='bbox 1209 2994 1347 3058; x_wconf 90' lang='grc' dir='ltr'><em>δείσασα</em></span> <span class='ocrx_word' id='word_1_195' title='bbox 1369 2994 1413 3077; x_wconf 79' lang='grc' dir='ltr'><strong>μὴ</strong></span> <span class='ocrx_word' id='word_1_196' title='bbox 1438 2990 1492 3057; x_wconf 80' lang='grc' dir='ltr'><strong>καὶ</strong></span> <span class='ocrx_word' id='word_1_197' title='bbox 1516 2992 1619 3057; x_wconf 86' lang='grc' dir='ltr'><em>αὐτὸν</em></span> 
     </span>
     <span class='ocr_line' id='line_1_24' title="bbox 517 3096 1615 3183; baseline 0.001 -21"><span class='ocrx_word' id='word_1_198' title='bbox 517 3100 706 3183; x_wconf 89' lang='grc' dir='ltr'><em>κτείνωσιν,</em></span> <span class='ocrx_word' id='word_1_199' title='bbox 736 3100 754 3165; x_wconf 91' lang='grc' dir='ltr'>ὁ</span> <span class='ocrx_word' id='word_1_200' title='bbox 787 3096 825 3165; x_wconf 76' lang='grc' dir='ltr'><em>δέ</em></span> <span class='ocrx_word' id='word_1_201' title='bbox 856 3099 1037 3179; x_wconf 76' lang='grc' dir='ltr'><em>ὑπεξέθετο</em></span> <span class='ocrx_word' id='word_1_202' title='bbox 1070 3101 1173 3165; x_wconf 87' lang='grc' dir='ltr'><em>αὐτὸν</em></span> <span class='ocrx_word' id='word_1_203' title='bbox 1205 3103 1252 3183; x_wconf 79' lang='grc' dir='ltr'><em>είς</em></span> <span class='ocrx_word' id='word_1_204' title='bbox 1282 3101 1418 3165; x_wconf 78' lang='grc' dir='ltr'><em>Φωκίδα</em></span> <span class='ocrx_word' id='word_1_205' title='bbox 1444 3101 1529 3183; x_wconf 79' lang='grc' dir='ltr'><em>πρὸς</em></span> <span class='ocrx_word' id='word_1_206' title='bbox 1556 3100 1615 3181; x_wconf 87' lang='grc' dir='ltr'><strong>τὸν</strong></span> 
     </span>
     <span class='ocr_line' id='line_1_25' title="bbox 451 3202 1621 3291; baseline -0.003 -21"><span class='ocrx_word' id='word_1_207' title='bbox 451 3204 472 3270; x_wconf 86' lang='grc'>5</span> <span class='ocrx_word' id='word_1_208' title='bbox 518 3208 705 3291; x_wconf 81' lang='grc' dir='ltr'><em>Στρόφιον·</em></span> <span class='ocrx_word' id='word_1_209' title='bbox 738 3215 804 3271; x_wconf 86' lang='grc' dir='ltr'><strong>νῦν</strong></span> <span class='ocrx_word' id='word_1_210' title='bbox 836 3202 873 3271; x_wconf 73' lang='grc' dir='ltr'><strong>δὲ</strong></span> <span class='ocrx_word' id='word_1_211' title='bbox 904 3209 986 3289; x_wconf 79' lang='grc' dir='ltr'><em>μετὰ</em></span> <span class='ocrx_word' id='word_1_212' title='bbox 1018 3213 1145 3272; x_wconf 86' lang='grc' dir='ltr'><em>είκοσιν</em></span> <span class='ocrx_word' id='word_1_213' title='bbox 1177 3202 1232 3289; x_wconf 77' lang='grc' dir='ltr'><strong>ἔτη</strong></span> <span class='ocrx_word' id='word_1_214' title='bbox 1265 3205 1412 3271; x_wconf 86' lang='grc' dir='ltr'><em>ἐπανιὼν</em></span> <span class='ocrx_word' id='word_1_215' title='bbox 1440 3207 1505 3270; x_wconf 86' lang='grc' dir='ltr'><strong>σὺν</strong></span> <span class='ocrx_word' id='word_1_216' title='bbox 1533 3204 1621 3291; x_wconf 79' lang='grc' dir='ltr'><em>αὐτῷ</em></span> 
     </span>
    </p>

    <p class='ocr_par' dir='ltr' id='par_1_5' title="bbox 480 3310 1350 3401">
     <span class='ocr_line' id='line_1_26' title="bbox 480 3310 1350 3401; baseline -0.002 -25"><span class='ocrx_word' id='word_1_217' title='bbox 480 3350 487 3376; x_wconf 70' lang='grc'><strong>,-</strong></span> <span class='ocrx_word' id='word_1_218' title='bbox 506 3317 601 3396; x_wconf 80' lang='grc' dir='ltr'><em>πρὸς</em></span> <span class='ocrx_word' id='word_1_219' title='bbox 623 3314 660 3377; x_wconf 89' lang='grc' dir='ltr'><strong>τὸ</strong></span> <span class='ocrx_word' id='word_1_220' title='bbox 675 3312 791 3397; x_wconf 77' lang='grc' dir='ltr'><em>Ἄργος</em></span> <span class='ocrx_word' id='word_1_221' title='bbox 814 3314 986 3378; x_wconf 88' lang='grc' dir='ltr'><em>δείκνυσιν</em></span> <span class='ocrx_word' id='word_1_222' title='bbox 1010 3313 1098 3401; x_wconf 78' lang='grc' dir='ltr'><em>αὐτῷ</em></span> <span class='ocrx_word' id='word_1_223' title='bbox 1118 3314 1158 3377; x_wconf 83' lang='grc' dir='ltr'><strong>τά</strong></span> <span class='ocrx_word' id='word_1_224' title='bbox 1181 3310 1219 3376; x_wconf 82' lang='grc' dir='ltr'><strong>ἐν</strong></span> <span class='ocrx_word' id='word_1_225' title='bbox 1233 3310 1350 3394; x_wconf 78' lang='grc' dir='ltr'><em>Ἄργει.</em></span> 
     </span>
    </p>

    <p class='ocr_par' dir='ltr' id='par_1_6' title="bbox 540 3413 1619 3506">
     <span class='ocr_line' id='line_1_27' title="bbox 540 3413 1619 3506; baseline -0.001 -23"><span class='ocrx_word' id='word_1_226' title='bbox 540 3477 543 3483; x_wconf 90' lang='grc'>.</span> <span class='ocrx_word' id='word_1_227' title='bbox 605 3417 651 3484; x_wconf 88' lang='grc' dir='ltr'><em>Ἡ</em></span> <span class='ocrx_word' id='word_1_228' title='bbox 680 3421 785 3503; x_wconf 82' lang='grc' dir='ltr'><em>σκηνὴ</em></span> <span class='ocrx_word' id='word_1_229' title='bbox 818 3429 878 3486; x_wconf 90' lang='grc' dir='ltr'><strong>τοῦ</strong></span> <span class='ocrx_word' id='word_1_230' title='bbox 911 3420 1078 3506; x_wconf 87' lang='grc' dir='ltr'><em>δράματος</em></span> <span class='ocrx_word' id='word_1_231' title='bbox 1108 3419 1280 3485; x_wconf 86' lang='grc' dir='ltr'><em>ὑπόκειται</em></span> <span class='ocrx_word' id='word_1_232' title='bbox 1312 3416 1350 3482; x_wconf 82' lang='grc' dir='ltr'><strong>ἐν</strong></span> <span class='ocrx_word' id='word_1_233' title='bbox 1374 3416 1488 3502; x_wconf 76' lang='grc' dir='ltr'><em>Ἄργει.</em></span> <span class='ocrx_word' id='word_1_234' title='bbox 1535 3416 1552 3483; x_wconf 89' lang='grc' dir='ltr'><em>δ</em></span> <span class='ocrx_word' id='word_1_235' title='bbox 1581 3413 1619 3482; x_wconf 76' lang='grc' dir='ltr'><strong>δὲ</strong></span> 
     </span>
    </p>

    <p class='ocr_par' dir='ltr' id='par_1_7' title="bbox 461 3520 1618 3611">
     <span class='ocr_line' id='line_1_28' title="bbox 461 3520 1618 3611; baseline -0.003 -19"><span class='ocrx_word' id='word_1_236' title='bbox 461 3554 465 3560; x_wconf 74' lang='grc'>’</span> <span class='ocrx_word' id='word_1_237' title='bbox 519 3528 617 3611; x_wconf 79' lang='grc' dir='ltr'><em>χορὸς</em></span> <span class='ocrx_word' id='word_1_238' title='bbox 644 3526 847 3611; x_wconf 81' lang='grc' dir='ltr'><em>συνέστηκεν</em></span> <span class='ocrx_word' id='word_1_239' title='bbox 875 3526 907 3605; x_wconf 82' lang='grc' dir='ltr'><strong>ἐξ</strong></span> <span class='ocrx_word' id='word_1_240' title='bbox 934 3526 1121 3611; x_wconf 76' lang='grc' dir='ltr'><em>ἐπιχωρίων</em></span> <span class='ocrx_word' id='word_1_241' title='bbox 1144 3524 1334 3611; x_wconf 86' lang='grc' dir='ltr'><em>παρθένων.</em></span> <span class='ocrx_word' id='word_1_242' title='bbox 1371 3525 1558 3611; x_wconf 76' lang='grc' dir='ltr'><em>προλογίζει</em></span> <span class='ocrx_word' id='word_1_243' title='bbox 1582 3520 1618 3589; x_wconf 77' lang='grc' dir='ltr'><em>δέ</em></span> 
     </span>
    </p>

    <p class='ocr_par' dir='ltr' id='par_1_8' title="bbox 385 3632 1660 4893">
     <span class='ocr_line' id='line_1_29' title="bbox 520 3632 954 3720; baseline 0.002 -22"><span class='ocrx_word' id='word_1_244' title='bbox 520 3634 537 3698; x_wconf 92' lang='grc' dir='ltr'>ὁ</span> <span class='ocrx_word' id='word_1_245' title='bbox 560 3636 772 3717; x_wconf 78' lang='grc' dir='ltr'><em>παιδαγωγὸς</em></span> <span class='ocrx_word' id='word_1_246' title='bbox 790 3632 954 3720; x_wconf 87' lang='grc' dir='ltr'><em>Ὀρέστου.</em></span> 
     </span>
     <span class='ocr_line' id='line_1_30' title="bbox 385 3740 1619 3826; baseline -0.004 -20"><span class='ocrx_word' id='word_1_247' title='bbox 385 3741 532 3826; x_wconf 86' lang='lat' dir='ltr'><strong>Apparet</strong></span> <span class='ocrx_word' id='word_1_248' title='bbox 563 3742 631 3806; x_wconf 89' lang='lat' dir='ltr'><strong>eius</strong></span> <span class='ocrx_word' id='word_1_249' title='bbox 664 3763 792 3826; x_wconf 89' lang='lat' dir='ltr'><strong>quoque</strong></span> <span class='ocrx_word' id='word_1_250' title='bbox 822 3764 892 3807; x_wconf 89' lang='lat' dir='ltr'><strong>esse</strong></span> <span class='ocrx_word' id='word_1_251' title='bbox 919 3745 1026 3826; x_wconf 87' lang='lat' dir='ltr'><strong>partes</strong></span> <span class='ocrx_word' id='word_1_252' title='bbox 1054 3742 1147 3826; x_wconf 87' lang='lat' dir='ltr'><strong>duas,</strong></span> <span class='ocrx_word' id='word_1_253' title='bbox 1180 3762 1316 3824; x_wconf 92' lang='lat' dir='ltr'><strong>quarum</strong></span> <span class='ocrx_word' id='word_1_254' title='bbox 1344 3761 1425 3822; x_wconf 89' lang='lat' dir='ltr'><strong>quae</strong></span> <span class='ocrx_word' id='word_1_255' title='bbox 1454 3740 1543 3822; x_wconf 90' lang='lat' dir='ltr'><strong>prior</strong></span> <span class='ocrx_word' id='word_1_256' title='bbox 1571 3741 1619 3802; x_wconf 89' lang='lat' dir='ltr'><strong>est</strong></span> 
     </span>
     <span class='ocr_line' id='line_1_31' title="bbox 386 3845 1660 3935; baseline -0.002 -24"><span class='ocrx_word' id='word_1_257' title='bbox 386 3846 513 3935; x_wconf 83' lang='lat'><strong>(1-6),</strong></span> <span class='ocrx_word' id='word_1_258' title='bbox 537 3848 593 3932; x_wconf 90' lang='lat' dir='ltr'><strong>qui</strong></span> <span class='ocrx_word' id='word_1_259' title='bbox 611 3848 709 3932; x_wconf 91' lang='lat' dir='ltr'><strong>paulo</strong></span> <span class='ocrx_word' id='word_1_260' title='bbox 729 3849 887 3915; x_wconf 87' lang='lat' dir='ltr'><strong>curiosius</strong></span> <span class='ocrx_word' id='word_1_261' title='bbox 906 3848 1114 3933; x_wconf 84' lang='lat' dir='ltr'><strong>perspexerit,</strong></span> <span class='ocrx_word' id='word_1_262' title='bbox 1137 3846 1299 3932; x_wconf 81' lang='lat' dir='ltr'><strong>intelliget</strong></span> <span class='ocrx_word' id='word_1_263' title='bbox 1318 3869 1357 3911; x_wconf 84' lang='lat' dir='ltr'><strong>ex</strong></span> <span class='ocrx_word' id='word_1_264' title='bbox 1376 3845 1530 3910; x_wconf 88' lang='lat' dir='ltr'><strong>ambabus</strong></span> <span class='ocrx_word' id='word_1_265' title='bbox 1549 3862 1619 3927; x_wconf 89' lang='lat' dir='ltr'><strong>par·</strong></span> <span class='ocrx_word' id='word_1_266' title='bbox 1633 3868 1660 3909; x_wconf 78' lang='lat' dir='ltr'><strong>so</strong></span> 
     </span>
     <span class='ocr_line' id='line_1_32' title="bbox 385 3949 1619 4039; baseline -0.005 -19"><span class='ocrx_word' id='word_1_267' title='bbox 385 3957 473 4021; x_wconf 89' lang='lat' dir='ltr'><strong>tibus</strong></span> <span class='ocrx_word' id='word_1_268' title='bbox 501 3953 735 4020; x_wconf 88' lang='lat' dir='ltr'><strong>Laurentianae</strong></span> <span class='ocrx_word' id='word_1_269' title='bbox 763 3978 860 4039; x_wconf 89' lang='lat' dir='ltr'><strong>quam</strong></span> <span class='ocrx_word' id='word_1_270' title='bbox 888 3956 1023 4020; x_wconf 88' lang='lat' dir='ltr'><strong>dicimus</strong></span> <span class='ocrx_word' id='word_1_271' title='bbox 1056 3976 1125 4019; x_wconf 91' lang='lat' dir='ltr'><strong>esse</strong></span> <span class='ocrx_word' id='word_1_272' title='bbox 1159 3956 1357 4038; x_wconf 87' lang='lat' dir='ltr'><strong>excerptam,</strong></span> <span class='ocrx_word' id='word_1_273' title='bbox 1389 3974 1427 4018; x_wconf 89' lang='lat' dir='ltr'><strong>eo</strong></span> <span class='ocrx_word' id='word_1_274' title='bbox 1458 3949 1564 4016; x_wconf 72' lang='lat' dir='ltr'><strong>modo¹</strong></span> <span class='ocrx_word' id='word_1_275' title='bbox 1582 3955 1619 4014; x_wconf 89' lang='lat' dir='ltr'><strong>ut</strong></span> 
     </span>
     <span class='ocr_line' id='line_1_33' title="bbox 386 4058 1618 4147; baseline -0.003 -20"><span class='ocrx_word' id='word_1_276' title='bbox 386 4064 498 4147; x_wconf 85' lang='lat' dir='ltr'><strong>paucis</strong></span> <span class='ocrx_word' id='word_1_277' title='bbox 521 4062 664 4145; x_wconf 88' lang='lat' dir='ltr'><strong>mutatis,</strong></span> <span class='ocrx_word' id='word_1_278' title='bbox 687 4062 835 4146; x_wconf 90' lang='lat' dir='ltr'><strong>pluribus</strong></span> <span class='ocrx_word' id='word_1_279' title='bbox 859 4084 940 4146; x_wconf 86' lang='lat' dir='ltr'><strong>quae</strong></span> <span class='ocrx_word' id='word_1_280' title='bbox 964 4064 1033 4126; x_wconf 86' lang='lat' dir='ltr'><strong>sine</strong></span> <span class='ocrx_word' id='word_1_281' title='bbox 1057 4062 1248 4125; x_wconf 91' lang='lat' dir='ltr'><strong>detrimento</strong></span> <span class='ocrx_word' id='word_1_282' title='bbox 1272 4065 1327 4124; x_wconf 90' lang='lat' dir='ltr'><strong>aut</strong></span> <span class='ocrx_word' id='word_1_283' title='bbox 1351 4081 1423 4125; x_wconf 90' lang='lat' dir='ltr'><strong>cum</strong></span> <span class='ocrx_word' id='word_1_284' title='bbox 1448 4058 1618 4124; x_wconf 87' lang='lat' dir='ltr'><strong>commodo</strong></span> 
     </span>
     <span class='ocr_line' id='line_1_34' title="bbox 385 4166 1619 4254; baseline -0.006 -17"><span class='ocrx_word' id='word_1_285' title='bbox 385 4169 542 4239; x_wconf 68' lang='lat' dir='ltr'><strong>,orationis</strong></span> <span class='ocrx_word' id='word_1_286' title='bbox 574 4169 686 4234; x_wconf 88' lang='lat' dir='ltr'><strong>abesse</strong></span> <span class='ocrx_word' id='word_1_287' title='bbox 718 4174 867 4254; x_wconf 89' lang='lat' dir='ltr'><strong>poterant</strong></span> <span class='ocrx_word' id='word_1_288' title='bbox 893 4169 1017 4252; x_wconf 85' lang='lat' dir='ltr'><strong>eiectis,</strong></span> <span class='ocrx_word' id='word_1_289' title='bbox 1049 4169 1208 4254; x_wconf 86' lang='lat' dir='ltr'><strong>integram</strong></span> <span class='ocrx_word' id='word_1_290' title='bbox 1235 4166 1452 4233; x_wconf 88' lang='lat' dir='ltr'><strong>narrationem</strong></span> <span class='ocrx_word' id='word_1_291' title='bbox 1480 4186 1555 4251; x_wconf 90' lang='lat' dir='ltr'><strong>prae</strong></span> <span class='ocrx_word' id='word_1_292' title='bbox 1586 4186 1619 4229; x_wconf 88' lang='lat' dir='ltr'><strong>se</strong></span> 
     </span>
     <span class='ocr_line' id='line_1_35' title="bbox 386 4272 1618 4360; baseline -0.003 -19"><span class='ocrx_word' id='word_1_293' title='bbox 386 4277 492 4342; x_wconf 88' lang='lat' dir='ltr'><strong>ferret.</strong></span> <span class='ocrx_word' id='word_1_294' title='bbox 525 4275 587 4341; x_wconf 90' lang='lat' dir='ltr'><strong>His</strong></span> <span class='ocrx_word' id='word_1_295' title='bbox 606 4279 771 4360; x_wconf 87' lang='lat' dir='ltr'><strong>tamquam</strong></span> <span class='ocrx_word' id='word_1_296' title='bbox 788 4298 864 4359; x_wconf 91' lang='lat' dir='ltr'><strong>pars</strong></span> <span class='ocrx_word' id='word_1_297' title='bbox 883 4278 983 4341; x_wconf 85' lang='lat' dir='ltr'><strong>altera</strong></span> <span class='ocrx_word' id='word_1_298' title='bbox 1002 4275 1217 4340; x_wconf 87' lang='lat' dir='ltr'><strong>subiiciuntur</strong></span> <span class='ocrx_word' id='word_1_299' title='bbox 1235 4274 1292 4339; x_wconf 93' lang='lat' dir='ltr'><strong>illa</strong></span> <span class='ocrx_word' id='word_1_300' title='bbox 1310 4273 1456 4359; x_wconf 68' lang='lat' dir='ltr'><strong>ardgaria</strong></span> <span class='ocrx_word' id='word_1_301' title='bbox 1474 4272 1494 4355; x_wconf 74' lang='grc' dir='ltr'><em>ἡ</em></span> <span class='ocrx_word' id='word_1_302' title='bbox 1514 4272 1618 4355; x_wconf 83' lang='grc' dir='ltr'><em>σκηνὴ</em></span> 
     </span>
     <span class='ocr_line' id='line_1_36' title="bbox 385 4378 1620 4469; baseline -0.005 -20"><span class='ocrx_word' id='word_1_303' title='bbox 385 4393 447 4449; x_wconf 89' lang='grc' dir='ltr'><strong>τοῦ</strong></span> <span class='ocrx_word' id='word_1_304' title='bbox 479 4384 646 4469; x_wconf 75' lang='grc' dir='ltr'><em>δράματος</em></span> <span class='ocrx_word' id='word_1_305' title='bbox 678 4388 752 4467; x_wconf 89' lang='grc' dir='ltr'><em>κτλ,</em></span> <span class='ocrx_word' id='word_1_306' title='bbox 784 4405 866 4467; x_wconf 88' lang='lat' dir='ltr'><strong>quae</strong></span> <span class='ocrx_word' id='word_1_307' title='bbox 899 4388 1042 4447; x_wconf 85' lang='lat' dir='ltr'><strong>extrema</strong></span> <span class='ocrx_word' id='word_1_308' title='bbox 1075 4387 1151 4447; x_wconf 90' lang='lat' dir='ltr'><strong>sunt</strong></span> <span class='ocrx_word' id='word_1_309' title='bbox 1178 4381 1352 4446; x_wconf 90' lang='lat' dir='ltr'><strong>multarum</strong></span> <span class='ocrx_word' id='word_1_310' title='bbox 1380 4378 1620 4464; x_wconf 87' lang='lat' dir='ltr'><strong>hypothesium,</strong></span> 
     </span>
     <span class='ocr_line' id='line_1_37' title="bbox 386 4484 1619 4576; baseline -0.003 -22"><span class='ocrx_word' id='word_1_311' title='bbox 386 4490 477 4555; x_wconf 85' lang='lat' dir='ltr'><strong>velut</strong></span> <span class='ocrx_word' id='word_1_312' title='bbox 499 4489 697 4575; x_wconf 83' lang='lat' dir='ltr'><strong>Antigonae,</strong></span> <span class='ocrx_word' id='word_1_313' title='bbox 725 4511 821 4573; x_wconf 88' lang='lat' dir='ltr'><strong>quam</strong></span> <span class='ocrx_word' id='word_1_314' title='bbox 845 4512 943 4574; x_wconf 89' lang='lat' dir='ltr'><strong>supra</strong></span> <span class='ocrx_word' id='word_1_315' title='bbox 965 4490 1145 4576; x_wconf 80' lang='lat' dir='ltr'><strong>tetigimus,</strong></span> <span class='ocrx_word' id='word_1_316' title='bbox 1175 4485 1291 4571; x_wconf 90' lang='lat' dir='ltr'><strong>Oedipi</strong></span> <span class='ocrx_word' id='word_1_317' title='bbox 1315 4484 1448 4551; x_wconf 80' lang='lat' dir='ltr'><strong>Colonei</strong></span> <span class='ocrx_word' id='word_1_318' title='bbox 1471 4486 1491 4569; x_wconf 79' lang='grc' dir='ltr'><em>η</em></span> <span class='ocrx_word' id='word_1_319' title='bbox 1515 4486 1619 4568; x_wconf 78' lang='grc' dir='ltr'><em>σκηνὴ</em></span> 
     </span>
     <span class='ocr_line' id='line_1_38' title="bbox 386 4582 1620 4682; baseline -0.003 -22"><span class='ocrx_word' id='word_1_320' title='bbox 386 4591 447 4662; x_wconf 85' lang='grc' dir='ltr'><strong>τοῦ</strong></span> <span class='ocrx_word' id='word_1_321' title='bbox 475 4598 642 4682; x_wconf 80' lang='grc' dir='ltr'><em>δράματος</em></span> <span class='ocrx_word' id='word_1_322' title='bbox 669 4597 840 4661; x_wconf 86' lang='grc' dir='ltr'><em>ὑπόκειται</em></span> <span class='ocrx_word' id='word_1_323' title='bbox 868 4596 905 4661; x_wconf 87' lang='grc' dir='ltr'><em>έν</em></span> <span class='ocrx_word' id='word_1_324' title='bbox 932 4604 972 4681; x_wconf 78' lang='grc' dir='ltr'><strong>τῇ</strong></span> <span class='ocrx_word' id='word_1_325' title='bbox 993 4594 1119 4679; x_wconf 78' lang='grc' dir='ltr'><em>Ἀττικῇ</em></span> <span class='ocrx_word' id='word_1_326' title='bbox 1144 4645 1151 4659; x_wconf 93' lang='grc'><strong>.</strong></span> <span class='ocrx_word' id='word_1_327' title='bbox 1175 4644 1182 4659; x_wconf 93' lang='grc'><strong>.</strong></span> <span class='ocrx_word' id='word_1_328' title='bbox 1206 4594 1224 4659; x_wconf 86' lang='grc' dir='ltr'>ὁ</span> <span class='ocrx_word' id='word_1_329' title='bbox 1248 4592 1285 4658; x_wconf 74' lang='grc' dir='ltr'><em>δέ</em></span> <span class='ocrx_word' id='word_1_330' title='bbox 1314 4594 1414 4678; x_wconf 81' lang='grc' dir='ltr'><em>χορὸς</em></span> <span class='ocrx_word' id='word_1_331' title='bbox 1438 4643 1445 4656; x_wconf 92' lang='grc'>.</span> <span class='ocrx_word' id='word_1_332' title='bbox 1468 4644 1476 4658; x_wconf 93' lang='grc'><strong>.</strong></span> <span class='ocrx_word' id='word_1_333' title='bbox 1498 4582 1620 4677; x_wconf 65' lang='grc' dir='ltr'><em>προλοὲ</em></span> 
     </span>
     <span class='ocr_line' id='line_1_39' title="bbox 388 4698 1620 4788; baseline -0.003 -21"><span class='ocrx_word' id='word_1_334' title='bbox 388 4703 469 4785; x_wconf 77' lang='grc' dir='ltr'><em>μίξει</em></span> <span class='ocrx_word' id='word_1_335' title='bbox 495 4704 668 4787; x_wconf 79' lang='grc' dir='ltr'><em>Οἰδίπους,</em></span> <span class='ocrx_word' id='word_1_336' title='bbox 691 4702 836 4788; x_wconf 88' lang='lat' dir='ltr'><strong>aliarum,</strong></span> <span class='ocrx_word' id='word_1_337' title='bbox 859 4707 893 4767; x_wconf 88' lang='lat' dir='ltr'><strong>et</strong></span> <span class='ocrx_word' id='word_1_338' title='bbox 916 4725 998 4787; x_wconf 91' lang='lat' dir='ltr'><strong>quae</strong></span> <span class='ocrx_word' id='word_1_339' title='bbox 1022 4703 1050 4767; x_wconf 92' lang='lat' dir='ltr'><strong>si</strong></span> <span class='ocrx_word' id='word_1_340' title='bbox 1073 4702 1158 4768; x_wconf 86' lang='lat' dir='ltr'><strong>sorte</strong></span> <span class='ocrx_word' id='word_1_341' title='bbox 1181 4700 1299 4766; x_wconf 89' lang='lat' dir='ltr'><strong>tradita</strong></span> <span class='ocrx_word' id='word_1_342' title='bbox 1321 4722 1389 4765; x_wconf 93' lang='lat' dir='ltr'><strong>non</strong></span> <span class='ocrx_word' id='word_1_343' title='bbox 1412 4703 1502 4764; x_wconf 90' lang='lat' dir='ltr'><strong>erant</strong></span> <span class='ocrx_word' id='word_1_344' title='bbox 1525 4698 1620 4765; x_wconf 86' lang='lat' dir='ltr'><strong>facile</strong></span> 
     </span>
     <span class='ocr_line' id='line_1_40' title="bbox 388 4804 1620 4893; baseline 0 -22"><span class='ocrx_word' id='word_1_345' title='bbox 388 4829 408 4871; x_wconf 88' lang='lat' dir='ltr'><strong>a</strong></span> <span class='ocrx_word' id='word_1_346' title='bbox 436 4810 551 4893; x_wconf 80' lang='lat' dir='ltr'><strong>quouis</strong></span> <span class='ocrx_word' id='word_1_347' title='bbox 578 4809 653 4873; x_wconf 89' lang='lat' dir='ltr'><strong>addi</strong></span> <span class='ocrx_word' id='word_1_348' title='bbox 680 4812 843 4893; x_wconf 89' lang='lat' dir='ltr'><strong>poterant:</strong></span> <span class='ocrx_word' id='word_1_349' title='bbox 876 4810 916 4874; x_wconf 79' lang='lat' dir='ltr'><strong>cl.</strong></span> <span class='ocrx_word' id='word_1_350' title='bbox 943 4809 1002 4875; x_wconf 83' lang='lat' dir='ltr'><strong>Ed.</strong></span> <span class='ocrx_word' id='word_1_351' title='bbox 1031 4807 1218 4874; x_wconf 81' lang='lat' dir='ltr'><strong>Schwartnii</strong></span> <span class='ocrx_word' id='word_1_352' title='bbox 1247 4806 1317 4871; x_wconf 89' lang='lat' dir='ltr'><strong>adn.</strong></span> <span class='ocrx_word' id='word_1_353' title='bbox 1345 4805 1386 4871; x_wconf 89' lang='lat' dir='ltr'><strong>ad</strong></span> <span class='ocrx_word' id='word_1_354' title='bbox 1411 4804 1620 4892; x_wconf 88' lang='lat' dir='ltr'><strong>hypothesim</strong></span> 
     </span>
    </p>
   </div>
   <div class='ocr_carea' id='block_1_3' title="bbox 0 0 1991 5725">
    <p class='ocr_par' dir='ltr' id='par_1_9' title="bbox 0 0 1991 5725">
     <span class='ocr_line' id='line_1_41' title="bbox 0 0 1991 5725; baseline 0 0"><span class='ocrx_word' id='word_1_355' title='bbox 0 0 1991 5725; x_wconf 95' lang='lat' dir='ltr'><strong> </strong></span> 
     </span>
    </p>
   </div>
  </div>
 </body>
</html>
