3967 5725
394 605 460 676 258
568 609 664 660 XLVI.
684 609 799 659 INDEX
817 609 1032 660 LECTIONUM
1050 608 1292 660 HIBERNARUM
1310 610 1379 662 1897
1384 607 1398 679 l
1402 611 1443 660 98.

394 790 456 852 que
479 770 545 834 vim
568 773 600 834 et
623 769 815 834 sententiam
838 791 907 834 esse
930 772 1151 856 cognoscatur.
1189 767 1304 845 Qualia
1327 773 1413 853 sunt,
1434 769 1470 834 in
1492 767 1626 835 Hecuba

394 874 437 962 (v.
457 873 536 962 370)

554 981 624 1048 οὔτ’
652 982 814 1060 ἐλπίδος
836 985 899 1068 γάρ
923 983 1000 1048 οὔτε
1023 1007 1083 1048 του
1108 980 1225 1067 δόξης
1248 983 1315 1066 δρῶ

552 1090 681 1174 θάρσος
703 1088 780 1176 παρ’
807 1091 887 1175 ήμῑν
910 1090 955 1166 ὥς
977 1087 1051 1155 ποτ’
1077 1085 1115 1154 εὖ
1138 1086 1262 1173 πρᾶξαί
1282 1112 1322 1173 με
1345 1092 1408 1176 χρή

391 1195 598 1266 Andromeda
621 1195 673 1284 (fr.
695 1197 756 1261 131
777 1196 918 1262 Nauckii
932 1194 981 1283 11.)

462 1309 503 1367 A.
548 1306 593 1387 μή
615 1328 672 1387 μοι
694 1308 880 1390 προτείνων
902 1301 1028 1370 ἐλπίδ’
1055 1302 1173 1386 ἐξάγου
1197 1305 1312 1385 δάκρυ.

463 1413 500 1474 Β.
546 1409 678 1492 γένοιτό
699 1411 761 1476 τάν
784 1409 884 1476 πόλλ’
906 1404 955 1475 ὧν
978 1411 1139 1494 δόκησις
1162 1410 1224 1475 ούκ
1247 1407 1298 1476 ἐνι

392 1520 424 1581 et
456 1538 537 1600 quae
564 1518 599 1581 in
627 1517 781 1582 extremis
807 1517 926 1582 fabulis
956 1517 1083 1602 saepius
1111 1521 1294 1602 recurrunt,
1325 1519 1473 1583 velutin
1500 1515 1624 1582 Andro

391 1622 509 1688 mecha·

350 1761 377 1801 ιι
551 1733 658 1796 πολλά
682 1729 712 1796 δ’
740 1729 911 1807 ἀέλπτως
933 1736 1109 1816 κραίνουσι
1132 1733 1224 1815 θεοί,

550 1837 667 1903 καὶτὰ
691 1836 897 1921 δοκηθέντ’
925 1839 986 1902 οὐκ
1011 1837 1184 1922 ἐτελέσθη,

550 1957 617 2010 τῶν
640 1946 660 2010 δ
668 1943 676 1970 ’
699 1943 900 2028 ἀδοκήτων
923 1947 1031 2030 πόρον
1055 1939 1132 2030 εὗρε
1155 1947 1235 2022 θεός

390 2053 527 2136 denique
551 2053 586 2116 in
607 2051 747 2116 Hercule
770 2052 842 2136 ipsa
864 2048 960 2138 (771)

764 2158 999 2242 δοκημάτων
1021 2155 1114 2234 ἐκτὸς
1136 2154 1243 2242 ἦλθεν
1267 2158 1358 2234 ἐλπίς

389 2265 507 2330 ibidem
533 2262 606 2351 (91)

423 2377 503 2437 AM.
873 2373 928 2437 καλ
952 2377 1040 2456 φιλῶ
1063 2374 1121 2449 τάς
1144 2371 1313 2449 ἐλπίδας.

426 2483 502 2543 ΜΕ.
547 2479 650 2564 κάγώ·
674 2481 809 2545 δοκεῖν
832 2475 870 2544 δὲ
892 2478 1071 2564 τάδόκητ’
1099 2479 1139 2545 ού
1163 2483 1239 2564 χρή,
1262 2477 1409 2568 νέρον.*)

387 2584 426 2651 In
450 2590 541 2652 tanta
563 2591 670 2651 eutem
689 2587 932 2671 propinquitate
951 2586 1198 2671 significationis
1219 2586 1297 2670 quid
1316 2587 1390 2651 miri
1410 2586 1473 2651 duo
1491 2588 1623 2652 nomine

388 2693 484 2758 etiem
511 2693 546 2758 in
572 2694 635 2758 hec
655 2694 811 2779 loquendi
833 2694 937 2759 forme
959 2693 1088 2758 misceri
1112 2698 1150 2758 ut
1172 2690 1316 2772 ἐλπίζειν
1338 2712 1403 2757 non
1427 2692 1544 2759 ἐλπίδα
1568 2692 1623 2758 sed

347 2827 374 2869 ro
388 2799 491 2879 δόξαν
513 2801 646 2868 dicetur.
682 2800 735 2866 An
758 2800 822 2867 hoo
844 2801 965 2867 maiore
985 2802 1055 2867 iure
1074 2799 1263 2867 insolentiae
1281 2800 1505 2867 insimulemus
1524 2822 1620 2886 quam
1640 2809 1660 2865 6

387 2909 474 2993 quod
494 2912 544 2973 est
562 2909 647 2994 apud
662 2907 855 2995 Sophoclem
874 2908 909 2973 in
921 2907 1054 2973 Electra
1067 2906 1164 2995 (470)
1184 2909 1306 2993 πικράν
1326 2909 1413 2973 δοκῶ
1427 2931 1468 2989 με
1481 2920 1622 2993 πεῖραν

386 3017 485 3098 τήνδε
517 3019 735 3101 τολμήσειν
761 3013 824 3100 ἔτι,
855 3015 913 3080 ubi
940 3014 1089 3081 Neuekio
1119 3016 1248 3099 quidem
1278 3017 1405 3099 τόλμαν
1432 3016 1543 3099 potius
1571 3036 1622 3080 ex-

386 3123 596 3207 spectandum
627 3124 728 3189 fuisse
760 3122 928 3188 ednotauti
961 3123 1034 3207 quis
1066 3122 1163 3187 fidem
1190 3121 1336 3205 habebit,
1368 3125 1424 3187 aut
1450 3122 1485 3185 in
1512 3123 1622 3189 eedem

386 3229 515 3295 Electra
538 3227 634 3317 (532)
657 3229 719 3295 οὐκ
743 3235 818 3295 ἴσον
839 3230 954 3314 καμὼν
978 3229 1051 3314 ἐμοὶ
1070 3231 1184 3313 λύπης.
1220 3227 1306 3293 Nam
1326 3228 1413 3313 quod
1429 3249 1496 3294 non
1515 3229 1621 3295 solum

386 3350 503 3421 καμεῖν
525 3336 671 3418 κάματον
695 3337 751 3401 sed
775 3338 871 3401 etiem
895 3347 1013 3419 καμεῖν
1035 3339 1138 3402 νόσον
1162 3340 1207 3419 et,
1230 3339 1267 3399 ut
1292 3334 1482 3421 Sophocles,
1504 3346 1622 3421 καμεῖν

387 3445 496 3526 λύπην
520 3442 693 3525 dicebatur,
716 3443 909 3509 documento
934 3449 991 3528 est,
1015 3442 1093 3528 quid
1114 3442 1244 3508 Graecis
1267 3443 1302 3507 in
1324 3443 1388 3507 hoc
1410 3464 1525 3529 genere
1548 3464 1622 3507 con·

387 3571 511 3615 cessum
534 3549 642 3615 fuerit
679 3548 784 3625 Quare
807 3550 854 3615 sie
872 3551 1054 3636 statuimus,
1077 3554 1114 3614 ut
1133 3548 1308 3628 ἐξέπαισαν
1327 3548 1432 3634 δόξης,
1455 3550 1502 3614 ita
1525 3549 1622 3635 δόξης

385 3657 429 3740 ήν
455 3659 578 3741 ήλπισα
606 3677 682 3721 vera
709 3678 779 3722 esse
807 3660 840 3720 et
867 3657 1059 3723 coniecturis
1088 3657 1268 3742 depraveri3
1296 3679 1332 3722 ac
1358 3658 1469 3722 liceret
1492 3658 1556 3722 iam
1579 3657 1621 3721 iis

385 3763 521 3829 fidenter
543 3765 753 3848 acquiescere,
777 3786 858 3848 quae
882 3764 961 3828 olim
983 3763 1202 3850 vulgabantur

345 3896 371 3937 co
545 3866 566 3954 ή
589 3871 676 3936 πολύ
699 3894 739 3954 με
762 3869 859 3953 δόξης
882 3868 1057 3948 ἐξέπαισαν
1081 3871 1210 3947 ἐλπίδες

544 3978 587 4062 ήν
609 3978 733 4061 πατρὸς
754 3977 849 4060 ὑμῶν
872 3976 909 4041 ἐκ
932 3979 1049 4060 λόγων
1064 3976 1138 4045 ποτ’
1164 3981 1303 4062 ήλπισα,

384 4085 448 4149 nisi
470 4083 601 4161 ἐλπίδες
623 4086 713 4168 ipses
736 4082 918 4149 dicerentur
941 4083 1039 4169 δόξης
1062 4084 1230 4171 ἐκπαῑσαι,
1258 4086 1351 4169 quasi
1373 4084 1462 4149 dicas
1484 4082 1620 4162 ἐλπίδας

385 4191 518 4268 ἐλπίδος
536 4188 698 4257 ἐκπαῑσαι.
731 4189 827 4267 Quod
844 4192 997 4276 quoniam
1017 4214 1035 4255 e
1054 4214 1131 4258 sena
1148 4195 1256 4257 mente
1275 4190 1415 4256 alienum
1429 4213 1499 4256 esse
1513 4192 1619 4256 risum

384 4303 447 4383 est,
472 4299 506 4363 id
528 4320 660 4382 operam
683 4297 839 4362 dederunt
861 4302 898 4361 ut
922 4300 1114 4382 quantocius
1138 4297 1336 4363 emendando
1360 4300 1519 4363 tollerent.
1556 4298 1620 4363 Ite·

385 4427 447 4489 que
473 4404 677 4491 Musgravius
704 4399 725 4487 ή
752 4405 840 4470 πολύ
867 4428 907 4488 με
934 4403 1094 4489 πράξεις
1122 4403 1297 4482 ἐξέπαισαν
1325 4404 1499 4487 ἐλπίδος,
1526 4405 1569 4488 ήν
1588 4454 1619 4469 ..

472 4579 536 4649 ’17)
555 4579 653 4651 [Solon
673 4585 706 4634 13
720 4597 745 4633 v,
761 4584 795 4633 34
818 4578 949 4648 δηνεύειν
972 4580 1058 4642 αύτδς
1081 4578 1186 4645 δόξαν
1208 4577 1322 4641 ἕκαστος
1341 4578 1409 4649 ἔχει,
1432 4577 1500 4647 πρίν
1518 4600 1545 4633 τι
1563 4600 1618 4633 πα-

382 4670 462 4722 θεῖν·
486 4665 548 4723 τότε
571 4664 600 4722 δ’
626 4666 717 4722 αὐτίκ’
747 4667 890 4736 ὀδύρεται·
916 4667 981 4739 ἄχρι
1005 4667 1036 4722 δὲ
1060 4668 1160 4723 τούτου
1185 4666 1337 4737 χάσκοντες
1360 4668 1483 4738 κούφαις
1506 4667 1618 4723 ἐλπίσι

382 4756 552 4825 τερπόμεδα,
572 4756 607 4810 of.
622 4763 665 4810 42.
698 4756 840 4827 Theognis
855 4762 906 4810 689
926 4757 1044 4812 πολλάκι
1058 4752 1128 4825 παρ’
1145 4754 1251 4824 δόξαν
1265 4777 1294 4812 τε
1308 4758 1358 4812 καί
1372 4755 1495 4813 ἐλπίδα
1510 4755 1618 4828 γίνεται

383 4842 415 4902 ed
434 4842 493 4916 ῥεῖν
512 4842 569 4915 ἔργ’
591 4846 727 4915 deducu]
