3967 5725
755 576 806 627 nn
823 576 1008 627 nunnmrs
1026 576 1207 628 nnnonnn
1355 622 1358 626 ,
1558 576 1609 640 63·

368 760 455 803 nuno
479 760 513 803 ee
537 742 627 825 gerat
651 758 726 823 erga
745 738 829 803 filios
848 740 940 821 patre
960 737 1136 803 orbatos·
1127 760 1162 801 m
1185 762 1249 824 qua
1271 760 1306 803 re
1324 738 1431 823 Lycus
1457 739 1607 825 depingi

367 850 420 909 tur
445 866 546 929 prope
569 848 606 909 ut
629 844 865 928 Eurystheus
855 866 891 909 m
912 842 1075 910 Heraclid

416 952 481 1017 816
697 946 740 1034 ἦν
762 951 929 1028 κάκιστος·
953 944 1023 1015 εἶτα
1046 957 1198 1029 τοιοῦτος
1220 953 1326 1036 γεγὼς
1429 967 1432 974 ’

526 1062 605 1137 τοὺς
624 1056 847 1143 Ἡρακλείους
870 1052 955 1141 ἦλθε
979 1061 1163 1124 socraten»
1187 1062 1317 1142 γόνους.

365 1166 415 1231 De
440 1189 503 1251 quo
526 1164 635 1231 Iolaus
660 1187 788 1250 quoque
812 1162 909 1253 (ibid¹
922 1163 1002 1252 744)
1025 1188 1092 1231 non
1115 1167 1267 1251 ineptius,
1293 1166 1471 1250 opinamur,
1503 1180 1606 1252 quam·

366 1274 497 1360 Megara
524 1273 563 1339 de
590 1272 743 1357 Hercule,
769 1272 929 1356 loquitur,
957 1294 1030 1337 oum
1059 1273 1145 1337 dicat
1171 1266 1241 1350 οἷος
1264 1272 1307 1338 ἂν
1334 1275 1461 1357 τροπὴν
1489 1274 1602 1359 Etou-

367 1380 476 1457 sesag
498 1384 634 1465 θείμην·
664 1380 736 1445 ἐπεί
756 1403 810 1446 τοι
832 1378 887 1444 καὶ
910 1381 1010 1457 κακὸς
1036 1379 1151 1461 μένειν
1178 1382 1270 1466 δόρυ.
1317 1379 1423 1457 Quare
1451 1402 1524 1445 oum
1554 1381 1601 1444 ita

366 1488 542 1553 sentiamus
579 1488 613 1550 in
640 1486 789 1573 Magarsa
825 1486 975 1570 precibus
1009 1487 1093 1552 nihil
1125 1509 1194 1553 ease
1222 1488 1309 1571 quod
1336 1489 1388 1552 vel
1415 1487 1520 1573 ipsam
1548 1490 1601 1552 vel

365 1599 495 1680 poetam
520 1594 679 1677 dedeceat,
702 1598 772 1659 tum
795 1592 877 1658 illud
894 1595 1045 1678 inprimis
1064 1595 1143 1660 scite
1161 1596 1350 1659 institutum
1368 1595 1601 1680 existimamus,

366 1702 550 1785 quodcum
573 1702 759 1785 imploratio
784 1703 853 1765 eius
876 1700 1021 1765 ordiatur
1044 1702 1084 1766 ab
1109 1702 1160 1766 his
1212 1722 1216 1729 ·
1506 1743 1511 1752 -
1615 1728 1648 1767 ιο

885 1808 937 1873 σοὶ
961 1806 1050 1890 τάδ’,
1068 1807 1258 1893 Ἡράκλεις,
1282 1808 1381 1891 λέγω·

526 1913 669 2001 θνῄσκει
691 1917 798 1999 πατὴρ
824 1916 881 1992 σὸς
903 1916 958 1981 καὶ
980 1914 1079 1995 τέκν’,
1102 1917 1243 1998 ὄλλυμαι
1268 1914 1305 1979 d’
1328 1914 1403 1999 ἐγώ,

365 2023 475 2087 redeat
502 2025 538 2088 in
560 2024 624 2087 fine
647 2023 742 2087 adid
766 2023 854 2107 quod
877 2044 1039 2087 summum
1068 2027 1149 2105 erat,
1177 2026 1213 2087 οἳ
1233 2021 1331 2087 τέκνα
1354 2025 1521 2088 κτείνουσι
1548 2024 1608 2107 σοί,1

335 2130 341 2141 ”
367 2130 542 2195 admonens
566 2129 600 2195 in
624 2135 745 2215 quanto
769 2130 954 2195 discrimine
977 2130 1121 2195 filiorum
1145 2152 1214 2195 sors
1237 2129 1376 2193 haereat.

457 2235 520 2302 Sed
542 2237 813 2303 Wilamowitzius
840 2238 875 2301 in
902 2236 965 2300 hoo
991 2237 1140 2321 exemplo
1164 2236 1309 2301 additicii
1331 2258 1443 2301 versus
1466 2236 1608 2301 eandem.

366 2344 608 2428 interpolatoris
636 2366 766 2408 manum
793 2343 888 2429 prodi
915 2344 1044 2428 putavit
1071 2364 1153 2426 quae
1182 2343 1253 2407 aliie
1286 2343 1383 2407 huius
1415 2344 1608 2428 tragoediae·

364 2452 444 2517 loois
476 2474 575 2535 prava
603 2450 773 2515 sedulitate
801 2450 966 2535 Euripidis
995 2473 1106 2515 versus
1134 2450 1281 2534 augendo
1310 2450 1504 2515 deformarit.
1551 2450 1607 2515 De·

368 2558 485 2642 quibus
508 2558 654 2623 versibus
676 2559 813 2623 fortasse
841 2578 906 2621 non
934 2557 1049 2622 inutile
1078 2558 1139 2622 erit
1167 2559 1342 2650 superioris
1370 2558 1600 2642 disputationis

367 2686 462 2729 eausa
485 2666 518 2729 in
542 2669 727 2731 transcursu
752 2687 903 2748 quaerere
927 2665 1006 2748 quid
1032 2663 1200 2748 probabile
1229 2666 1280 2729 eit.
1326 2664 1470 2729 Primum
1499 2665 1601 2750 igitur

367 2771 537 2836 dicendum
560 2776 609 2837 est
631 2772 669 2836 de
688 2797 716 2837 v.
738 2772 834 2855 1108,
858 2772 913 2856 qui
933 2770 1082 2836 Herculis
1102 2771 1201 2856 ῥῆσιν
1220 2771 1349 2855 claudit,
1373 2794 1437 2856 qua
1455 2772 1483 2835 ie
1501 2772 1599 2837 modo
1614 2797 1650 2836 ao

367 2880 492 2945 excitus
520 2901 538 2944 e
566 2901 679 2945 somno
708 2881 967 2964 circumspiciens
996 2902 1030 2943 se
1058 2880 1141 2944 nihil
1168 2902 1279 2945 eorum
1307 2902 1389 2964 qnae
1417 2881 1502 2945 eirca
1525 2884 1601 2944 sunt

367 3007 542 3072 agnoscere
565 3008 674 3052 secum
698 2989 827 3074 cogitat,
852 2987 990 3072 denique
1014 2989 1048 3051 in
1070 2987 1150 3052 haec
1172 2986 1270 3051 rerba
1294 2987 1442 3070 erumpit:

397 3094 483 3158 1105
530 3097 566 3158 ἔκ
589 3118 640 3158 τοι
663 3077 864 3177 πέπληγμαι·
887 3104 952 3159 ποῦ
975 3093 1046 3159 ποτ’
1073 3095 1121 3159 ὢν
1145 3093 1315 3178 ἀμηγαυῶ;

528 3201 586 3285 ὠή,
610 3204 660 3277 τίς
683 3199 781 3283 ἐγγὺς
804 3200 823 3284 ἢ
848 3204 960 3286 πρόσω
984 3204 1094 3285 φίλων
1119 3199 1216 3287 ἐμῶν,

529 3309 714 3390 δύσγνοιαν
737 3307 826 3383 ὅστις
849 3309 910 3392 τὴν
934 3307 1015 3392 ἐμὴν
1040 3310 1178 3393 laicarum

438 3453 483 3461 —
530 3427 643 3497 σαφῶς
667 3417 729 3499 γὰρ
754 3411 855 3480 οὐδὲν
879 3407 955 3480 οἶδα
978 3427 1045 3480 τῶν
1069 3417 1249 3480 εἰωθότων.

366 3521 492 3586 Horum
521 3521 622 3606 igitur
649 3543 799 3587 versuum
827 3525 1004 3586 extremum
1028 3521 1299 3587 Wilamowitzius
1327 3522 1361 3585 in
1391 3523 1499 3587 eadem
1529 3523 1600 3587 offi-

368 3629 441 3694 cina
463 3650 536 3693 cum
559 3651 587 3692 v.
606 3628 683 3711 496,
706 3629 744 3692 de
768 3650 832 3713 quo
857 3651 954 3713 supra
976 3629 1194 3711 disseruimus,
1217 3633 1366 3713 paratum
1389 3628 1600 3693 confirmandi

368 3735 503 3800 oonsilio
524 3734 681 3800 inutiliter
700 3736 739 3800 ad
757 3738 915 3820 integram
936 3736 1114 3801 orationem
1134 3736 1294 3800 adiectum
1313 3736 1428 3800 statuit
1441 3737 1488 3800 sic
1502 3735 1600 3799 ratio-

368 3844 492 3907 cinatus
516 3841 624 3928 (Anal.
642 3842 755 3926 Eurip.
775 3839 854 3928 207)
884 3842 1058 3907 absurdum
1086 3865 1155 3908 esee
1183 3843 1223 3907 ab
1246 3842 1385 3907 Hercule
1413 3843 1475 3906 dici
1504 3842 1600 3906 ‘nihil
1614 3868 1650 3908 se

369 3949 458 4014 soliti
481 3949 571 4032 scio’,
595 3950 681 4033 quod
704 3971 778 4013 vero
803 3949 1037 4014 desideraretur
1061 3950 1155 4014 ‘nihil
1178 3951 1266 4014 soliti
1296 3948 1454 4036 agnosco'
1481 3951 1516 4012 in
1543 3949 1600 4014 illa

367 4057 514 4122 oratione
545 4056 649 4122 inesse
681 4078 747 4120 non
779 4077 882 4140 posse.
932 4057 1104 4142 Largimur
1140 4057 1286 4141 potuisse
1317 4079 1445 4121 versum
1479 4057 1598 4122 abessa.

368 4161 511 4239 Quidni?
534 4163 591 4246 qui
613 4162 697 4226 nihil
719 4163 843 4247 proprii
865 4163 963 4230 habet
985 4163 1048 4229 nisi
1072 4164 1159 4247 quod
1180 4165 1317 4247 priorem
1336 4165 1527 4228 sententiam
1546 4185 1599 4227 ex-

366 4269 469 4353 plicat
492 4274 524 4333 et
547 4270 723 4334 confirmat.
770 4270 970 4355 Quamquam
994 4272 1073 4335 talia
1096 4270 1184 4354 addi,
1210 4292 1251 4334 ne
1274 4270 1306 4334 id
1330 4271 1459 4353 quidem
1482 4293 1502 4334 a
1524 4292 1600 4335 con-

368 4376 538 4442 suetudine
565 4381 733 4461 poetarum
762 4377 900 4441 alienum
929 4381 990 4460 est,
1018 4380 1050 4440 at
1080 4378 1107 4440 ei
1136 4376 1213 4460 quid
1241 4378 1309 4440 eius
1338 4377 1423 4442 modi
1451 4376 1505 4440 hio
1532 4377 1600 4441 illic

368 4505 442 4547 rere
473 4483 514 4547 ab
542 4483 828 4568 interpolatoribus
856 4483 1015 4549 adiectum
1048 4483 1181 4569 legitur,
1213 4484 1363 4548 credibile
1395 4488 1444 4549 est
1477 4507 1531 4548 eos
1559 4485 1599 4548 ad

366 4594 536 4675 poetarum
568 4612 662 4655 usum
696 4613 729 4654 ae
762 4591 1028 4655 accommodasse.
1083 4590 1149 4655 Sed
1180 4593 1398 4656 controversia
1434 4591 1472 4654 de
1504 4612 1601 4654 versu

366 4701 480 4761 nostro
504 4697 588 4762 redit
611 4697 650 4762 ad
673 4697 901 4782 explorandam
924 4698 990 4762 vim
1015 4702 1048 4761 et
1071 4700 1262 4763 seutentiam
1286 4699 1375 4763 verbi
1398 4692 1484 4778 οἶδα,
1513 4696 1600 4778 quod

367 4805 397 4868 ei
419 4803 537 4868 habeat
560 4826 628 4868 eam
654 4827 749 4889 qnam
774 4803 828 4869 ille
851 4810 948 4890 negat
978 4805 1172 4890 agnoscendi
1200 4804 1413 4890 cognoscendi
1441 4801 1607 4884 significa-
