<?xml version="1.0" encoding="UTF-8"?>
<!DOCTYPE html PUBLIC "-//W3C//DTD XHTML 1.0 Transitional//EN"
    "http://www.w3.org/TR/xhtml1/DTD/xhtml1-transitional.dtd">
<html xmlns="http://www.w3.org/1999/xhtml" xml:lang="en" lang="en">
 <head>
  <title>
</title>
<meta http-equiv="Content-Type" content="text/html;charset=utf-8" />
  <meta name='ocr-system' content='tesseract 3.04.00' />
  <meta name='ocr-capabilities' content='ocr_page ocr_carea ocr_par ocr_line ocrx_word'/>
</head>
<body>
  <div class='ocr_page' id='page_1' title='image "./iohannisvahleni00vahlgoog/iohannisvahleni00vahlgoog_0385.png"; bbox 0 0 3967 5725; ppageno 0'>
   <div class='ocr_carea' id='block_1_1' title="bbox 561 659 1577 724">
    <p class='ocr_par' dir='ltr' id='par_1_1' title="bbox 561 659 1577 724">
     <span class='ocr_line' id='line_1_1' title="bbox 561 659 1577 724; baseline 0.004 -14"><span class='ocrx_word' id='word_1_1' title='bbox 561 659 743 710; x_wconf 84' lang='lat' dir='ltr'><strong>SERMONIS</strong></span> <span class='ocrx_word' id='word_1_2' title='bbox 760 659 956 710; x_wconf 78' lang='lat' dir='ltr'>PLATONICI</span> <span class='ocrx_word' id='word_1_3' title='bbox 975 659 1271 711; x_wconf 77' lang='lat' dir='ltr'><strong>OBSERVATIONES</strong></span> <span class='ocrx_word' id='word_1_4' title='bbox 1289 661 1326 712; x_wconf 91' lang='lat'><strong>11.</strong></span> <span class='ocrx_word' id='word_1_5' title='bbox 1511 659 1577 724; x_wconf 71' lang='grc'><strong>387</strong></span> 
     </span>
    </p>
   </div>
   <div class='ocr_carea' id='block_1_2' title="bbox 344 821 1580 1228">
    <p class='ocr_par' dir='ltr' id='par_1_2' title="bbox 344 821 1580 1228">
     <span class='ocr_line' id='line_1_2' title="bbox 344 821 1579 908; baseline 0.002 -22"><span class='ocrx_word' id='word_1_6' title='bbox 344 826 469 907; x_wconf 87' lang='lat' dir='ltr'><strong>partem</strong></span> <span class='ocrx_word' id='word_1_7' title='bbox 489 822 569 906; x_wconf 90' lang='lat' dir='ltr'><strong>eripi</strong></span> <span class='ocrx_word' id='word_1_8' title='bbox 588 821 760 905; x_wconf 90' lang='lat' dir='ltr'><strong>patientur,</strong></span> <span class='ocrx_word' id='word_1_9' title='bbox 779 841 851 885; x_wconf 91' lang='lat' dir='ltr'><strong>curn</strong></span> <span class='ocrx_word' id='word_1_10' title='bbox 870 821 1060 905; x_wconf 87' lang='lat' dir='ltr'><strong>praesertim</strong></span> <span class='ocrx_word' id='word_1_11' title='bbox 1079 821 1238 885; x_wconf 87' lang='lat' dir='ltr'><strong>sententia</strong></span> <span class='ocrx_word' id='word_1_12' title='bbox 1256 821 1327 906; x_wconf 84' lang='lat' dir='ltr'><strong>ipsa</strong></span> <span class='ocrx_word' id='word_1_13' title='bbox 1341 823 1472 908; x_wconf 84' lang='lat' dir='ltr'><strong>gravius</strong></span> <span class='ocrx_word' id='word_1_14' title='bbox 1488 825 1579 908; x_wconf 89' lang='lat' dir='ltr'><strong>quid-</strong></span> 
     </span>
     <span class='ocr_line' id='line_1_3' title="bbox 345 927 1578 1013; baseline 0.001 -20"><span class='ocrx_word' id='word_1_15' title='bbox 345 930 419 993; x_wconf 86' lang='lat' dir='ltr'><strong>dam</strong></span> <span class='ocrx_word' id='word_1_16' title='bbox 452 951 548 1013; x_wconf 90' lang='lat' dir='ltr'><strong>quam</strong></span> <span class='ocrx_word' id='word_1_17' title='bbox 581 927 717 1012; x_wconf 83' lang='lat' dir='ltr'><strong>simplex</strong></span> <span class='ocrx_word' id='word_1_18' title='bbox 749 938 856 1004; x_wconf 80' lang='grc' dir='ltr'><strong><em>κακῶς</em></strong></span> <span class='ocrx_word' id='word_1_19' title='bbox 888 927 1023 994; x_wconf 81' lang='grc' dir='ltr'><strong><em>ἀκούειν</em></strong></span> <span class='ocrx_word' id='word_1_20' title='bbox 1055 949 1186 1012; x_wconf 88' lang='lat' dir='ltr'><strong>poscere</strong></span> <span class='ocrx_word' id='word_1_21' title='bbox 1213 927 1367 994; x_wconf 84' lang='lat' dir='ltr'><strong>videatur.</strong></span> <span class='ocrx_word' id='word_1_22' title='bbox 1411 927 1465 995; x_wconf 90' lang='lat' dir='ltr'><strong>Sic</strong></span> <span class='ocrx_word' id='word_1_23' title='bbox 1492 931 1578 994; x_wconf 88' lang='lat' dir='ltr'><strong>enim</strong></span> 
     </span>
     <span class='ocr_line' id='line_1_4' title="bbox 344 1033 1579 1122; baseline 0.002 -22"><span class='ocrx_word' id='word_1_24' title='bbox 344 1036 429 1100; x_wconf 91' lang='lat' dir='ltr'><strong>redit</strong></span> <span class='ocrx_word' id='word_1_25' title='bbox 447 1033 595 1102; x_wconf 74' lang='lat' dir='ltr'><strong>Socrates</strong></span> <span class='ocrx_word' id='word_1_26' title='bbox 619 1036 658 1100; x_wconf 92' lang='lat' dir='ltr'><strong>ad</strong></span> <span class='ocrx_word' id='word_1_27' title='bbox 682 1056 819 1119; x_wconf 86' lang='lat' dir='ltr'><strong>eaquae</strong></span> <span class='ocrx_word' id='word_1_28' title='bbox 838 1034 1030 1120; x_wconf 81' lang='lat' dir='ltr'><strong>singillatim</strong></span> <span class='ocrx_word' id='word_1_29' title='bbox 1049 1039 1122 1099; x_wconf 89' lang='lat' dir='ltr'><strong>ante</strong></span> <span class='ocrx_word' id='word_1_30' title='bbox 1142 1037 1292 1118; x_wconf 80' lang='lat' dir='ltr'><strong>exposuit</strong></span> <span class='ocrx_word' id='word_1_31' title='bbox 1310 1059 1340 1120; x_wconf 93' lang='lat' dir='ltr'><strong>p.</strong></span> <span class='ocrx_word' id='word_1_32' title='bbox 1360 1036 1412 1122; x_wconf 87' lang='lat'><strong>33,</strong></span> <span class='ocrx_word' id='word_1_33' title='bbox 1433 1037 1474 1102; x_wconf 89' lang='lat'><strong>18</strong></span> <span class='ocrx_word' id='word_1_34' title='bbox 1498 1043 1579 1103; x_wconf 91' lang='grc' dir='ltr'><strong><em>πλα-</em></strong></span> 
     </span>
     <span class='ocr_line' id='line_1_5' title="bbox 345 1138 1580 1228; baseline 0.002 -20"><span class='ocrx_word' id='word_1_35' title='bbox 345 1155 452 1227; x_wconf 82' lang='grc' dir='ltr'><strong><em>νῶμαι</em></strong></span> <span class='ocrx_word' id='word_1_36' title='bbox 481 1143 544 1226; x_wconf 76' lang='grc' dir='ltr'><strong>μὲν</strong></span> <span class='ocrx_word' id='word_1_37' title='bbox 572 1140 627 1207; x_wconf 85' lang='grc' dir='ltr'><strong>καλ</strong></span> <span class='ocrx_word' id='word_1_38' title='bbox 656 1141 769 1224; x_wconf 89' lang='grc' dir='ltr'><strong><em>ἀπορῶ</em></strong></span> <span class='ocrx_word' id='word_1_39' title='bbox 797 1141 861 1227; x_wconf 86' lang='grc' dir='ltr'><strong><em>ἀεί,</em></strong></span> <span class='ocrx_word' id='word_1_40' title='bbox 894 1141 1083 1218; x_wconf 83' lang='grc' dir='ltr'><strong><em>ἐπιδεικνὺς</em></strong></span> <span class='ocrx_word' id='word_1_41' title='bbox 1110 1138 1148 1207; x_wconf 70' lang='grc' dir='ltr'><strong>δὲ</strong></span> <span class='ocrx_word' id='word_1_42' title='bbox 1176 1142 1236 1226; x_wconf 81' lang='grc' dir='ltr'><strong>την</strong></span> <span class='ocrx_word' id='word_1_43' title='bbox 1264 1142 1408 1226; x_wconf 83' lang='grc' dir='ltr'><em>ἐμαυτοῦ</em></span> <span class='ocrx_word' id='word_1_44' title='bbox 1437 1143 1580 1228; x_wconf 81' lang='grc' dir='ltr'><strong><em>ἀπορίαν</em></strong></span> 
     </span>
    </p>
   </div>
   <div class='ocr_carea' id='block_1_3' title="bbox 289 1244 1810 4866">
    <p class='ocr_par' dir='ltr' id='par_1_3' title="bbox 289 1244 1810 4866">
     <span class='ocr_line' id='line_1_6' title="bbox 344 1244 1579 1336; baseline 0.002 -21"><span class='ocrx_word' id='word_1_45' title='bbox 344 1250 426 1335; x_wconf 87' lang='grc' dir='ltr'><strong><em>ὑμῖν</em></strong></span> <span class='ocrx_word' id='word_1_46' title='bbox 449 1260 518 1326; x_wconf 89' lang='grc' dir='ltr'><strong><em>τοῖς</em></strong></span> <span class='ocrx_word' id='word_1_47' title='bbox 541 1261 661 1334; x_wconf 85' lang='grc' dir='ltr'><strong><em>σοφοῖς</em></strong></span> <span class='ocrx_word' id='word_1_48' title='bbox 683 1251 771 1336; x_wconf 78' lang='grc' dir='ltr'><strong><em>λόγῳ</em></strong></span> <span class='ocrx_word' id='word_1_49' title='bbox 795 1244 838 1314; x_wconf 84' lang='grc' dir='ltr'><strong><em>αὖ</em></strong></span> <span class='ocrx_word' id='word_1_50' title='bbox 861 1248 927 1314; x_wconf 84' lang='grc' dir='ltr'><strong>ὑπὸ</strong></span> <span class='ocrx_word' id='word_1_51' title='bbox 951 1249 1047 1331; x_wconf 85' lang='grc' dir='ltr'><strong><em>ὑμῶν</em></strong></span> <span class='ocrx_word' id='word_1_52' title='bbox 1067 1253 1424 1334; x_wconf 77' lang='grc' dir='ltr'><strong><em>προπηλακίζομαι,</em></strong></span> <span class='ocrx_word' id='word_1_53' title='bbox 1444 1249 1579 1317; x_wconf 82' lang='grc' dir='ltr'><strong><em>ἐπειδὰν</em></strong></span> 
     </span>
     <span class='ocr_line' id='line_1_7' title="bbox 344 1354 1578 1439; baseline 0.001 -17"><span class='ocrx_word' id='word_1_54' title='bbox 344 1355 510 1439; x_wconf 78' lang='grc' dir='ltr'><strong><em>ἐπιδείξω,</em></strong></span> <span class='ocrx_word' id='word_1_55' title='bbox 533 1360 566 1421; x_wconf 92' lang='lat' dir='ltr'><strong>et</strong></span> <span class='ocrx_word' id='word_1_56' title='bbox 587 1377 699 1419; x_wconf 86' lang='lat' dir='ltr'><strong>rursus</strong></span> <span class='ocrx_word' id='word_1_57' title='bbox 722 1354 766 1419; x_wconf 77' lang='lat'><strong>25</strong></span> <span class='ocrx_word' id='word_1_58' title='bbox 789 1355 854 1420; x_wconf 89' lang='grc' dir='ltr'><strong>ὑπό</strong></span> <span class='ocrx_word' id='word_1_59' title='bbox 878 1379 913 1420; x_wconf 89' lang='grc' dir='ltr'><strong><em>τε</em></strong></span> <span class='ocrx_word' id='word_1_60' title='bbox 936 1357 1049 1420; x_wconf 87' lang='grc' dir='ltr'><strong><em>ἀλλων</em></strong></span> <span class='ocrx_word' id='word_1_61' title='bbox 1071 1367 1174 1422; x_wconf 84' lang='grc' dir='ltr'><strong><em>τινῶν</em></strong></span> <span class='ocrx_word' id='word_1_62' title='bbox 1197 1367 1265 1421; x_wconf 87' lang='grc' dir='ltr'><strong>τῶν</strong></span> <span class='ocrx_word' id='word_1_63' title='bbox 1288 1355 1411 1422; x_wconf 86' lang='grc' dir='ltr'><strong><em>ένθάδε</em></strong></span> <span class='ocrx_word' id='word_1_64' title='bbox 1434 1360 1488 1423; x_wconf 82' lang='grc' dir='ltr'><strong>καὶ</strong></span> <span class='ocrx_word' id='word_1_65' title='bbox 1513 1359 1578 1423; x_wconf 87' lang='grc' dir='ltr'><strong>ὑπὸ</strong></span> 
     </span>
     <span class='ocr_line' id='line_1_8' title="bbox 343 1461 1579 1547; baseline 0.001 -18"><span class='ocrx_word' id='word_1_66' title='bbox 343 1465 467 1529; x_wconf 81' lang='grc' dir='ltr'><strong><em>τούτου</em></strong></span> <span class='ocrx_word' id='word_1_67' title='bbox 485 1471 546 1528; x_wconf 90' lang='grc' dir='ltr'><strong>τοῦ</strong></span> <span class='ocrx_word' id='word_1_68' title='bbox 566 1461 751 1547; x_wconf 84' lang='grc' dir='ltr'><strong><em>ἀνθρώπου</em></strong></span> <span class='ocrx_word' id='word_1_69' title='bbox 770 1470 830 1528; x_wconf 81' lang='grc' dir='ltr'><strong>τοῦ</strong></span> <span class='ocrx_word' id='word_1_70' title='bbox 849 1461 904 1527; x_wconf 89' lang='grc' dir='ltr'><strong>ἀεί</strong></span> <span class='ocrx_word' id='word_1_71' title='bbox 919 1486 960 1547; x_wconf 88' lang='grc' dir='ltr'><strong><em>με</em></strong></span> <span class='ocrx_word' id='word_1_72' title='bbox 979 1461 1171 1547; x_wconf 80' lang='grc' dir='ltr'><strong><em>ἐλέγχοντος</em></strong></span> <span class='ocrx_word' id='word_1_73' title='bbox 1190 1464 1315 1529; x_wconf 88' lang='grc' dir='ltr'><strong><em>πάντα</em></strong></span> <span class='ocrx_word' id='word_1_74' title='bbox 1328 1467 1425 1530; x_wconf 89' lang='grc' dir='ltr'><strong>κακά</strong></span> <span class='ocrx_word' id='word_1_75' title='bbox 1440 1465 1579 1530; x_wconf 92' lang='grc' dir='ltr'><strong><em>ἀκούω.</em></strong></span> 
     </span>
     <span class='ocr_line' id='line_1_9' title="bbox 344 1567 1579 1656; baseline 0.001 -21"><span class='ocrx_word' id='word_1_76' title='bbox 344 1570 432 1648; x_wconf 86' lang='lat' dir='ltr'><strong>Quae</strong></span> <span class='ocrx_word' id='word_1_77' title='bbox 456 1571 608 1654; x_wconf 90' lang='lat' dir='ltr'><strong>quoniam</strong></span> <span class='ocrx_word' id='word_1_78' title='bbox 630 1590 718 1634; x_wconf 90' lang='lat' dir='ltr'><strong>nunc</strong></span> <span class='ocrx_word' id='word_1_79' title='bbox 741 1569 968 1653; x_wconf 73' lang='lat' dir='ltr'><strong>complectitur</strong></span> <span class='ocrx_word' id='word_1_80' title='bbox 990 1567 1152 1648; x_wconf 83' lang='lat' dir='ltr'><strong>Socrates,</strong></span> <span class='ocrx_word' id='word_1_81' title='bbox 1177 1571 1248 1654; x_wconf 92' lang='lat' dir='ltr'><strong>quis</strong></span> <span class='ocrx_word' id='word_1_82' title='bbox 1272 1593 1338 1635; x_wconf 90' lang='lat' dir='ltr'><strong>non</strong></span> <span class='ocrx_word' id='word_1_83' title='bbox 1361 1572 1473 1656; x_wconf 81' lang='lat' dir='ltr'><strong>sentit,</strong></span> <span class='ocrx_word' id='word_1_84' title='bbox 1495 1572 1579 1636; x_wconf 88' lang='lat' dir='ltr'><strong>nihil</strong></span> 
     </span>
     <span class='ocr_line' id='line_1_10' title="bbox 343 1676 1579 1763; baseline 0.002 -21"><span class='ocrx_word' id='word_1_85' title='bbox 343 1679 452 1762; x_wconf 87' lang='lat' dir='ltr'><strong>aptius</strong></span> <span class='ocrx_word' id='word_1_86' title='bbox 475 1676 575 1741; x_wconf 89' lang='lat' dir='ltr'><strong>fuisse</strong></span> <span class='ocrx_word' id='word_1_87' title='bbox 599 1698 704 1763; x_wconf 92' lang='lat' dir='ltr'><strong>quam,</strong></span> <span class='ocrx_word' id='word_1_88' title='bbox 728 1698 793 1760; x_wconf 92' lang='lat' dir='ltr'><strong>quo</strong></span> <span class='ocrx_word' id='word_1_89' title='bbox 816 1677 922 1742; x_wconf 91' lang='lat' dir='ltr'><strong>acrior</strong></span> <span class='ocrx_word' id='word_1_90' title='bbox 944 1681 1029 1741; x_wconf 91' lang='lat' dir='ltr'><strong>esset</strong></span> <span class='ocrx_word' id='word_1_91' title='bbox 1051 1677 1293 1742; x_wconf 87' lang='lat' dir='ltr'><strong>maledicentiae</strong></span> <span class='ocrx_word' id='word_1_92' title='bbox 1315 1683 1347 1743; x_wconf 93' lang='lat' dir='ltr'><strong>et</strong></span> <span class='ocrx_word' id='word_1_93' title='bbox 1366 1679 1579 1745; x_wconf 86' lang='lat' dir='ltr'><strong>contumeliae</strong></span> 
     </span>
     <span class='ocr_line' id='line_1_11' title="bbox 344 1781 1628 1871; baseline 0.007 -22"><span class='ocrx_word' id='word_1_94' title='bbox 344 1784 549 1871; x_wconf 85' lang='lat' dir='ltr'><strong>significatio,</strong></span> <span class='ocrx_word' id='word_1_95' title='bbox 567 1781 625 1848; x_wconf 86' lang='lat' dir='ltr'><strong>illa</strong></span> <span class='ocrx_word' id='word_1_96' title='bbox 643 1783 707 1848; x_wconf 93' lang='lat' dir='ltr'><strong>duo</strong></span> <span class='ocrx_word' id='word_1_97' title='bbox 726 1783 824 1848; x_wconf 84' lang='lat' dir='ltr'><strong>verba</strong></span> <span class='ocrx_word' id='word_1_98' title='bbox 841 1795 949 1860; x_wconf 84' lang='grc' dir='ltr'><strong><em>κακῶς</em></strong></span> <span class='ocrx_word' id='word_1_99' title='bbox 967 1783 1105 1850; x_wconf 83' lang='grc' dir='ltr'><strong><em>ἀκούειν</em></strong></span> <span class='ocrx_word' id='word_1_100' title='bbox 1123 1783 1178 1850; x_wconf 83' lang='grc' dir='ltr'><strong>καὶ</strong></span> <span class='ocrx_word' id='word_1_101' title='bbox 1193 1785 1416 1866; x_wconf 77' lang='grc' dir='ltr'><strong><em>ὀνειδίζεσθαι</em></strong></span> <span class='ocrx_word' id='word_1_102' title='bbox 1429 1788 1463 1852; x_wconf 91' lang='lat' dir='ltr'><strong>in</strong></span> <span class='ocrx_word' id='word_1_103' title='bbox 1477 1809 1578 1852; x_wconf 86' lang='lat' dir='ltr'><strong>unum</strong></span> <span class='ocrx_word' id='word_1_104' title='bbox 1593 1818 1628 1858; x_wconf 72' lang='lat' dir='ltr'><strong>ro»</strong></span> 
     </span>
     <span class='ocr_line' id='line_1_12' title="bbox 343 1888 1580 1978; baseline 0.002 -22"><span class='ocrx_word' id='word_1_105' title='bbox 343 1890 559 1978; x_wconf 72' lang='lat' dir='ltr'><strong>coniungere?</strong></span> <span class='ocrx_word' id='word_1_106' title='bbox 583 1890 628 1956; x_wconf 88' lang='lat' dir='ltr'><strong>At</strong></span> <span class='ocrx_word' id='word_1_107' title='bbox 652 1888 792 1955; x_wconf 85' lang='lat' dir='ltr'><strong>Cobetns</strong></span> <span class='ocrx_word' id='word_1_108' title='bbox 814 1889 1075 1975; x_wconf 90' lang='lat' dir='ltr'><strong>Hartmanusque</strong></span> <span class='ocrx_word' id='word_1_109' title='bbox 1099 1891 1295 1976; x_wconf 90' lang='lat' dir='ltr'><strong>anaphoram</strong></span> <span class='ocrx_word' id='word_1_110' title='bbox 1320 1916 1416 1977; x_wconf 85' lang='lat' dir='ltr'><strong>quam</strong></span> <span class='ocrx_word' id='word_1_111' title='bbox 1441 1895 1580 1977; x_wconf 88' lang='lat' dir='ltr'><strong>scriptor</strong></span> 
     </span>
     <span class='ocr_line' id='line_1_13' title="bbox 342 1997 1578 2080; baseline 0.002 -17"><span class='ocrx_word' id='word_1_112' title='bbox 342 1998 482 2063; x_wconf 87' lang='lat' dir='ltr'><strong>voluerit</strong></span> <span class='ocrx_word' id='word_1_113' title='bbox 509 1999 544 2062; x_wconf 92' lang='lat' dir='ltr'><strong>in</strong></span> <span class='ocrx_word' id='word_1_114' title='bbox 572 1997 623 2062; x_wconf 91' lang='lat' dir='ltr'><strong>his</strong></span> <span class='ocrx_word' id='word_1_115' title='bbox 651 2008 758 2074; x_wconf 83' lang='grc' dir='ltr'><strong><em>κακῶς</em></strong></span> <span class='ocrx_word' id='word_1_116' title='bbox 780 1997 842 2080; x_wconf 79' lang='grc' dir='ltr'><strong>μὲν</strong></span> <span class='ocrx_word' id='word_1_117' title='bbox 864 2035 908 2043; x_wconf 92' lang='grc'>-</span> <span class='ocrx_word' id='word_1_118' title='bbox 931 2009 1039 2075; x_wconf 86' lang='grc' dir='ltr'><strong><em>κακῶς</em></strong></span> <span class='ocrx_word' id='word_1_119' title='bbox 1068 1999 1105 2064; x_wconf 82' lang='grc' dir='ltr'><strong>δὲ</strong></span> <span class='ocrx_word' id='word_1_120' title='bbox 1130 1999 1239 2064; x_wconf 88' lang='lat' dir='ltr'><strong>addito</strong></span> <span class='ocrx_word' id='word_1_121' title='bbox 1263 2001 1364 2065; x_wconf 86' lang='lat' dir='ltr'><strong>altero</strong></span> <span class='ocrx_word' id='word_1_122' title='bbox 1388 2001 1486 2065; x_wconf 89' lang='lat' dir='ltr'><strong>verbo</strong></span> <span class='ocrx_word' id='word_1_123' title='bbox 1511 2022 1578 2065; x_wconf 91' lang='lat' dir='ltr'><strong>cor·</strong></span> 
     </span>
     <span class='ocr_line' id='line_1_14' title="bbox 342 2105 1584 2192; baseline 0 -22"><span class='ocrx_word' id='word_1_124' title='bbox 342 2109 450 2190; x_wconf 88' lang='lat' dir='ltr'><strong>rumpi</strong></span> <span class='ocrx_word' id='word_1_125' title='bbox 477 2105 639 2170; x_wconf 90' lang='lat' dir='ltr'><strong>affirmant</strong></span> <span class='ocrx_word' id='word_1_126' title='bbox 667 2125 769 2189; x_wconf 89' lang='lat' dir='ltr'><strong>eoque</strong></span> <span class='ocrx_word' id='word_1_127' title='bbox 796 2106 933 2170; x_wconf 88' lang='lat' dir='ltr'><strong>maxime</strong></span> <span class='ocrx_word' id='word_1_128' title='bbox 961 2105 1120 2191; x_wconf 85' lang='lat' dir='ltr'><strong>originem</strong></span> <span class='ocrx_word' id='word_1_129' title='bbox 1143 2106 1355 2191; x_wconf 85' lang='lat' dir='ltr'><strong>interpolatae</strong></span> <span class='ocrx_word' id='word_1_130' title='bbox 1378 2108 1466 2173; x_wconf 88' lang='lat' dir='ltr'><strong>vocis</strong></span> <span class='ocrx_word' id='word_1_131' title='bbox 1491 2111 1584 2192; x_wconf 91' lang='lat' dir='ltr'><strong>pate--</strong></span> 
     </span>
     <span class='ocr_line' id='line_1_15' title="bbox 342 2210 1578 2299; baseline 0.001 -23"><span class='ocrx_word' id='word_1_132' title='bbox 342 2213 420 2278; x_wconf 90' lang='lat' dir='ltr'><strong>fieri.</strong></span> <span class='ocrx_word' id='word_1_133' title='bbox 458 2210 527 2289; x_wconf 81' lang='lat' dir='ltr'><strong>Qua</strong></span> <span class='ocrx_word' id='word_1_134' title='bbox 550 2213 584 2277; x_wconf 91' lang='lat' dir='ltr'><strong>in</strong></span> <span class='ocrx_word' id='word_1_135' title='bbox 602 2234 637 2277; x_wconf 91' lang='lat' dir='ltr'><strong>re</strong></span> <span class='ocrx_word' id='word_1_136' title='bbox 655 2234 714 2277; x_wconf 91' lang='lat' dir='ltr'><strong>nos</strong></span> <span class='ocrx_word' id='word_1_137' title='bbox 732 2213 829 2299; x_wconf 84' lang='lat' dir='ltr'><strong>longe</strong></span> <span class='ocrx_word' id='word_1_138' title='bbox 848 2212 887 2277; x_wconf 88' lang='lat' dir='ltr'><strong>ab</strong></span> <span class='ocrx_word' id='word_1_139' title='bbox 908 2212 1039 2278; x_wconf 87' lang='lat' dir='ltr'><strong>illorum</strong></span> <span class='ocrx_word' id='word_1_140' title='bbox 1058 2218 1164 2277; x_wconf 89' lang='lat' dir='ltr'><strong>mente</strong></span> <span class='ocrx_word' id='word_1_141' title='bbox 1183 2213 1384 2279; x_wconf 87' lang='lat' dir='ltr'><strong>discedimus.</strong></span> <span class='ocrx_word' id='word_1_142' title='bbox 1417 2212 1578 2280; x_wconf 87' lang='lat' dir='ltr'><strong>Suadente</strong></span> 
     </span>
     <span class='ocr_line' id='line_1_16' title="bbox 343 2319 1583 2403; baseline 0.001 -18"><span class='ocrx_word' id='word_1_143' title='bbox 343 2322 430 2386; x_wconf 90' lang='lat' dir='ltr'><strong>enim</strong></span> <span class='ocrx_word' id='word_1_144' title='bbox 453 2319 665 2385; x_wconf 88' lang='lat' dir='ltr'><strong>collocatione</strong></span> <span class='ocrx_word' id='word_1_145' title='bbox 687 2321 860 2386; x_wconf 88' lang='lat' dir='ltr'><strong>verborum</strong></span> <span class='ocrx_word' id='word_1_146' title='bbox 884 2331 1009 2396; x_wconf 87' lang='grc' dir='ltr'><strong><em>κακῶς</em></strong></span> <span class='ocrx_word' id='word_1_147' title='bbox 1032 2320 1094 2401; x_wconf 79' lang='grc' dir='ltr'><strong>μὲν</strong></span> <span class='ocrx_word' id='word_1_148' title='bbox 1117 2320 1182 2386; x_wconf 88' lang='grc' dir='ltr'><strong>ὑπὸ</strong></span> <span class='ocrx_word' id='word_1_149' title='bbox 1205 2321 1301 2403; x_wconf 86' lang='grc' dir='ltr'><strong><em>ὑμῶν</em></strong></span> <span class='ocrx_word' id='word_1_150' title='bbox 1320 2321 1483 2386; x_wconf 87' lang='grc' dir='ltr'><strong><em>ἀκούειν</em></strong></span> <span class='ocrx_word' id='word_1_151' title='bbox 1502 2341 1531 2385; x_wconf 86' lang='grc' dir='ltr'><strong><em>κ.</em></strong></span> <span class='ocrx_word' id='word_1_152' title='bbox 1550 2320 1583 2386; x_wconf 83' lang='grc' dir='ltr'><strong>ὀ..</strong></span> 
     </span>
     <span class='ocr_line' id='line_1_17' title="bbox 343 2424 1582 2511; baseline 0.001 -19"><span class='ocrx_word' id='word_1_153' title='bbox 343 2427 497 2493; x_wconf 90' lang='lat' dir='ltr'><strong>orationis</strong></span> <span class='ocrx_word' id='word_1_154' title='bbox 524 2427 662 2492; x_wconf 84' lang='lat' dir='ltr'><strong>formam</strong></span> <span class='ocrx_word' id='word_1_155' title='bbox 691 2426 738 2492; x_wconf 92' lang='lat' dir='ltr'><strong>sic</strong></span> <span class='ocrx_word' id='word_1_156' title='bbox 765 2447 834 2490; x_wconf 87' lang='lat' dir='ltr'><strong>csse</strong></span> <span class='ocrx_word' id='word_1_157' title='bbox 862 2426 1071 2491; x_wconf 82' lang='lat' dir='ltr'><strong>evolvendam</strong></span> <span class='ocrx_word' id='word_1_158' title='bbox 1099 2427 1272 2492; x_wconf 86' lang='lat' dir='ltr'><strong>statuimus</strong></span> <span class='ocrx_word' id='word_1_159' title='bbox 1297 2440 1405 2504; x_wconf 82' lang='grc' dir='ltr'><strong><em>κακῶς</em></strong></span> <span class='ocrx_word' id='word_1_160' title='bbox 1427 2424 1490 2511; x_wconf 73' lang='grc' dir='ltr'><strong>μὲν</strong></span> <span class='ocrx_word' id='word_1_161' title='bbox 1512 2428 1582 2494; x_wconf 79' lang='grc' dir='ltr'><strong>ὑπὸ</strong></span> 
     </span>
     <span class='ocr_line' id='line_1_18' title="bbox 342 2531 1583 2622; baseline -0.001 -21"><span class='ocrx_word' id='word_1_162' title='bbox 342 2536 437 2617; x_wconf 80' lang='grc' dir='ltr'><strong><em>ὑμῶν</em></strong></span> <span class='ocrx_word' id='word_1_163' title='bbox 467 2534 603 2600; x_wconf 88' lang='grc' dir='ltr'><strong><em>ἀκούειν</em></strong></span> <span class='ocrx_word' id='word_1_164' title='bbox 629 2531 684 2598; x_wconf 81' lang='grc' dir='ltr'><strong>καί</strong></span> <span class='ocrx_word' id='word_1_165' title='bbox 712 2532 949 2618; x_wconf 74' lang='grc' dir='ltr'><strong><em>ὀνειδίζεσθαι,</em></strong></span> <span class='ocrx_word' id='word_1_166' title='bbox 981 2545 1089 2610; x_wconf 82' lang='grc' dir='ltr'><strong><em>κακῶς</em></strong></span> <span class='ocrx_word' id='word_1_167' title='bbox 1117 2534 1154 2599; x_wconf 77' lang='grc' dir='ltr'><strong>δὲ</strong></span> <span class='ocrx_word' id='word_1_168' title='bbox 1181 2532 1238 2599; x_wconf 85' lang='grc' dir='ltr'><strong>ὑπ’</strong></span> <span class='ocrx_word' id='word_1_169' title='bbox 1269 2532 1399 2600; x_wconf 79' lang='grc' dir='ltr'><strong><em>ἐκείνου</em></strong></span> <span class='ocrx_word' id='word_1_170' title='bbox 1428 2531 1583 2622; x_wconf 88' lang='grc' dir='ltr'><strong><em>(ἀκούειν</em></strong></span> 
     </span>
     <span class='ocr_line' id='line_1_19' title="bbox 289 2637 1579 2726; baseline 0.003 -24"><span class='ocrx_word' id='word_1_171' title='bbox 289 2647 326 2702; x_wconf 92' lang='grc'><strong>11</strong></span> <span class='ocrx_word' id='word_1_172' title='bbox 343 2642 398 2707; x_wconf 86' lang='grc' dir='ltr'><strong>καλ</strong></span> <span class='ocrx_word' id='word_1_173' title='bbox 422 2637 667 2725; x_wconf 84' lang='grc' dir='ltr'><strong><em>όνειδιζεσθαι).</em></strong></span> <span class='ocrx_word' id='word_1_174' title='bbox 704 2638 751 2704; x_wconf 87' lang='lat' dir='ltr'><strong>Ut</strong></span> <span class='ocrx_word' id='word_1_175' title='bbox 773 2639 932 2704; x_wconf 88' lang='lat' dir='ltr'><strong>adiectum</strong></span> <span class='ocrx_word' id='word_1_176' title='bbox 957 2641 1104 2724; x_wconf 84' lang='lat' dir='ltr'><strong>verbum,</strong></span> <span class='ocrx_word' id='word_1_177' title='bbox 1128 2640 1214 2725; x_wconf 94' lang='lat' dir='ltr'><strong>quod</strong></span> <span class='ocrx_word' id='word_1_178' title='bbox 1237 2663 1303 2706; x_wconf 94' lang='lat' dir='ltr'><strong>non</strong></span> <span class='ocrx_word' id='word_1_179' title='bbox 1326 2645 1435 2726; x_wconf 89' lang='lat' dir='ltr'><strong>potest</strong></span> <span class='ocrx_word' id='word_1_180' title='bbox 1457 2664 1523 2706; x_wconf 90' lang='lat' dir='ltr'><strong>non</strong></span> <span class='ocrx_word' id='word_1_181' title='bbox 1546 2646 1579 2706; x_wconf 90' lang='lat' dir='ltr'><strong>et</strong></span> 
     </span>
     <span class='ocr_line' id='line_1_20' title="bbox 342 2747 1810 2861; baseline 0 -47"><span class='ocrx_word' id='word_1_182' title='bbox 342 2751 448 2835; x_wconf 85' lang='lat' dir='ltr'><strong>ipsum</strong></span> <span class='ocrx_word' id='word_1_183' title='bbox 476 2748 526 2812; x_wconf 89' lang='lat' dir='ltr'><strong>bis</strong></span> <span class='ocrx_word' id='word_1_184' title='bbox 553 2747 707 2834; x_wconf 84' lang='lat' dir='ltr'><strong>intelligi,</strong></span> <span class='ocrx_word' id='word_1_185' title='bbox 738 2747 949 2812; x_wconf 89' lang='lat' dir='ltr'><strong>concinnitati</strong></span> <span class='ocrx_word' id='word_1_186' title='bbox 977 2749 1204 2812; x_wconf 91' lang='lat' dir='ltr'><strong>detrimentum</strong></span> <span class='ocrx_word' id='word_1_187' title='bbox 1233 2748 1345 2814; x_wconf 89' lang='lat' dir='ltr'><strong>afferre</strong></span> <span class='ocrx_word' id='word_1_188' title='bbox 1373 2770 1438 2813; x_wconf 92' lang='lat' dir='ltr'><strong>non</strong></span> <span class='ocrx_word' id='word_1_189' title='bbox 1466 2751 1577 2833; x_wconf 87' lang='lat' dir='ltr'><strong>possit.</strong></span> <span class='ocrx_word' id='word_1_190' title='bbox 1809 2828 1810 2861; x_wconf 55' lang='lat'><strong>,</strong></span> 
     </span>
     <span class='ocr_line' id='line_1_21' title="bbox 343 2852 1617 2939; baseline -0.001 -18"><span class='ocrx_word' id='word_1_191' title='bbox 343 2856 451 2939; x_wconf 83' lang='lat' dir='ltr'><strong>Atque</strong></span> <span class='ocrx_word' id='word_1_192' title='bbox 476 2854 609 2921; x_wconf 93' lang='lat' dir='ltr'><strong>omniuo</strong></span> <span class='ocrx_word' id='word_1_193' title='bbox 631 2877 673 2919; x_wconf 85' lang='lat' dir='ltr'><strong>ne</strong></span> <span class='ocrx_word' id='word_1_194' title='bbox 695 2852 791 2920; x_wconf 87' lang='lat' dir='ltr'><strong>nimis</strong></span> <span class='ocrx_word' id='word_1_195' title='bbox 815 2855 909 2918; x_wconf 86' lang='lat' dir='ltr'><strong>anxie</strong></span> <span class='ocrx_word' id='word_1_196' title='bbox 933 2856 1138 2921; x_wconf 86' lang='lat' dir='ltr'><strong>consulamus</strong></span> <span class='ocrx_word' id='word_1_197' title='bbox 1161 2856 1380 2938; x_wconf 89' lang='lat' dir='ltr'><strong>concinnitati,</strong></span> <span class='ocrx_word' id='word_1_198' title='bbox 1403 2857 1577 2922; x_wconf 87' lang='lat' dir='ltr'><strong>admonent</strong></span> <span class='ocrx_word' id='word_1_199' title='bbox 1592 2889 1617 2929; x_wconf 69' lang='grc' dir='ltr'><strong>ιο</strong></span> 
     </span>
     <span class='ocr_line' id='line_1_22' title="bbox 343 2960 1578 3049; baseline 0.001 -21"><span class='ocrx_word' id='word_1_200' title='bbox 343 2965 397 3028; x_wconf 79' lang='lat' dir='ltr'><strong>vel.</strong></span> <span class='ocrx_word' id='word_1_201' title='bbox 417 2985 454 3027; x_wconf 91' lang='lat' dir='ltr'><strong>ea</strong></span> <span class='ocrx_word' id='word_1_202' title='bbox 477 2985 559 3047; x_wconf 81' lang='lat' dir='ltr'><strong>quae</strong></span> <span class='ocrx_word' id='word_1_203' title='bbox 581 2962 736 3049; x_wconf 82' lang='lat' dir='ltr'><strong>leguntur</strong></span> <span class='ocrx_word' id='word_1_204' title='bbox 758 2962 793 3027; x_wconf 91' lang='lat' dir='ltr'><strong>in</strong></span> <span class='ocrx_word' id='word_1_205' title='bbox 814 2960 993 3027; x_wconf 82' lang='lat' dir='ltr'><strong>Menexeno</strong></span> <span class='ocrx_word' id='word_1_206' title='bbox 1017 2986 1048 3047; x_wconf 92' lang='lat' dir='ltr'><strong>p.</strong></span> <span class='ocrx_word' id='word_1_207' title='bbox 1068 2963 1120 3047; x_wconf 87' lang='lat'><strong>80,</strong></span> <span class='ocrx_word' id='word_1_208' title='bbox 1141 2964 1158 3027; x_wconf 80' lang='grc' dir='ltr'><strong><em>λ</em></strong></span> <span class='ocrx_word' id='word_1_209' title='bbox 1183 2965 1364 3048; x_wconf 80' lang='grc' dir='ltr'><strong><em>ἡγούμενοι</em></strong></span> <span class='ocrx_word' id='word_1_210' title='bbox 1386 2965 1484 3048; x_wconf 87' lang='grc' dir='ltr'><strong><em>πρὸς</em></strong></span> <span class='ocrx_word' id='word_1_211' title='bbox 1508 2964 1578 3048; x_wconf 77' lang='grc' dir='ltr'><strong>μὲν</strong></span> 
     </span>
     <span class='ocr_line' id='line_1_23' title="bbox 342 3068 1578 3155; baseline 0.001 -20"><span class='ocrx_word' id='word_1_212' title='bbox 342 3073 380 3136; x_wconf 85' lang='grc' dir='ltr'><strong>τὸ</strong></span> <span class='ocrx_word' id='word_1_213' title='bbox 408 3071 583 3155; x_wconf 75' lang='grc' dir='ltr'><strong><em>ὁμόφυλον</em></strong></span> <span class='ocrx_word' id='word_1_214' title='bbox 609 3068 703 3154; x_wconf 85' lang='grc' dir='ltr'><strong><em>μέχρι</em></strong></span> <span class='ocrx_word' id='word_1_215' title='bbox 728 3072 820 3152; x_wconf 82' lang='grc' dir='ltr'><strong><em>νίκης</em></strong></span> <span class='ocrx_word' id='word_1_216' title='bbox 844 3071 917 3134; x_wconf 88' lang='grc' dir='ltr'><strong><em>δεῖν</em></strong></span> <span class='ocrx_word' id='word_1_217' title='bbox 939 3075 1111 3153; x_wconf 87' lang='grc' dir='ltr'><strong><em>πολεμεῖν,</em></strong></span> <span class='ocrx_word' id='word_1_218' title='bbox 1138 3068 1261 3155; x_wconf 78' lang='grc' dir='ltr'><strong><em>καὶμὴ</em></strong></span> <span class='ocrx_word' id='word_1_219' title='bbox 1285 3069 1330 3136; x_wconf 87' lang='grc' dir='ltr'><strong>δι’</strong></span> <span class='ocrx_word' id='word_1_220' title='bbox 1357 3070 1462 3155; x_wconf 78' lang='grc' dir='ltr'><strong><em>ὀργὴν</em></strong></span> <span class='ocrx_word' id='word_1_221' title='bbox 1487 3072 1578 3136; x_wconf 91' lang='grc' dir='ltr'><strong><em>ίδίαν</em></strong></span> 
     </span>
     <span class='ocr_line' id='line_1_24' title="bbox 343 3174 1576 3262; baseline -0.002 -19"><span class='ocrx_word' id='word_1_222' title='bbox 343 3181 468 3255; x_wconf 90' lang='grc' dir='ltr'><strong><em>πόλεως</em></strong></span> <span class='ocrx_word' id='word_1_223' title='bbox 490 3179 528 3243; x_wconf 87' lang='grc' dir='ltr'><strong>τὸ</strong></span> <span class='ocrx_word' id='word_1_224' title='bbox 550 3177 667 3242; x_wconf 92' lang='grc' dir='ltr'><strong><em>κοινὸν</em></strong></span> <span class='ocrx_word' id='word_1_225' title='bbox 689 3188 757 3241; x_wconf 84' lang='grc' dir='ltr'><strong>τῶν</strong></span> <span class='ocrx_word' id='word_1_226' title='bbox 780 3176 947 3259; x_wconf 82' lang='grc' dir='ltr'><strong><em>Ἑλλήνων</em></strong></span> <span class='ocrx_word' id='word_1_227' title='bbox 971 3177 1156 3260; x_wconf 89' lang='grc' dir='ltr'><strong><em>διολλύναι,</em></strong></span> <span class='ocrx_word' id='word_1_228' title='bbox 1180 3178 1276 3261; x_wconf 88' lang='grc' dir='ltr'><strong><em>πρὸς</em></strong></span> <span class='ocrx_word' id='word_1_229' title='bbox 1295 3178 1315 3241; x_wconf 92' lang='grc' dir='ltr'><strong><em>δ</em></strong></span> <span class='ocrx_word' id='word_1_230' title='bbox 1322 3174 1336 3243; x_wconf 78' lang='grc' dir='ltr'>ὲ</span> <span class='ocrx_word' id='word_1_231' title='bbox 1357 3181 1434 3254; x_wconf 90' lang='grc' dir='ltr'><strong><em>τοὺς</em></strong></span> <span class='ocrx_word' id='word_1_232' title='bbox 1452 3178 1576 3262; x_wconf 80' lang='grc' dir='ltr'><strong><em>βαρβά-</em></strong></span> 
     </span>
     <span class='ocr_line' id='line_1_25' title="bbox 344 3282 1577 3370; baseline -0.004 -18"><span class='ocrx_word' id='word_1_233' title='bbox 344 3310 425 3370; x_wconf 89' lang='grc' dir='ltr'><strong><em>ρους</em></strong></span> <span class='ocrx_word' id='word_1_234' title='bbox 452 3284 547 3369; x_wconf 81' lang='grc' dir='ltr'><strong><em>μέχρι</em></strong></span> <span class='ocrx_word' id='word_1_235' title='bbox 575 3284 782 3367; x_wconf 85' lang='grc' dir='ltr'><strong><em>διαφθορᾶς,</em></strong></span> <span class='ocrx_word' id='word_1_236' title='bbox 809 3283 866 3347; x_wconf 92' lang='lat' dir='ltr'><strong>ubi</strong></span> <span class='ocrx_word' id='word_1_237' title='bbox 894 3283 927 3347; x_wconf 90' lang='lat' dir='ltr'><strong>iu</strong></span> <span class='ocrx_word' id='word_1_238' title='bbox 956 3282 1067 3360; x_wconf 59' lang='lat' dir='ltr'><strong>simili,</strong></span> <span class='ocrx_word' id='word_1_239' title='bbox 1084 3284 1338 3350; x_wconf 87' lang='lat' dir='ltr'><strong>conformatione</strong></span> <span class='ocrx_word' id='word_1_240' title='bbox 1367 3307 1449 3369; x_wconf 87' lang='lat' dir='ltr'><strong>quae</strong></span> <span class='ocrx_word' id='word_1_241' title='bbox 1472 3284 1577 3349; x_wconf 88' lang='lat' dir='ltr'><strong>media</strong></span> 
     </span>
     <span class='ocr_line' id='line_1_26' title="bbox 343 3389 1577 3476; baseline -0.002 -18"><span class='ocrx_word' id='word_1_242' title='bbox 343 3393 534 3476; x_wconf 87' lang='lat' dir='ltr'><strong>interposita</strong></span> <span class='ocrx_word' id='word_1_243' title='bbox 565 3394 640 3455; x_wconf 91' lang='lat' dir='ltr'><strong>sunt</strong></span> <span class='ocrx_word' id='word_1_244' title='bbox 667 3390 864 3475; x_wconf 88' lang='lat' dir='ltr'><strong>anaphoram</strong></span> <span class='ocrx_word' id='word_1_245' title='bbox 893 3394 925 3454; x_wconf 88' lang='lat' dir='ltr'><strong>et</strong></span> <span class='ocrx_word' id='word_1_246' title='bbox 952 3389 1214 3474; x_wconf 88' lang='lat' dir='ltr'><strong>aequabilitatem</strong></span> <span class='ocrx_word' id='word_1_247' title='bbox 1243 3392 1386 3475; x_wconf 90' lang='lat' dir='ltr'><strong>partium</strong></span> <span class='ocrx_word' id='word_1_248' title='bbox 1413 3415 1479 3457; x_wconf 91' lang='lat' dir='ltr'><strong>non</strong></span> <span class='ocrx_word' id='word_1_249' title='bbox 1506 3413 1577 3476; x_wconf 94' lang='lat' dir='ltr'><strong>per·</strong></span> 
     </span>
     <span class='ocr_line' id='line_1_27' title="bbox 344 3500 524 3564; baseline 0 -1"><span class='ocrx_word' id='word_1_250' title='bbox 344 3500 524 3564; x_wconf 87' lang='lat' dir='ltr'><strong>turbarunt</strong></span> 
     </span>
     <span class='ocr_line' id='line_1_28' title="bbox 432 3603 1575 3689; baseline -0.001 -19"><span class='ocrx_word' id='word_1_251' title='bbox 432 3624 467 3670; x_wconf 92' lang='lat'><strong>11.</strong></span> <span class='ocrx_word' id='word_1_252' title='bbox 498 3603 538 3669; x_wconf 91' lang='lat' dir='ltr'><strong>In</strong></span> <span class='ocrx_word' id='word_1_253' title='bbox 570 3607 671 3669; x_wconf 88' lang='lat' dir='ltr'><strong>altero</strong></span> <span class='ocrx_word' id='word_1_254' title='bbox 704 3603 880 3689; x_wconf 90' lang='lat' dir='ltr'><strong>eodemque</strong></span> <span class='ocrx_word' id='word_1_255' title='bbox 911 3604 1027 3669; x_wconf 91' lang='lat' dir='ltr'><strong>ultimo</strong></span> <span class='ocrx_word' id='word_1_256' title='bbox 1057 3603 1153 3668; x_wconf 90' lang='lat' dir='ltr'><strong>huius</strong></span> <span class='ocrx_word' id='word_1_257' title='bbox 1182 3603 1364 3687; x_wconf 88' lang='lat' dir='ltr'><strong>scriptionis</strong></span> <span class='ocrx_word' id='word_1_258' title='bbox 1393 3606 1497 3689; x_wconf 89' lang='lat' dir='ltr'><strong>capite</strong></span> <span class='ocrx_word' id='word_1_259' title='bbox 1525 3606 1575 3669; x_wconf 88' lang='lat' dir='ltr'><strong>ad-</strong></span> 
     </span>
     <span class='ocr_line' id='line_1_29' title="bbox 343 3710 1577 3797; baseline 0 -21"><span class='ocrx_word' id='word_1_260' title='bbox 343 3713 526 3779; x_wconf 89' lang='lat' dir='ltr'><strong>notationes</strong></span> <span class='ocrx_word' id='word_1_261' title='bbox 546 3712 699 3797; x_wconf 85' lang='lat' dir='ltr'><strong>quasdam</strong></span> <span class='ocrx_word' id='word_1_262' title='bbox 718 3715 845 3776; x_wconf 89' lang='lat' dir='ltr'><strong>nostras</strong></span> <span class='ocrx_word' id='word_1_263' title='bbox 864 3710 1100 3796; x_wconf 88' lang='lat' dir='ltr'><strong>applicabimus</strong></span> <span class='ocrx_word' id='word_1_264' title='bbox 1119 3710 1159 3775; x_wconf 90' lang='lat' dir='ltr'><strong>ad</strong></span> <span class='ocrx_word' id='word_1_265' title='bbox 1177 3710 1275 3775; x_wconf 88' lang='lat' dir='ltr'><strong>verba</strong></span> <span class='ocrx_word' id='word_1_266' title='bbox 1288 3710 1428 3796; x_wconf 84' lang='lat' dir='ltr'><strong>Hippiae</strong></span> <span class='ocrx_word' id='word_1_267' title='bbox 1446 3711 1577 3776; x_wconf 89' lang='lat' dir='ltr'><strong>maioris</strong></span> 
     </span>
     <span class='ocr_line' id='line_1_30' title="bbox 344 3819 776 3905; baseline -0.007 -21"><span class='ocrx_word' id='word_1_268' title='bbox 344 3842 426 3905; x_wconf 87' lang='lat' dir='ltr'><strong>quas</strong></span> <span class='ocrx_word' id='word_1_269' title='bbox 449 3844 480 3905; x_wconf 91' lang='lat' dir='ltr'><strong>p.</strong></span> <span class='ocrx_word' id='word_1_270' title='bbox 499 3819 530 3903; x_wconf 84' lang='lat'><strong>3,</strong></span> <span class='ocrx_word' id='word_1_271' title='bbox 550 3819 592 3884; x_wconf 91' lang='lat'><strong>18</strong></span> <span class='ocrx_word' id='word_1_272' title='bbox 615 3820 776 3903; x_wconf 80' lang='lat' dir='ltr'><strong>leguntur.</strong></span> 
     </span>
     <span class='ocr_line' id='line_1_31' title="bbox 505 3921 1618 4010; baseline 0.003 -18"><span class='ocrx_word' id='word_1_273' title='bbox 505 3929 619 3992; x_wconf 89' lang='grc' dir='ltr'><strong><em>Καλόν</em></strong></span> <span class='ocrx_word' id='word_1_274' title='bbox 633 3949 681 4010; x_wconf 90' lang='grc' dir='ltr'><strong><em>γε,</em></strong></span> <span class='ocrx_word' id='word_1_275' title='bbox 701 3921 857 4007; x_wconf 81' lang='grc' dir='ltr'><strong><em>ὦἾππία,</em></strong></span> <span class='ocrx_word' id='word_1_276' title='bbox 875 3926 983 4009; x_wconf 89' lang='lat' dir='ltr'><strong>inquit</strong></span> <span class='ocrx_word' id='word_1_277' title='bbox 998 3923 1155 4003; x_wconf 84' lang='lat' dir='ltr'><strong>Socrates,</strong></span> <span class='ocrx_word' id='word_1_278' title='bbox 1174 3923 1281 4007; x_wconf 90' lang='grc' dir='ltr'><strong><em>λέγεις</em></strong></span> <span class='ocrx_word' id='word_1_279' title='bbox 1295 3922 1349 3988; x_wconf 83' lang='grc' dir='ltr'><strong>καὶ</strong></span> <span class='ocrx_word' id='word_1_280' title='bbox 1363 3922 1447 4007; x_wconf 88' lang='grc' dir='ltr'><strong><em>μέγα</em></strong></span> <span class='ocrx_word' id='word_1_281' title='bbox 1461 3927 1576 4008; x_wconf 81' lang='grc' dir='ltr'><strong><em>τεκμή-</em></strong></span> <span class='ocrx_word' id='word_1_282' title='bbox 1591 3954 1618 3994; x_wconf 75' lang='lat' dir='ltr'><strong>sc</strong></span> 
     </span>
     <span class='ocr_line' id='line_1_32' title="bbox 505 4030 1579 4118; baseline -0.001 -20"><span class='ocrx_word' id='word_1_283' title='bbox 505 4058 581 4118; x_wconf 90' lang='grc' dir='ltr'><strong><em>ριον</em></strong></span> <span class='ocrx_word' id='word_1_284' title='bbox 604 4036 726 4117; x_wconf 83' lang='grc' dir='ltr'><strong><em>σοφίας</em></strong></span> <span class='ocrx_word' id='word_1_285' title='bbox 748 4041 806 4115; x_wconf 80' lang='grc' dir='ltr'><strong><em>της</em></strong></span> <span class='ocrx_word' id='word_1_286' title='bbox 829 4056 864 4097; x_wconf 91' lang='grc' dir='ltr'><strong><em>τε</em></strong></span> <span class='ocrx_word' id='word_1_287' title='bbox 883 4041 1025 4097; x_wconf 85' lang='grc' dir='ltr'><strong><em>σεαυτοῦ</em></strong></span> <span class='ocrx_word' id='word_1_288' title='bbox 1044 4030 1098 4097; x_wconf 85' lang='grc' dir='ltr'><strong>καὶ</strong></span> <span class='ocrx_word' id='word_1_289' title='bbox 1118 4043 1184 4096; x_wconf 85' lang='grc' dir='ltr'><strong>τῶν</strong></span> <span class='ocrx_word' id='word_1_290' title='bbox 1203 4039 1268 4096; x_wconf 85' lang='grc' dir='ltr'><strong>νῦν</strong></span> <span class='ocrx_word' id='word_1_291' title='bbox 1287 4030 1478 4116; x_wconf 86' lang='grc' dir='ltr'><strong><em>ἀνθρώπων</em></strong></span> <span class='ocrx_word' id='word_1_292' title='bbox 1495 4032 1579 4116; x_wconf 86' lang='grc' dir='ltr'><strong><em>πρὸς</em></strong></span> 
     </span>
     <span class='ocr_line' id='line_1_33' title="bbox 504 4138 1579 4226; baseline 0 -22"><span class='ocrx_word' id='word_1_293' title='bbox 504 4142 584 4216; x_wconf 88' lang='grc' dir='ltr'><strong><em>τοὺς</em></strong></span> <span class='ocrx_word' id='word_1_294' title='bbox 616 4139 775 4226; x_wconf 79' lang='grc' dir='ltr'><strong><em>ἀρχαίους</em></strong></span> <span class='ocrx_word' id='word_1_295' title='bbox 804 4139 885 4203; x_wconf 81' lang='grc' dir='ltr'><strong><em>ὅσον</em></strong></span> <span class='ocrx_word' id='word_1_296' title='bbox 917 4138 1126 4225; x_wconf 85' lang='grc' dir='ltr'><strong><em>διαφέρουσι.</em></strong></span> <span class='ocrx_word' id='word_1_297' title='bbox 1163 4150 1241 4203; x_wconf 84' lang='grc' dir='ltr'><strong>τῶν</strong></span> <span class='ocrx_word' id='word_1_298' title='bbox 1273 4138 1345 4221; x_wconf 91' lang='grc' dir='ltr'><strong>γάρ</strong></span> <span class='ocrx_word' id='word_1_299' title='bbox 1373 4139 1579 4224; x_wconf 87' lang='grc' dir='ltr'><strong><em>προτέρων</em></strong></span> 
     </span>
     <span class='ocr_line' id='line_1_34' title="bbox 504 4236 1578 4331; baseline -0.002 -19"><span class='ocrx_word' id='word_1_300' title='bbox 504 4248 627 4331; x_wconf 80' lang='grc' dir='ltr'><strong><em>πολλὴ</em></strong></span> <span class='ocrx_word' id='word_1_301' title='bbox 654 4245 803 4330; x_wconf 89' lang='grc' dir='ltr'><strong><em>ἀμαθία</em></strong></span> <span class='ocrx_word' id='word_1_302' title='bbox 826 4248 922 4311; x_wconf 86' lang='grc' dir='ltr'><strong>κατά</strong></span> <span class='ocrx_word' id='word_1_303' title='bbox 945 4247 1014 4311; x_wconf 91' lang='grc' dir='ltr'><strong>τὸν</strong></span> <span class='ocrx_word' id='word_1_304' title='bbox 1037 4246 1108 4311; x_wconf 92' lang='grc' dir='ltr'><strong>σὸν</strong></span> <span class='ocrx_word' id='word_1_305' title='bbox 1131 4249 1264 4328; x_wconf 88' lang='grc' dir='ltr'><strong><em>λόγον·</em></strong></span> <span class='ocrx_word' id='word_1_306' title='bbox 1293 4236 1491 4310; x_wconf 89' lang='grc' dir='ltr'><strong><em>τούναντίον</em></strong></span> <span class='ocrx_word' id='word_1_307' title='bbox 1515 4248 1578 4329; x_wconf 92' lang='grc' dir='ltr'><strong>γάρ</strong></span> 
     </span>
     <span class='ocr_line' id='line_1_35' title="bbox 440 4351 1578 4440; baseline -0.001 -22"><span class='ocrx_word' id='word_1_308' title='bbox 440 4354 460 4418; x_wconf 86' lang='lat'>5</span> <span class='ocrx_word' id='word_1_309' title='bbox 500 4351 701 4440; x_wconf 80' lang='grc' dir='ltr'><strong><em>Ἀναξαγόρᾳ</em></strong></span> <span class='ocrx_word' id='word_1_310' title='bbox 724 4352 829 4437; x_wconf 84' lang='grc' dir='ltr'><strong><em>φασὶν</em></strong></span> <span class='ocrx_word' id='word_1_311' title='bbox 852 4356 1019 4436; x_wconf 75' lang='grc' dir='ltr'><strong><em>συμβῆναι</em></strong></span> <span class='ocrx_word' id='word_1_312' title='bbox 1045 4351 1177 4435; x_wconf 76' lang='grc' dir='ltr'><strong><em>ἣύμῖν·</em></strong></span> <span class='ocrx_word' id='word_1_313' title='bbox 1201 4351 1495 4436; x_wconf 73' lang='grc' dir='ltr'><strong><em>καταλειφθέντων</em></strong></span> <span class='ocrx_word' id='word_1_314' title='bbox 1514 4354 1578 4435; x_wconf 90' lang='grc' dir='ltr'><strong>γάρ</strong></span> 
     </span>
     <span class='ocr_line' id='line_1_36' title="bbox 506 4457 1577 4549; baseline -0.003 -23"><span class='ocrx_word' id='word_1_315' title='bbox 506 4462 594 4549; x_wconf 81' lang='grc' dir='ltr'><strong><em>αὐτῷ</em></strong></span> <span class='ocrx_word' id='word_1_316' title='bbox 613 4465 748 4526; x_wconf 84' lang='grc' dir='ltr'><strong><em>πολλῶν</em></strong></span> <span class='ocrx_word' id='word_1_317' title='bbox 770 4460 946 4544; x_wconf 80' lang='grc' dir='ltr'><strong><em>χρημάτων</em></strong></span> <span class='ocrx_word' id='word_1_318' title='bbox 963 4462 1185 4542; x_wconf 79' lang='grc' dir='ltr'><strong><em>καταμελῆσαι</em></strong></span> <span class='ocrx_word' id='word_1_319' title='bbox 1205 4461 1260 4525; x_wconf 80' lang='grc' dir='ltr'><strong>καὶ</strong></span> <span class='ocrx_word' id='word_1_320' title='bbox 1279 4457 1438 4525; x_wconf 81' lang='grc' dir='ltr'><strong><em>ἀπολέσαι</em></strong></span> <span class='ocrx_word' id='word_1_321' title='bbox 1456 4458 1577 4524; x_wconf 91' lang='grc' dir='ltr'><strong><em>πάντα·</em></strong></span> 
     </span>
     <span class='ocr_line' id='line_1_37' title="bbox 506 4564 1577 4652; baseline -0.003 -18"><span class='ocrx_word' id='word_1_322' title='bbox 506 4568 611 4645; x_wconf 82' lang='grc' dir='ltr'><strong><em>οὕτως</em></strong></span> <span class='ocrx_word' id='word_1_323' title='bbox 643 4567 747 4633; x_wconf 87' lang='grc' dir='ltr'><strong><em>αὐτὸν</em></strong></span> <span class='ocrx_word' id='word_1_324' title='bbox 778 4566 903 4651; x_wconf 78' lang='grc' dir='ltr'><strong><em>ἀνόητα</em></strong></span> <span class='ocrx_word' id='word_1_325' title='bbox 935 4568 1142 4651; x_wconf 78' lang='grc' dir='ltr'><strong><em>σοφίζεσθαι.</em></strong></span> <span class='ocrx_word' id='word_1_326' title='bbox 1179 4566 1314 4649; x_wconf 94' lang='grc' dir='ltr'><strong><em>λέγουσι</em></strong></span> <span class='ocrx_word' id='word_1_327' title='bbox 1348 4567 1384 4632; x_wconf 78' lang='grc' dir='ltr'><strong>δὲ</strong></span> <span class='ocrx_word' id='word_1_328' title='bbox 1416 4564 1471 4633; x_wconf 81' lang='grc' dir='ltr'><strong>καί</strong></span> <span class='ocrx_word' id='word_1_329' title='bbox 1501 4565 1577 4652; x_wconf 79' lang='grc' dir='ltr'><strong><em>περὶ</em></strong></span> 
     </span>
     <span class='ocr_line' id='line_1_38' title="bbox 506 4668 1577 4759; baseline -0.001 -19"><span class='ocrx_word' id='word_1_330' title='bbox 506 4677 618 4741; x_wconf 87' lang='grc' dir='ltr'><strong><em>ἀλλων</em></strong></span> <span class='ocrx_word' id='word_1_331' title='bbox 645 4687 712 4740; x_wconf 87' lang='grc' dir='ltr'><strong>τῶν</strong></span> <span class='ocrx_word' id='word_1_332' title='bbox 739 4679 891 4739; x_wconf 83' lang='grc' dir='ltr'><strong><em>παλαιῶν</em></strong></span> <span class='ocrx_word' id='word_1_333' title='bbox 919 4672 1014 4759; x_wconf 83' lang='grc' dir='ltr'><strong><em>ἕτερα</em></strong></span> <span class='ocrx_word' id='word_1_334' title='bbox 1041 4682 1186 4738; x_wconf 86' lang='grc' dir='ltr'><strong><em>τοιαῦτα.</em></strong></span> <span class='ocrx_word' id='word_1_335' title='bbox 1224 4683 1322 4740; x_wconf 88' lang='grc' dir='ltr'><strong><em>τοῦτο</em></strong></span> <span class='ocrx_word' id='word_1_336' title='bbox 1350 4670 1411 4758; x_wconf 72' lang='grc' dir='ltr'><strong>μὲν</strong></span> <span class='ocrx_word' id='word_1_337' title='bbox 1435 4668 1498 4739; x_wconf 87' lang='grc' dir='ltr'><strong>οὖν</strong></span> <span class='ocrx_word' id='word_1_338' title='bbox 1520 4698 1577 4756; x_wconf 91' lang='grc' dir='ltr'><strong>μοι</strong></span> 
     </span>
     <span class='ocr_line' id='line_1_39' title="bbox 506 4778 1578 4866; baseline 0 -20"><span class='ocrx_word' id='word_1_339' title='bbox 506 4783 616 4859; x_wconf 85' lang='grc' dir='ltr'><strong><em>δοκεῖς</em></strong></span> <span class='ocrx_word' id='word_1_340' title='bbox 638 4782 741 4847; x_wconf 88' lang='grc' dir='ltr'><strong><em>καλὸν</em></strong></span> <span class='ocrx_word' id='word_1_341' title='bbox 763 4782 942 4864; x_wconf 83' lang='grc' dir='ltr'><strong><em>τεκμήριον</em></strong></span> <span class='ocrx_word' id='word_1_342' title='bbox 964 4779 1167 4865; x_wconf 87' lang='grc' dir='ltr'><strong><em>ἀποφαίνειν</em></strong></span> <span class='ocrx_word' id='word_1_343' title='bbox 1189 4778 1265 4865; x_wconf 85' lang='grc' dir='ltr'><strong><em>περὶ</em></strong></span> <span class='ocrx_word' id='word_1_344' title='bbox 1289 4782 1408 4866; x_wconf 90' lang='grc' dir='ltr'><strong><em>σοφίας</em></strong></span> <span class='ocrx_word' id='word_1_345' title='bbox 1426 4791 1494 4846; x_wconf 84' lang='grc' dir='ltr'><strong>τῶν</strong></span> <span class='ocrx_word' id='word_1_346' title='bbox 1513 4790 1578 4846; x_wconf 83' lang='grc' dir='ltr'><strong>νῦν</strong></span> 
     </span>
    </p>
   </div>
   <div class='ocr_carea' id='block_1_4' title="bbox 419 4885 1578 5044">
    <p class='ocr_par' dir='ltr' id='par_1_4' title="bbox 419 4885 1578 5044">
     <span class='ocr_line' id='line_1_40' title="bbox 419 4885 1578 4974; baseline -0.001 -20"><span class='ocrx_word' id='word_1_347' title='bbox 419 4889 461 4954; x_wconf 92' lang='grc'><strong>10</strong></span> <span class='ocrx_word' id='word_1_348' title='bbox 506 4891 588 4974; x_wconf 90' lang='grc' dir='ltr'><strong><em>πρὸς</em></strong></span> <span class='ocrx_word' id='word_1_349' title='bbox 611 4892 690 4966; x_wconf 85' lang='grc' dir='ltr'><strong><em>τοὺς</em></strong></span> <span class='ocrx_word' id='word_1_350' title='bbox 713 4887 910 4974; x_wconf 87' lang='grc' dir='ltr'><strong><em>προτέρους,</em></strong></span> <span class='ocrx_word' id='word_1_351' title='bbox 933 4885 989 4951; x_wconf 84' lang='grc' dir='ltr'><strong>καὶ</strong></span> <span class='ocrx_word' id='word_1_352' title='bbox 1012 4891 1148 4967; x_wconf 90' lang='grc' dir='ltr'><strong><em>πολλοῖς</em></strong></span> <span class='ocrx_word' id='word_1_353' title='bbox 1172 4887 1345 4970; x_wconf 84' lang='grc' dir='ltr'><strong><em>συνδοκεῖ,</em></strong></span> <span class='ocrx_word' id='word_1_354' title='bbox 1361 4887 1419 4954; x_wconf 85' lang='grc' dir='ltr'><strong><em>’ὅτι</em></strong></span> <span class='ocrx_word' id='word_1_355' title='bbox 1442 4890 1502 4954; x_wconf 90' lang='grc' dir='ltr'><strong>τὸν</strong></span> <span class='ocrx_word' id='word_1_356' title='bbox 1525 4905 1578 4953; x_wconf 94' lang='grc' dir='ltr'><strong>σο-</strong></span> 
     </span>
     <span class='ocr_line' id='line_1_41' title="bbox 1311 4991 1363 5044; baseline 0.019 -1"><span class='ocrx_word' id='word_1_357' title='bbox 1311 4991 1363 5044; x_wconf 74' lang='lat'><strong>25*</strong></span> 
     </span>
    </p>
   </div>
   <div class='ocr_carea' id='block_1_5' title="bbox 0 0 1988 5725">
    <p class='ocr_par' dir='ltr' id='par_1_5' title="bbox 0 0 1988 5725">
     <span class='ocr_line' id='line_1_42' title="bbox 0 0 1988 5725; baseline 0 0"><span class='ocrx_word' id='word_1_358' title='bbox 0 0 1988 5725; x_wconf 95' lang='lat' dir='ltr'><strong> </strong></span> 
     </span>
    </p>
   </div>
  </div>
 </body>
</html>
