3967 5725
402 643 468 708 374
639 645 685 695 m.
704 645 820 695 murex
837 643 1052 695 cumcurm
1069 643 1302 695 susmvnauu
1321 647 1401 696 ιεοο.

401 808 436 871 in
458 807 499 870 iis
523 805 720 870 Hartmanus
743 802 833 890 (nam
853 804 1003 870 Naberus
1025 803 1265 890 praetermisit),
1287 814 1346 888 τῆς
1367 809 1551 889 μαιεύσεως
1571 830 1640 874 non

402 912 667 996 concoquendum
695 910 789 975 duxit
815 909 861 997 (p.
880 910 947 997 82).
984 910 1128 987 Quorum
1158 934 1231 977 cnm
1258 912 1395 977 alterum
1423 913 1519 979 nobis
1544 915 1640 980 alteri

403 1041 586 1084 succurrere
617 1019 779 1101 videatur,
809 1022 880 1082 tum
908 1019 1016 1103 ipsum
1044 1017 1107 1083 sibi
1134 1023 1307 1103 utrumque
1335 1020 1415 1084 satis
1441 1021 1639 1086 firmamenti

402 1126 542 1210 praebet.
577 1123 663 1191 Nam
685 1127 828 1210 primum
850 1125 892 1188 ad
914 1135 973 1209 τῆς
991 1125 1070 1209 ἐμῆς
1088 1125 1203 1210 τέχνης
1222 1127 1301 1211 quid
1318 1127 1427 1212 aptius
1446 1150 1543 1213 quam
1563 1129 1639 1195 addi

402 1243 459 1317 τῆς
485 1242 690 1316 μαιευτιιιῆς,
719 1233 841 1317 quippe
868 1232 921 1297 cni
947 1233 1058 1297 statim
1082 1233 1271 1298 adnectatur
1293 1234 1313 1317 ἡ
1336 1243 1398 1299 τοῦ
1421 1234 1638 1318 διαλέγεσθαι

401 1342 615 1425 πραγματεία,
633 1340 734 1404 altero
754 1342 862 1403 autem
880 1340 953 1404 loco
973 1361 1048 1404 cum
1066 1339 1130 1404 hoc
1148 1344 1263 1426 agatur
1278 1345 1316 1404 ut
1329 1339 1473 1405 Socratis
1486 1345 1639 1426 μαίευσις

403 1446 481 1531 quid
503 1446 631 1510 differat
653 1445 694 1510 ab
717 1445 781 1510 alia
801 1446 1001 1531 aliarumque
1018 1448 1169 1528 μαιεύσει
1187 1447 1397 1533 significetur,
1420 1469 1540 1514 nomen
1558 1451 1638 1514 artis
1655 1466 1692 1522 la

401 1555 457 1617 vix
484 1553 593 1638 potuit
621 1554 746 1635 abesse,
773 1554 882 1636 potuit
907 1553 1006 1637 τέχνη
1033 1558 1071 1619 ut
1098 1555 1145 1619 ita
1172 1554 1292 1619 diceret
1319 1565 1358 1640 τῇ
1388 1554 1448 1640 ε’μῄ
1476 1557 1637 1640 μαιεὺσει,

401 1660 465 1725 uisi
492 1660 575 1724 illud
603 1659 763 1746 elegantia
789 1665 968 1744 praestaret
993 1670 1033 1746 τῇ
1062 1659 1122 1746 ἐμῇ
1146 1661 1243 1746 τέχνη
1266 1671 1325 1745 τῆς
1345 1663 1537 1745 μαιεύσεως.
1574 1663 1638 1729 Sed

362 1793 389 1833 ιο
402 1765 550 1831 Nuberus
576 1766 598 1831 l.
617 1789 642 1832 c.
669 1767 756 1850 quod
783 1769 880 1833 etiam
907 1768 1037 1832 initium
1063 1767 1196 1834 Politici
1224 1767 1316 1852 quasi
1344 1775 1571 1854 argumentum
1598 1793 1637 1834 ex

403 1874 565 1938 contrario
594 1874 706 1939 attulit
734 1876 810 1959 quia
837 1875 878 1939 ad
904 1875 984 1940 haec
1015 1876 1077 1958 τὴν
1103 1874 1286 1958 ἀναλογίαν
1312 1876 1374 1959 τὴν
1396 1885 1455 1959 τῆς
1477 1876 1638 1962 ὑμετέρας

401 1979 517 2065 τέχνης
543 1981 628 2045 nihil
655 1981 864 2047 additamenti
892 1983 1015 2048 factum
1043 1984 1099 2066 sit,
1128 1983 1231 2047 oratio
1259 1982 1332 2067 ipsa
1359 1981 1521 2067 explicata
1542 1985 1638 2049 testis

402 2092 451 2152 est
474 2087 521 2151 ibi
544 2088 584 2152 ad
606 2098 665 2172 τῆς
682 2089 842 2175 ὑμετέρας
859 2089 977 2175 τέχνης
993 2091 1058 2154 nisi
1075 2089 1289 2154 insulsissime
1307 2111 1424 2154 nomen
1444 2089 1522 2154 artis
1540 2091 1638 2157 adiici

401 2216 469 2260 non
500 2195 653 2278 potuisse.
695 2195 768 2260 Hoc
799 2196 884 2262 enim
916 2196 1151 2280 lepidissimum
1180 2199 1229 2260 est
1256 2197 1414 2260 sermonis
1440 2197 1638 2282 principium

402 2299 491 2387 (nam
524 2301 644 2367 chartis
671 2305 867 2387 parcendum
893 2325 960 2367 non
988 2307 1051 2385 est,
1082 2306 1120 2367 ut
1147 2303 1250 2367 oculis
1278 2303 1492 2369 subiicientur
1518 2305 1546 2368 si
1574 2327 1640 2388 qua

401 2408 587 2493 persuaderi
610 2409 682 2474 aliis
705 2408 799 2496 velis)
863 2396 866 2400 ¹

590 2520 664 2581 ΣΘ.
687 2509 734 2581 Ἦ
754 2518 883 2600 πολλὴν
910 2518 1009 2602 χάριν
1037 2515 1162 2600 ὀφείλω
1186 2533 1239 2582 σοι
1262 2526 1320 2601 τῆς
1344 2521 1529 2602 Θεαιτήτου
1551 2543 1638 2602 γνω-

693 2625 820 2708 ρίσεως,
844 2620 870 2689 ὦ
896 2625 1060 2709 Θεόδωρε,
1078 2623 1144 2709 ἅμα
1167 2622 1222 2689 καὶ
1245 2634 1304 2707 τῆς
1325 2633 1387 2689 τοῦ
1410 2623 1519 2702 ξένου.

565 2734 665 2795 ΘΕΟ.
697 2731 786 2814 Τάχα
809 2729 849 2795 δέ
869 2754 921 2813 γε,
949 2727 975 2795 ὦ
1000 2731 1190 2815 Σώκρατες,
1214 2731 1403 2815 ὀφειλήσεις
1425 2733 1546 2816 ταύτης
1568 2757 1639 2818 τρι-

362 2864 389 2903 ro
693 2840 852 2921 τιλασίαν,
880 2837 1016 2904 έτιειάἀν
1042 2840 1102 2904 τόν
1129 2861 1164 2903 τε
1189 2839 1362 2905 πολιτικὸν
1384 2837 1643 2924 ἀιιεργάσωνταί

693 2962 747 3011 σοι
770 2944 825 3011 καὶ
848 2947 908 3011 τὸν
931 2949 1135 3031 φιλόσοφον;

591 3056 666 3117 ΣΘ.
694 3044 788 3119 Εἶεν·
811 3054 899 3119 οὑτω
922 3063 1033 3137 τοῦτο,
1055 3049 1082 3117 ὦ
1107 3054 1183 3136 φίλε
1204 3054 1365 3139 Θεόδωρε,
1388 3054 1540 3139 φήσομεν
1559 3054 1640 3140 ἀκη-

693 3164 805 3238 κοότες
832 3156 919 3226 εἶναι
944 3170 1014 3227 τοῦ
1037 3157 1128 3244 περὶ
1152 3164 1368 3244 λογισμοὺς
1390 3162 1453 3226 καλ
1476 3162 1521 3226 τά
1544 3185 1640 3245 γεω-

693 3270 860 3354 μετρικά
882 3269 1112 3351 κρατίστους

565 3380 662 3441 ΘΕΟ.
692 3379 788 3459 Πῶς,
812 3372 837 3441 ὧ
859 3377 1048 3461 Σώκρατες;

592 3485 666 3547 ΣΩ.
699 3486 774 3547 Τῶν
801 3482 938 3568 ἀνδρῶν
965 3481 1106 3547 ἕκαστον
1133 3479 1254 3559 θέντος
1280 3490 1339 3566 τῆς
1367 3488 1440 3567 ίσης
1467 3480 1572 3561 ἀξίας,
1605 3486 1641 3549 οἳ

694 3598 734 3674 τῇ
766 3599 843 3674 τιμῑγ
874 3588 979 3655 ιιλέον
1010 3588 1163 3673 ἀλλήλων
1195 3588 1380 3674 ἀφεστᾶσιν
1410 3588 1431 3674 ἢ
1464 3592 1546 3655 κατὰ
1575 3592 1639 3674 τὴν

694 3695 912 3779 ἀναλογίαν
935 3697 1006 3780 τὴν
1026 3702 1096 3780 Ιτῆς
1119 3694 1309 3781 ὑμετέρας
1331 3696 1477 3782 τέχνης.

565 3805 664 3867 ΘΕΟ.
691 3798 744 3867 Εὖ
772 3826 809 3886 γε
836 3804 878 3887 νὴ
905 3805 965 3869 τὸν
992 3802 1152 3887 ἡμέτερον
1178 3806 1276 3887 θεόν,
1305 3798 1331 3868 ὧ
1359 3806 1549 3889 Σώκρατες,
1578 3805 1639 3869 τὸν

684 3907 847 3993 Ἄμμωνα.

402 4014 453 4081 No
477 4015 549 4101 quis
573 4038 613 4080 ex
633 4014 694 4080 hac
711 4017 919 4103 integerrima
937 4018 1082 4083 oratione
1102 4018 1244 4104 colligat,
1266 4040 1307 4083 ne
1325 4019 1390 4083 iilis
1410 4018 1539 4103 quidem
1556 4018 1637 4083 locis

402 4123 481 4187 artis
509 4121 791 4208 significationem,
820 4147 916 4208 quam
945 4124 1147 4210 aptissimam
1174 4148 1242 4191 esse
1266 4126 1477 4211 ostendimuS‚
1506 4127 1638 4191 tolerari

403 4250 506 4314 posse.
543 4228 691 4313 Denique
717 4230 801 4295 idem
825 4233 875 4296 vir
898 4233 1013 4298 doctus
1037 4233 1149 4297 eodem
1173 4233 1244 4298 loco
1268 4236 1433 4316 tamquam
1457 4232 1637 4299 certissimo

403 4336 549 4422 exemplo
563 4336 774 4402 additamenti
788 4340 892 4405 aliena
906 4362 1003 4405 manu
1017 4340 1095 4404 facti
1106 4337 1244 4426 Gorgiae
1258 4340 1364 4404 verbis
1376 4340 1480 4406 utitur
1490 4337 1571 4428 (p.8,
1580 4338 1637 4426 13)

403 4441 457 4508 καὶ
476 4448 563 4509 είποι
578 4445 787 4531 πρῶτονμὲν
801 4445 819 4512 ὑ
835 4448 946 4532 ἰατρὸς
960 4447 1011 4512 ὅτι
1026 4442 1051 4511 ὦ
1067 4448 1253 4529 Σώκρατες,
1273 4446 1415 4534 ἐξαπατᾷ
1430 4462 1467 4512 σε
1482 4449 1636 4532 Γοργίας·

403 4549 444 4615 οὑ
472 4550 535 4638 γάρ
564 4549 656 4618 ἐστιν
683 4552 703 4636 ἡ
729 4555 851 4619 τούτου
874 4553 971 4638 τέχνη
996 4550 1070 4636 περὶ
1093 4555 1131 4619 τὸ
1155 4552 1312 4639 μέγιστον
1337 4554 1468 4637 ἀγαθὸν
1490 4565 1559 4632 τοῖς
1582 4554 1636 4620 ἀν-

402 4658 569 4742 θρώποις,
597 4658 669 4725 ἀλλ’
701 4661 721 4745 ἡ
749 4658 818 4746 ἐμή.
853 4664 885 4727 εί
909 4657 972 4727 οὖν
995 4661 1099 4726 αὑτὸν
1123 4659 1187 4744 ἐγὼ
1211 4660 1361 4746 ἐροίμην·
1390 4663 1433 4725 σὺ
1457 4658 1493 4727 ἀὲ
1516 4664 1565 4738 τίς
1588 4662 1636 4727 ὢν

403 4772 505 4829 ταῦτα
524 4764 643 4853 λέγεις;
664 4773 752 4833 είττοι
770 4766 813 4833 ἀν
832 4773 912 4846 ίσως
931 4768 982 4834 ὅτι
1003 4769 1123 4851 ἰατρός.
1146 4771 1181 4833 τί
1198 4764 1261 4834 οὖν
1279 4766 1399 4851 λέγεις;
1418 4763 1490 4851 ἧτὸ
1505 4778 1562 4852 τῆς
1576 4778 1636 4853 σῆς

402 4869 518 4957 τέχνης
541 4869 643 4958 ἔργον
664 4872 823 4960 μέγιστόν
845 4873 937 4942 ἐστιν
960 4874 1106 4958 ἀγαθόνη
1129 4886 1199 4952 πῶς
1222 4876 1285 4960 γάρ
1308 4876 1359 4957 οὑ,
1384 4876 1466 4959 φαίη
1486 4874 1635 4961 ἀνίσως,
