3967 5725
383 641 450 705 120
580 640 706 695 xxxlx.
726 644 843 694 INDEX
860 642 1076 695 memorem
1093 642 1327 694 AES'l'IVABUM
1345 645 1424 695 1894.

382 806 573 884 destinalas,
607 805 653 869 ibi
689 805 746 869 ubi
778 804 842 870 hoe
872 804 1047 891 agebatur,
1080 808 1119 868 ut
1149 806 1208 869 has
1239 804 1400 890 virgines,
1436 826 1517 887 quas
1549 804 1619 867 sine

381 934 473 977 more
502 914 611 996 rapuit
638 911 810 995 Romulus,
842 912 907 975 iam
938 932 1006 975 non
1037 933 1112 975 snas
1134 912 1236 975 fuisse
1263 933 1338 975 cum
1363 912 1507 995 pondere
1532 910 1618 975 affin

381 1019 546 1083 meretur?

473 1125 553 1190 Post
581 1148 618 1191 ea
646 1148 728 1210 quae
756 1148 855 1210 snpra
881 1126 1044 1210 exscripta
1071 1130 1148 1190 sunt
1173 1124 1337 1191 Minucius
1368 1126 1481 1189 eodem
1512 1126 1620 1209 eapite

383 1233 494 1319 pergit
514 1232 596 1296 haec
619 1232 657 1296 de
680 1232 901 1297 Romanorum
923 1232 1081 1318 religione
1102 1232 1285 1319 irreligiosa
1307 1232 1448 1316 exsequi.

518 1340 593 1404 Iam
615 1342 769 1421 finitimos
790 1360 867 1421 apro
883 1340 1013 1420 pellere,
1040 1342 1180 1405 civitates
1196 1341 1365 1421 proximas
1390 1346 1521 1403 cratere
1548 1360 1619 1403 aim

517 1448 640 1530 templis
662 1452 691 1511 et
707 1446 871 1530 adonias,
894 1452 999 1527 captos
1016 1467 1127 1529 copore,
1150 1448 1279 1510 ᾱαηιηιζς
1295 1446 1411 1511 adimis
1427 1452 1457 1510 et
1472 1448 1541 1511 sais
1557 1466 1620 1511 soe-

518 1554 633 1618 lenlms
660 1554 831 1618 adolescere
858 1573 928 1617 arm
956 1554 1091 1618 Romulo
1117 1554 1240 1635 repetas
1268 1556 1375 1618 eoae
1400 1559 1430 1617 et
1451 1556 1621 1635 mensis

517 1661 647 1726 ducalius
674 1661 845 1742 disciplina
873 1663 1047 1725 maianis
1073 1666 1125 1725 est.
1161 1662 1190 1724 5.
1215 1659 1269 1724 Ila
1294 1662 1452 1742 qtsidquid
1478 1660 1621 1725 Romani

342 1795 370 1835 ιο
453 1770 474 1832 5
520 1774 630 1846 merul,
654 1768 764 1847 minat,
781 1768 953 1849 possident,
977 1769 1132 1832 audaciae
1147 1769 1274 1849 praedo
1295 1773 1356 1832 est:
1378 1768 1494 1849 mpla
1510 1770 1620 1833 omnio

518 1876 556 1939 de
578 1875 747 1954 macilis,
771 1876 807 1939 id
827 1881 872 1939 est
894 1876 933 1940 de
953 1876 1060 1939 minu
1081 1874 1216 1953 arbium,
1239 1876 1278 1939 de
1293 1874 1405 1956 spoliis
1421 1876 1558 1954 deomm,
1581 1876 1621 1939 de

517 1982 664 2047 medalu
684 1984 895 2047 sacerdotem:
917 1982 973 2046 hoc
990 1982 1145 2046 iaaaltare
1161 1988 1191 2047 el
1208 1982 1350 2046 inludere
1366 1988 1418 2061 est,
1441 1984 1531 2047 vidis
1547 1982 1620 2046 reli

515 2088 662 2171 pionem
687 2092 814 2167 servire,
845 2091 986 2171 captivas
1013 2111 1067 2153 eas
1088 2096 1162 2172 post
1187 2092 1336 2155 victorias
1361 2091 1513 2168 adorare;
1541 2110 1620 2153 nam

517 2198 653 2261 adorare
674 2218 754 2279 qaae
781 2218 880 2260 mana
902 2198 1026 2279 capieris
1052 2197 1252 2279 saerilepiam
1274 2202 1320 2260 est
1340 2218 1530 2276 merare,
1555 2219 1621 2261 noa

430 2303 474 2367 10
518 2307 662 2368 numina.
700 2310 728 2367 6.
747 2305 874 2368 Totiens
896 2324 966 2387 erpo
980 2305 1138 2369 Romanis
1158 2306 1326 2385 impiatum
1345 2309 1391 2367 est
1406 2307 1546 2385 paticus
1562 2306 1621 2368 tri-

518 2412 716 2493 umphatum,
744 2417 788 2475 tot
816 2412 855 2474 de
882 2412 947 2475 diis
972 2411 1076 2493 spolia
1100 2417 1174 2492 quot
1199 2412 1238 2475 de
1261 2411 1405 2493 paululas
1430 2417 1460 2475 et
1482 2417 1620 2493 tropaea.

521 2519 626 2600 Ipslur
648 2518 789 2581 Roinom‘
818 2538 882 2582 non
909 2518 979 2581 ideo
1006 2520 1090 2581 tanti
1114 2519 1199 2599 quod
1218 2518 1359 2600 relipiosi
1379 2519 1436 2583 sed
1455 2519 1540 2599 quod
1559 2520 1621 2582 im-

513 2645 601 2706 pune
621 2625 783 2706 socrilepi:
813 2630 841 2687 7.
860 2645 957 2705 nepae
980 2626 1064 2687 enim
1081 2630 1252 2705 pumat
1274 2627 1309 2688 in
1331 2626 1412 2706 ipsis
1433 2626 1521 2691 bellis
1547 2626 1622 2690 deos

519 2732 677 2795 adiutores
693 2731 811 2809 tabee,
825 2732 976 2796 andoersas
988 2752 1065 2813 quos
1077 2753 1171 2795 arnae
1183 2738 1365 2815 repererunt,
1383 2739 1413 2796 et
1424 2753 1500 2813 quos
1510 2738 1621 2814 posiu-

343 2865 371 2906 11
431 2838 473 2904 15
519 2838 662 2904 haerent
683 2838 928 2920 detriumphatos
949 2838 1044 2904 colere
1065 2846 1234 2922 coeperunt,

383 2946 422 3011 In
440 2947 493 3011 his
511 2948 614 3010 multa
632 2951 717 3029 sunt,
736 2947 774 3010 de
789 2946 907 3029 quibus
922 2967 1067 3011 seorsum
1082 2947 1123 3011 ab
1137 2947 1317 3011 editoribus
1335 2949 1507 3031 sentimus,
1529 2948 1620 3011 velut

384 3054 472 3138 quod
495 3055 528 3117 in
550 3053 612 3117 hae
635 3055 795 3118 sententia
817 3052 890 3139 (11)
913 3060 957 3119 tol
982 3056 1021 3118 de
1046 3056 1112 3119 diis
1136 3055 1240 3136 spolia
1265 3062 1339 3136 quot
1364 3056 1403 3118 de
1425 3054 1568 3136 patulas
1591 3060 1621 3118 et

384 3168 512 3243 uopaea
526 3182 599 3225 cum
612 3160 743 3225 Halmio
761 3161 908 3245 plerique
927 3183 1040 3225 omnes
1058 3183 1145 3225 nunc
1163 3162 1202 3226 de
1212 3161 1354 3244 positas
1365 3168 1440 3227 scal
1452 3159 1618 3247 tropaea*)
1634 3172 1676 3229 14

385 3269 494 3352 edunt,
517 3269 546 3332 ei
568 3290 636 3332 non
658 3267 858 3352 probabitur,
882 3268 910 3332 si
932 3267 1006 3350 quis
1029 3268 1064 3331 in
1086 3267 1150 3332 hoc
1172 3290 1289 3355 genere
1307 3268 1502 3352 scriptorum
1522 3291 1619 3352 quam

383 3376 570 3460 frequenter
592 3373 751 3438 similibus
775 3375 944 3438 sententiis
967 3381 997 3439 el
1022 3375 1182 3458 particula
1208 3376 1356 3459 quamvis
1384 3397 1620 3460 supervacanea

385 3482 460 3546 addi
482 3481 585 3546 soleat
608 3481 795 3565 attenderit,
819 3482 866 3547 sic
884 3481 1114 3565 Tertullianus,
1135 3505 1177 3546 ne
1199 3482 1284 3546 nihil
1306 3483 1350 3546 sit
1372 3481 1521 3566 exempli,
1544 3477 1620 3547 con'·

383 3597 435 3653 tra
457 3593 564 3675 gnost
584 3589 601 3651 1
627 3593 671 3652 lot
691 3609 809 3652 amena
831 3596 904 3670 quot
926 3595 955 3653 el
973 3610 1097 3670 ponera,
1120 3595 1164 3654 iot
1178 3590 1336 3671 penicles
1357 3596 1431 3670 piot
1451 3596 1481 3654 et
1496 3590 1620 3670 species,

384 3702 428 3761 lot
449 3696 569 3761 dolores
590 3702 661 3776 quot
686 3702 715 3760 el
741 3695 866 3773 colores,
894 3699 927 3760 et
955 3696 1040 3760 idem
1067 3697 1267 3781 saepissime,
1293 3695 1346 3759 vel
1370 3694 1550 3780 Cyprianus
1579 3695 1620 3758 de

385 3804 471 3867 bono
499 3801 675 3886 patientiae
702 3803 770 3866 12
794 3800 871 3888 (vol.
891 3821 903 3865 1
921 3826 953 3887 p.
973 3801 1054 3889 397)
1081 3809 1148 3867 lam
1173 3803 1242 3866 illic
1267 3803 1427 3884 paliarina
1455 3803 1544 3884 falsa
1576 3809 1622 3867 ast

344 3937 371 3975 so
385 3931 480 3991 wala
498 3915 528 3973 ei
542 3909 630 3990 salsa
647 3912 806 3990 sapieslia
824 3916 883 3986 est·
907 3910 959 3973 vel
977 3910 1073 3992 idem,
1090 3931 1132 3974 ne
1150 3910 1190 3973 de
1208 3909 1319 3993 positu
1335 3911 1515 3993 particulae
1533 3909 1620 3993 apud

385 4015 564 4081 Minucium
588 4016 725 4099 dubites,
749 4015 787 4080 de
811 4038 907 4100 opere
930 4021 963 4080 et
986 4016 1131 4081 eleemos.
1155 4038 1181 4080 e.
1202 4015 1243 4080 18
1262 4014 1308 4101 (p.
1323 4014 1404 4102 387)
1426 4021 1622 4098 praedasque

384 4129 453 4186 erat
478 4125 515 4186 ia
543 4125 633 4188 domo
654 4127 825 4206 piprsomm
854 4145 1017 4206 aunem,
1043 4128 1150 4187 tantas
1176 4123 1313 4187 dabalur
1338 4123 1394 4188 dea
1420 4129 1450 4188 el
1470 4143 1622 4188 nummos

384 4228 566 4293 munim.
604 4229 666 4294 Sed
688 4253 749 4295 nos
775 4229 855 4294 haec
874 4235 907 4294 et
925 4229 1046 4294 similia
1062 4251 1127 4293 non
1145 4251 1389 4314 persequemur:
1411 4229 1450 4294 de
1468 4235 1621 4295 extremis

475 4439 539 4509 ⁸23)
557 4440 665 4494 Eadem
688 4441 859 4496 correctione
877 4440 1009 4494 Halmius
1030 4457 1097 4493 usus
1121 4445 1257 4507 c.19,1.‘›
1278 4457 1331 4509 pro
1348 4439 1394 4494 his
1412 4457 1486 4508 quas
1504 4441 1620 4494 suntin

385 4528 484 4584 codice
508 4531 601 4583 eadem
618 4531 675 4596 sere
692 4538 717 4586 el
736 4533 789 4585 usta
808 4547 878 4599 quae
896 4537 992 4584 metra
1009 4537 1075 4585 sunt
1092 4529 1184 4583 edidit
1202 4530 1360 4598 ceterisque
1376 4530 1509 4599 probavit
1525 4531 1620 4584 eadm

384 4620 442 4684 sere
459 4625 525 4673 sint
541 4619 597 4672 ieta
615 4635 684 4687 puae
702 4627 797 4674 nostra
813 4626 894 4686 sant;
913 4619 963 4673 sed
976 4621 1128 4688 postquam
1142 4618 1283 4672 Minucius
1296 4619 1328 4673 in
1340 4619 1441 4673 eodem
1454 4619 1547 4688 eapite
1561 4619 1620 4673 ism

385 4705 430 4761 bis
449 4706 681 4776 philosophorum
701 4725 765 4761 cum
784 4709 946 4762 christianis
965 4723 1132 4761 consensum
1148 4707 1316 4761 memoravit
1334 4715 1352 4760 4
1373 4709 1449 4762 eides
1460 4709 1621 4778 philosophi

383 4797 552 4867 principales
569 4797 709 4850 uobismsm
723 4799 837 4865 peniteas
854 4798 1011 4866 opinionem
1028 4813 1192 4863 consonam
1210 4803 1227 4850 ὁ
1245 4798 1342 4850 horum
1356 4814 1461 4866 proque
1473 4798 1574 4852 11111111
1585 4799 1621 4852 de

385 4883 533 4941 divinitate
549 4887 688 4940 emensio
706 4893 753 4953 est,
772 4889 847 4940 certe
866 4891 891 4940 et
909 4889 963 4940 ista
981 4884 1181 4952 habebatque
1199 4885 1358 4939 referretur.
