3967 5725
635 593 941 644 88811888111818
960 593 1117 646 curuum
1136 593 1366 647 0181118808.
1547 591 1611 656 237

375 760 483 842 potest
510 755 654 822 cadendo
681 755 779 840 louge
805 759 838 819 et
862 756 1044 819 comminus
1066 756 1215 842 frangere
1239 754 1348 838 obvia,
1376 776 1449 820 cunr
1472 777 1613 839 pracser-

375 864 434 930 tim
456 863 534 927 huic
557 862 792 928 contrariorum
814 861 934 926 rationi
956 884 997 926 88
1015 863 1077 928 tate
1095 862 1226 946 quidem
1243 862 1436 928 vocabulum
1455 867 1542 927 recte
1561 863 1613 926 ad-

374 969 480 1035 hiberi
507 969 668 1052 videatur,
696 968 787 1034 cuius
815 990 897 1052 quae
923 969 973 1034 vis
998 969 1052 1052 sit,
1080 969 1246 1056 Vergilius
1273 970 1385 1034 docere
1409 972 1517 1053 potest
1540 991 1613 1034 cum

376 1077 454 1142 dicit
481 1075 576 1164 (Aen
599 1094 650 1140 xu
672 1074 754 1163 454)
786 1077 874 1141 dabit
901 1076 953 1142 itte
978 1079 1093 1142 rainae
1120 1077 1282 1142 0810111818
1307 1082 1500 1159 saepemque
1525 1078 1612 1155 sotis,

340 1191 445 1250 eruat
471 1187 579 1250 omnio
606 1184 774 1249 1018118.
800 1205 858 1268 per
885 1183 1029 1268 amplum
1057 1188 1160 1249 terrae
1188 1183 1337 1267 spatium.
1376 1181 1612 1248 8811081888

376 1292 463 1358 docti
486 1293 592 1377 specis
615 1313 649 1356 se
672 1291 781 1356 induci
804 1291 982 1375 patiuntur,
1006 1295 1039 1356 et
1062 1293 1137 1375 quia
1160 1290 1468 1356 0018181118εῶ88
1491 1311 1559 1355 esse
1578 1292 1614 1355 ta

377 1400 432 1464 der
454 1400 554 1478 Naue,
578 1400 641 1463 1100
664 1398 702 1461 ds
726 1397 892 1462 vicinitate
910 1397 974 1463 loci
995 1398 1166 1483 accipiunt,
1190 1398 1240 1463 cui
1260 1398 1410 1482 opposita
1429 1398 1472 1462 sit
1490 1401 1614 1462 remota

376 1507 475 1594 regio,
499 1505 618 1570 etsibi
640 1503 792 1569 videntur
813 1504 996 1591 intelligere
1018 1505 1082 1570 aab
1104 1506 1174 1570 aad
1193 1507 1274 1586 fera,
1297 1507 1334 1570 ta
1356 1506 1412 1570 der
1430 1505 1522 1570 Note
1545 1505 1615 1569 aad

376 1613 488 1678 Ferae.
516 1610 571 1675 'At
590 1633 660 1675 eam
679 1610 869 1675 senteutiam
887 1614 1061 1678 comminus
1079 1633 1145 1676 non
1164 1612 1272 1696 habet,
1296 1633 1392 1697 quam
1410 1631 1486 1678 vero
1505 1611 1615 1695 habet,

377 1723 415 1784 ca
437 1719 478 1783 ab
501 1718 658 1783 hocloco
681 1717 842 1800 abhorret,
865 1721 932 1782 tam
955 1719 1062 1784 hercle
1087 1741 1182 1803 quam
1206 1719 1353 1803 ineptum
1376 1722 1469 1802 esset,
1493 1719 1521 1783 si
1540 1719 1612 1802 quis
1629 1747 1653 1786 ro

378 1826 498 1891 dicarat
519 1826 632 1910 pinum
656 1825 869 1909 exturbatum,
892 1824 968 1889 dum
992 1847 1094 1910 prona
1117 1825 1253 1910 caderet,
1275 1827 1422 1912 frangere
1440 1826 1614 1892 obviavere
1725 1901 1732 1917 ,

377 1935 496 1998 weitem
518 1932 587 1997 aad
608 1951 668 1997 aas
691 1933 745 1996 der
768 1931 868 1996 Nota.
906 1930 1035 1997 Satisne
1056 1932 1239 1999 videbimur
1262 1933 1381 1998 dixisse
1403 1933 1441 1998 de
1459 1933 1519 1998 hac
1538 1933 1614 1998 scri·

377 2039 494 2126 ptura?
522 2037 629 2103 Nobis
653 2037 783 2122 quidem
806 2040 903 2123 paulo
927 2042 1025 2103 stiam
1048 2042 1122 2124 plus
1147 2062 1243 2124 quam
1268 2039 1353 2104 satis.

467 2145 587 2210 Tribus
611 2145 732 2211 criticis
755 2145 973 2210 editoribusve
996 2147 1144 2231 inprimis
1169 2147 1285 2230 acutis,
1309 2145 1410 2228 Birta,
1435 2144 1614 2229 SchwabiO,

379 2252 498 2333 ffiesio,
520 2252 702 2337 perplacuit
724 2251 804 2317 11888
827 2253 982 2317 orationis
1006 2253 1219 2319 conformatio
1244 2252 1283 2317 ab
1303 2253 1383 2337 ipsis
1403 2273 1547 2317 seorsum
1566 2275 1614 2318 re·

377 2363 469 2445 perta
496 2359 555 2424 illo
576 2359 689 2441 procat
714 2359 876 2424 radiabas
902 2359 1065 2424 exturbato
1093 2359 1204 2424 Proaa
1232 2360 1318 2424 cudit
1343 2359 1461 2441 tuteque
1485 2361 1615 2426 *ruinis

379 2464 527 2553 (mincis)
551 2466 641 2532 obvia
661 2467 822 2548 fraaperas.
858 2464 921 2541 Qui
944 2466 1074 2550 quidem
1091 2465 1187 2532 nobis
1206 2467 1364 2550 videntur,
1386 2469 1424 2531 ut
1443 2467 1481 2531 fit
1499 2469 1534 2532 in
1551 2467 1615 2534 hoc

379 2579 495 2660 genere
522 2574 651 2654 critico,
678 2573 782 2659 magis
810 2595 829 2636 a
855 2573 1009 2638 litterulis
1037 2574 1190 2638 rimandis
1220 2574 1327 2638 exorsi
1355 2595 1422 2638 8888
1451 2596 1547 2658 quam
1573 2574 1616 2638 ab·

379 2680 574 2765 exploranda
597 2681 757 2745 sententia
779 2683 835 2744 aut
856 2681 1011 2746 orationis
1030 2681 1171 2745 utilitate
1190 2680 1410 2765 expendenda:
1432 2703 1508 2750 nem
1528 2679 1615 2764 quod

349 2856 353 2862 ,
379 2789 460 2852 80118
486 2808 563 2851 sane
590 2787 768 2852 mutatione
797 2787 984 2872 effecerunt,
1012 2788 1041 2852 ai
1068 2787 1108 2851 ad
1137 2788 1327 2853 sententiam
1353 2787 1504 2873 refertur,
1531 2787 1614 2853 nihil
1629 2814 1655 2854 so

378 2895 484 2961 minus
499 2896 687 2980 exspectari
710 2896 854 2979 potuisse
878 2895 1001 2980 credas,
1029 2896 1125 2980 pinus
1150 2896 1236 2961 enim
1260 2916 1341 2980 quae
1363 2898 1478 2980 procul
1500 2896 1614 2961 radici·

378 3002 439 3067 bus
462 3001 634 3066 exturbata
656 3023 758 3083 prona
776 3001 870 3086 cadit,
894 3023 990 3086 quam
1011 3024 1048 3067 ea
1066 3003 1195 3069 taudem
1215 3002 1389 3083 commode,
1411 3024 1452 3067 ne
1469 3002 1613 3068 dicamus

380 3130 476 3191 quam
493 3110 684 3191 necessari0,
702 3109 808 3174 ruinis
825 3109 972 3194 frangere
991 3110 1086 3175 obvia
1106 3110 1251 3175 dicatur?
1287 3109 1364 3175 Non
1383 3130 1441 3175 nos
1461 3110 1614 3194 praeterit

378 3216 484 3299 poetis
508 3216 635 3301 copiam
658 3220 691 3281 81
711 3216 891 3281 ubertatem
910 3217 1065 3281 orationis
1084 3217 1226 3300 concedi,
1248 3239 1352 3301 nequa
1371 3217 1527 3281 Varronis
1546 3237 1614 3281 ver-

380 3344 452 3387 aum
467 3324 713 3406 supracitatum
727 3323 936 3408 negligimus:
952 3344 1033 3407 quae
1047 3324 1183 3389 fortasse
1198 3324 1276 3389 satis
1291 3328 1383 3388 erant
1394 3324 1435 3387 ad
1446 3324 1613 3389 tutandam

379 3430 573 3514 scripturam
596 3431 756 3514 traditam,
778 3431 909 3515 ingenio
932 3434 1077 3514 repertae
1101 3431 1179 3497 satis
1203 3430 1390 3495 adminiculi
1413 3432 1525 3497 afferre
1548 3448 1613 3495 non

379 3540 525 3619 possunt.
558 3534 643 3601 Nam
662 3538 839 3602 sententiae
857 3541 973 3601 natura
992 3558 1105 3620 parum
1119 3537 1294 3621 explorata,
1313 3542 1398 3603 certe
1415 3535 1448 3601 in
1463 3539 1614 3624 ambiguo

381 3647 430 3708 est
453 3643 531 3725 quid
554 3644 635 3707 istae
659 3644 848 3728 depravatae
872 3643 1014 3727 syllabae
1037 3643 1245 3728 abscondant,
1268 3667 1372 3729 neque
1391 3667 1427 3709 ea
1446 3645 1524 3709 satis
1543 3648 1615 3709 tuta

380 3750 677 3814 181108111881188111
701 3755 758 3833 881,
780 3772 942 3835 reponere,
966 3750 1043 3834 quia
1067 3750 1247 3835 speciosum
1270 3750 1322 3834 811,
1346 3752 1431 3835 quod
1454 3744 1615 3815 88118188

381 3855 541 3924 8881011118
559 3856 734 3922 utilitatem
753 3862 811 3921 aut
827 3858 1051 3923 necessitatem
1071 3880 1147 3941 prae
1167 3878 1201 3922 88
1219 3857 1314 3922 ferat:
1335 3880 1398 3942 quo
1418 3858 1489 3921 fieri
1502 3858 1614 3942 possit,
1629 3884 1655 3925 ao

380 3966 419 4028 ut
440 3964 529 4028 inani
552 3984 630 4028 voce
653 3964 744 4029 locus
764 3970 938 4049 occupetur
957 3966 1013 4048 qui
1032 3965 1210 4047 aptioribus
1230 3969 1286 4030 aut
1304 3964 1407 4050 magis
1426 3957 1614 4029 necessariis

382 4069 567 4142 debebatur.
603 4069 742 4139 Accedit
766 4072 852 4155 quod
878 4071 941 4136 ista
969 4072 1124 4136 orationis
1151 4072 1255 4137 forma
1269 4072 1380 4154 labat,
1401 4092 1509 4153 prorsa
1531 4072 1617 4137 cudit

380 4177 498 4257 lateque
523 4178 630 4241 roiate
651 4178 742 4242 obvio
762 4180 926 4260 satrapeae,
954 4180 988 4243 in
1012 4180 1086 4261 qua
1099 4182 1155 4243 aut
1178 4200 1236 4261 que
1257 4179 1416 4263 particula
1439 4182 1496 4241 aut
1517 4180 1616 4262 parti·

380 4282 501 4367 ⁴eipium
520 4286 707 4366 scrupulum
725 4289 818 4369 parat
835 4286 966 4370 legenti.
1004 4284 1098 4361 Quod
1118 4287 1173 4369 qui
1192 4286 1363 4370 perspexit,
1386 4284 1524 4369 Riesius,
1542 4306 1616 4350 oum

377 4391 501 4473 froapit
518 4392 672 4474 reposuit,
692 4391 829 4456 orationi
843 4392 975 4475 profuit,
995 4393 1050 4457 ssd
1064 4394 1267 4457 coniecturae
1281 4393 1505 4475 probabilitati
1518 4388 1615 4457 nimis

381 4519 478 4581 quam
502 4498 622 4576 obfirit3
646 4498 706 4563 etsi
730 4499 816 4562 enim
834 4498 921 4563 haud
940 4522 1012 4564 raro
1033 4500 1161 4564 criticos
1181 4501 1329 4564 similiter
1347 4520 1441 4586 agere
1460 4500 1616 4583 videmus,

380 4670 464 4741 plane
484 4673 559 4727 satie
572 4672 695 4739 faciunt;
713 4673 830 4743 propius
850 4674 886 4727 ad
900 4674 1011 4728 litteras
1025 4675 1147 4728 traditas
1162 4676 1297 4731 bosttbitis
1312 4675 1422 4730 accedit
1436 4677 1465 4729 et
1479 4675 1516 4729 ad
1530 4694 1617 4730 mauu

380 4760 411 4813 in
429 4761 518 4815 altero
537 4778 619 4816 vomu
638 4762 706 4816 addi
723 4764 808 4818 missa
826 4764 932 4833 potuit;
951 4766 985 4817 ut
1002 4763 1071 4817 haec
1089 4765 1144 4818 duo
1160 4767 1365 4833 componantur
1378 4764 1616 4832 quemadmodum

380 4848 411 4903 Π.
426 4870 463 4903 xx
478 4856 530 4903 462
550 4851 600 4905 τὸν
619 4851 770 4921 111νὸ0801
789 4853 890 4923 βαλών,
908 4852 957 4908 τὸν
976 4850 1008 4907 δὲ
1028 4853 1127 4922 σχεδὸν
1146 4852 1211 4921 douc
1230 4853 1335 4923 τύψας,
1354 4853 1424 4907 ibid.
1441 4858 1514 4908 3711·
