3967 5725
686 614 688 621 '
718 604 1002 659 EMENDATIONES
1019 604 1233 657 Panormus.
1546 602 1593 665 33

357 768 491 853 propria
514 767 750 853 significatione
774 788 874 851 paena
897 766 937 830 ad
959 766 1026 831 rim
1043 768 1252 850 temporalem
1272 768 1394 833 accedit
1413 764 1594 854 (abdanng

357 897 463 959 neque
481 874 623 941 insolens
643 877 693 937 est
711 874 738 939 is
758 896 844 954 usus,
864 895 960 957 quem
979 874 1032 938 rel
1050 873 1128 941 haec
1142 873 1290 958 exempla
1303 873 1455 939 Plautina
1468 896 1546 957 prae
1560 896 1595 939 so

359 981 480 1064 fcnmt,
503 980 701 1051 Menaechm.
720 998 742 1043 v
762 980 797 1064 6,
816 980 859 1044 29
883 980 1056 1062 Postquam
1081 982 1118 1044 a'u
1145 980 1308 1047 tabernam
1334 1001 1412 1046 casu
1439 986 1468 1045 et
1493 1002 1596 1046 serum

358 1088 526 1171 mmccccl,
555 1094 590 1155 ut
615 1090 763 1165 iusserat,
792 1087 856 1152 Ita
882 1089 970 1153 venio
998 1089 1179 1167 advorsum,
1204 1085 1331 1153 Curcul.
1350 1103 1373 1151 v
1392 1090 1423 1173 3,
1443 1089 1481 1151 11
1512 1088 1596 1170 Quia

352 1216 412 1279 epo
440 1216 477 1261 ac
499 1201 528 1259 te
549 1196 640 1261 bodie
660 1196 781 1276 faciam
798 1194 904 1276 pilam
928 1195 1173 1277 catapultarium
1195 1195 1298 1276 Atque
1320 1196 1376 1258 itu
1398 1194 1443 1280 (h.
1463 1217 1488 1259 e.
1507 1200 1595 1279 post-

358 1324 458 1385 quam
490 1306 522 1366 te
552 1301 614 1366 feci
642 1302 745 1386 pilum
776 1301 1038 1385 catapultarium)
1067 1307 1096 1365 te
1122 1323 1213 1366 nouo
1241 1302 1394 1383 torquebo,
1425 1303 1535 1367 itidem
1561 1308 1597 1367 ut

357 1409 536 1492 catapultae
553 1410 658 1475 soleat.
690 1407 791 1473 Porro
811 1428 876 1473 com
895 1410 942 1473 ita
961 1407 1048 1492 quod
1066 1430 1157 1491 quom
1175 1409 1223 1473 ita
1240 1409 1490 1492 interpretamur
1506 1406 1592 1495 (nam

360 1537 400 1580 ne
429 1520 477 1580 est
506 1516 635 1600 quidem
664 1514 751 1599 quod
778 1516 825 1579 ita
853 1513 1040 1601 scribatur),
1068 1514 1102 1579 in
1130 1515 1240 1580 eadem
1264 1515 1376 1580 fabula
1397 1533 1424 1579 11
1443 1515 1477 1599 2,
1496 1515 1540 1580 84
1561 1516 1596 1579 in

357 1623 453 1688 libris
476 1624 631 1707 scriptum
655 1626 704 1687 est
726 1644 817 1704 quom
840 1624 942 1687 merui
963 1621 1016 1686 vel
1038 1624 1239 1705 quommoui,
1262 1622 1349 1706 quod
1366 1624 1542 1705 commerui,
1565 1626 1598 1686 et

359 1748 397 1793 1v
412 1730 442 1814 2,
456 1729 500 1795 50
523 1730 557 1794 in
577 1730 771 1795 contrariam
790 1734 915 1814 partem
934 1731 1065 1812 copiam
1089 1729 1176 1813 quod
1193 1731 1340 1811 quopiam
1359 1752 1428 1795 esse
1447 1729 1644 1814 debebut31o

361 1838 490 1902 minuat
517 1841 623 1902 autem
651 1840 726 1920 post
752 1838 864 1901 comita
888 1836 976 1901 facili
1000 1857 1107 1901 errore
1130 1836 1253 1921 negligi
1275 1836 1396 1920 potuit3
1419 1838 1454 1900 in
1477 1858 1540 1919 qua
1563 1858 1597 1899 re

359 1943 443 2008 illud
466 1966 594 2028 quoque
618 1943 846 2007 attendendum
871 1946 929 2026 est,
953 1944 987 2007 in
1005 1942 1205 2007 Mostellaria
1228 1942 1338 2008 multis
1356 1943 1438 2008 locis
1457 1944 1598 2027 syllabas

361 2052 414 2115 rel
436 2073 530 2117 voces
554 2052 704 2135 expulsas
728 2071 797 2114 esse
816 2052 849 2113 in
868 2050 969 2134 libris,
994 2072 1238 2133 nonnumquam
1256 2050 1371 2133 spatiis
1389 2050 1520 2135 relictis,
1542 2051 1597 2116 sed

359 2180 455 2241 saepe
488 2157 578 2222 nullo
612 2157 730 2222 indicio
755 2158 946 2221 omissorum
974 2156 1070 2221 facto.
1112 2155 1259 2241 Denique
1287 2178 1350 2222 vox
1378 2158 1439 2222 ista
1466 2157 1598 2241 adiecta,

359 2286 459 2348 quam
483 2264 642 2329 sententia
666 2285 798 2347 poscere
817 2262 996 2346 ridebatur,
1020 2263 1118 2329 simul
1135 2285 1285 2328 versuum
1303 2287 1364 2348 par
1380 2264 1598 2349 probabilium

361 2370 475 2455 efficit,
504 2376 628 2435 serrata
656 2374 832 2436 metrorum
861 2369 1077 2454 descriptione
1105 2393 1187 2454 quae
1215 2374 1264 2435 est
1291 2372 1324 2435 in
1348 2370 1466 2435 Vetere
1489 2372 1598 2438 codice

495 2480 552 2542 Ad
573 2478 721 2561 legionem
745 2499 810 2543 com
833 2479 880 2541 itu
903 2476 1040 2542 mittunt
1062 2478 1291 2542 admirandum
1314 2480 1359 2543 eis
1381 2480 1506 2544 dunaal

659 2587 741 2650 Tum
766 2587 832 2649 iam
855 2585 991 2665 aliquem
1015 2590 1178 2666 munorum
1201 2582 1337 2670 anund)

363 2690 514 2756 Nondum
549 2693 627 2758 satis
661 2691 782 2757 dictum
816 2696 865 2757 est
888 2691 926 2756 de
959 2690 1011 2755 his
1043 2692 1197 2756 versibus.
1244 2691 1308 2756 Sed
1340 2692 1427 2776 quod
1458 2693 1598 2758 addituri

303 2824 347 2880 13
363 2820 472 2865 sumus
506 2804 542 2865 ut
570 2803 655 2864 recte
685 2800 893 2884 disceptetur,
927 2798 1116 2864 ordiendum
1143 2803 1194 2862 est
1221 2822 1240 2865 a
1266 2799 1413 2884 proxima
1441 2800 1640 2866 sententiaro

361 2907 504 2972 Eatenus
537 2907 649 2972 obeunt
681 2928 702 2970 u
732 2907 843 2987 fabris.
886 2905 973 2982 Quae
1007 2928 1200 2990 quamquam
1231 2906 1308 2971 satis
1336 2928 1405 2971 esse
1431 2907 1600 2991 perspicua

362 3013 497 3098 videtur,
530 3017 637 3078 tamen
669 3014 862 3097 interpretes
894 3013 1042 3098 plerique
1075 3035 1184 3077 omnes
1217 3017 1274 3077 aut
1302 3013 1475 3078 haeserunt
1501 3015 1536 3077 in
1563 3037 1600 3078 ea

362 3142 467 3203 neque
486 3142 519 3184 se
539 3120 749 3204 expedierunt
769 3124 825 3184 aut
844 3120 1043 3184 emendando
1058 3123 1270 3203 corruperunt
1284 3142 1366 3204 quae
1379 3124 1466 3185 recte
1480 3123 1601 3204 scripta

364 3231 442 3291 erat.
478 3226 577 3292 Velut
596 3227 793 3292 Ritsehelius
812 3228 940 3294 inanem
961 3249 1000 3290 ex
1019 3230 1153 3312 perapta
1172 3226 1351 3291 orationem
1369 3228 1504 3312 effinxit,
1527 3250 1599 3292 oum

365 3333 537 3398 inducente
556 3335 651 3399 metri
669 3336 793 3399 ratione
814 3335 869 3398 sed
887 3335 977 3398 nulla
996 3356 1068 3398 cum
1086 3333 1317 3418 probabilitate
1329 3340 1480 3416 protenus
1493 3335 1617 3417 ederet

363 3463 421 3524 pro
449 3446 586 3524 catenum
616 3463 679 3524 quo
708 3445 816 3506 tamen
842 3463 921 3506 usus
949 3440 988 3505 A.
1009 3439 1200 3527 Spengelius
1229 3444 1262 3505 et
1288 3441 1357 3524 ipse
1384 3442 1478 3505 metri
1506 3463 1601 3506 causa

362 3569 436 3612 cum
459 3547 522 3611 hoc
546 3547 675 3614 adderet
698 3551 735 3612 ut
756 3548 847 3630 fabro
870 3547 936 3634 legi
959 3547 1086 3612 iuberet
1108 3570 1168 3631 pro
1190 3547 1306 3629 fabrus,
1331 3548 1380 3613 bis
1403 3549 1544 3634 graviter
1567 3549 1601 3611 in

361 3657 431 3718 tam
458 3653 578 3738 pusilla
605 3657 765 3726 sententia
791 3653 984 3741 peccarit*).
1026 3654 1118 3719 Unus
1143 3651 1318 3736 Seyffertus
1340 3676 1414 3718 rere
1436 3654 1601 3738 iudicavit,

363 3759 492 3824 videtur
521 3761 652 3844 quidem
683 3761 779 3825 nobis
812 3783 884 3825 vere
917 3761 1089 3846 iudicasse3
1120 3784 1196 3825 nam
1229 3783 1288 3825 nec
1315 3760 1469 3846 Ussingio
1496 3783 1601 3844 neque

363 3865 521 3932 Lorenzio
548 3869 723 3951 persuasit,
752 3869 808 3951 qui
837 3868 1078 3952 interpretando
1106 3868 1141 3931 in
1166 3869 1265 3954 louge
1293 3868 1419 3932 diversa
1445 3869 1600 3933 abierunt.
1615 3897 1642 3938 so

358 4035 503 4131 depictam.
541 4061 604 4114 Non
629 4060 712 4114 aliter
734 4078 808 4114 nuuc
831 4061 861 4113 in
884 4061 993 4130 protasi
1016 4061 1141 4129 positum
1164 4063 1207 4114 est
1230 4062 1272 4114 ita
1294 4064 1326 4114 ut
1350 4061 1522 4129 superiorem
1541 4079 1601 4114 ora·

363 4147 471 4204 tionem
490 4147 702 4218 complectatur.

454 4237 516 4305 ⁸18)
535 4238 676 4292 Incertum
695 4241 739 4292 est
757 4241 852 4292 utrum
866 4245 999 4308 copiastae
1013 4239 1115 4306 aliquia
1128 4255 1196 4292 suas
1209 4237 1322 4290 dicatur
1336 4255 1372 4291 an
1386 4240 1489 4312 aliquis
1502 4256 1601 4309 coprea-

365 4333 455 4381 tormu
468 4344 589 4393 suorum,
604 4329 716 4395 poterat
731 4327 806 4380 euim
820 4329 978 4394 utrumque.
1004 4334 1128 4381 caestuum
1141 4328 1229 4380 salute
1242 4327 1346 4381 sociam
1360 4327 1443 4381 estin
1452 4327 1601 4382 Menaech-

364 4414 432 4482 mis;
450 4417 479 4469 et
494 4415 523 4468 in
537 4415 629 4470 Milite
644 4415 718 4470 Glor.
733 4435 755 4468 11
769 4422 793 4483 ὁ,
810 4423 843 4468 22
858 4417 963 4470 dieitur
976 4417 1130 4471 vicinorum
1144 4415 1263 4484 aliquis;
1277 4415 1327 4469 sed
1341 4415 1372 4469 in
1386 4416 1486 4470 eadem
1500 4415 1600 4470 fabula

366 4509 481 4572 112‚84
500 4523 561 4559 curn
581 4511 701 4560 amatore
720 4506 814 4574 aliquo
833 4523 895 4571 sam
915 4508 945 4558 et
962 4505 1016 4560 boc
1035 4504 1134 4576 igitur,
1158 4506 1190 4557 ut
1208 4504 1299 4573 magis
1317 4504 1462 4573 proprium
1480 4504 1600 4569 ridetur,

367 4609 441 4646 nuno
460 4610 573 4662 quoque
592 4593 712 4648 voluisse
731 4597 845 4663 poetam
863 4596 1006 4664 putamus.

456 4681 520 4752 *28)
533 4679 635 4738 'Fabro
659 4700 676 4736 a
695 4701 725 4737 sa
744 4683 869 4752 positum
887 4683 1055 4753 Spengelius
1075 4700 1130 4750 quo
1150 4685 1265 4736 tueatur
1283 4681 1403 4736 conferri
1421 4680 1501 4734 iubet
1519 4699 1543 4733 v.
1559 4686 1601 4733 33.

366 4770 424 4824 Sed
445 4770 530 4826 facile
551 4771 733 4841 intelligitur,
756 4773 869 4839 fabrum
888 4774 999 4826 aedium
1016 4774 1093 4826 recta
1112 4772 1183 4839 dici,
1207 4770 1366 4838 diciturque
1384 4787 1440 4823 non
1460 4767 1551 4821 solum
1569 4784 1601 4822 eo

366 4857 430 4913 loco
449 4861 499 4916 sed
518 4861 605 4918 etiam
625 4867 668 4928 20,
682 4868 812 4930 parentes
831 4878 894 4917 vero
912 4860 968 4915 nisi
986 4864 1082 4929 fabros
1101 4878 1158 4914 non
1177 4859 1304 4928 potuisse
1323 4856 1468 4927 appellari.

420 4959 550 5000 vahlenl
564 4961 675 5009 opuscula
689 4961 722 5000 11.
1374 4950 1390 4996 3
