3967 5725
732 646 782 695 na
799 645 983 697 nuunmrs
1001 645 1183 696 mouns.
1527 644 1567 708 77

335 806 623 871 Wilamowitzium
642 804 720 893 (vid.
735 829 765 890 p.
782 804 862 893 214)
882 806 1056 871 difficultas
1071 828 1135 890 qua
1149 806 1229 870 haec
1243 807 1415 890 explicatio
1428 808 1568 872 laborat:

335 935 452 999 nempe
474 912 580 979 Pallas
603 936 664 978 nec
687 917 761 978 ante
784 916 962 978 memorata
984 916 1034 978 est
1055 935 1162 996 neque
1188 935 1275 977 nune
1297 914 1366 979 eius
1388 916 1570 998 praesentia

334 1024 382 1085 ita
413 1021 584 1085 denotatur
616 1024 653 1084 ut
684 1043 754 1084 eam
792 1020 894 1085 oculis
930 1020 1038 1084 videre
1075 1041 1167 1084 senes
1200 1018 1370 1085 Thebanos
1407 1026 1569 1105 appareat.

336 1127 465 1192 Referri
488 1131 595 1191 autem
618 1127 710 1191 iubet
732 1128 791 1192 hos
816 1129 976 1191 tumultus
1000 1149 1081 1211 quos
1103 1125 1211 1191 Pallas
1238 1132 1392 1210 provocet
1415 1129 1450 1192 in
1472 1128 1568 1193 domo

336 1235 376 1299 ad
399 1256 540 1319 eaquae
567 1235 700 1299 nuntius
728 1238 837 1298 narrat
860 1256 888 1298 v.
906 1234 992 1298 1002
1017 1255 1086 1317 sqq.
1109 1232 1250 1298 Palladis
1278 1234 1461 1299 interventu
1488 1234 1569 1299 Her-

335 1342 417 1406 culis
436 1342 562 1407 furores
582 1363 783 1425 compressos
802 1362 881 1423 esse,
901 1338 978 1407 ἀλλ’
995 1336 1101 1423 ἦλθεν
1121 1343 1229 1423 είκών,
1249 1341 1293 1417 ὡς
1308 1340 1391 1425 ὁρᾶν
1405 1339 1570 1426 ἐφαίνετο,

336 1451 473 1525 Παλλὰς
499 1446 716 1533 κραδαίνουσ’
745 1444 840 1532 ἔγχος
867 1445 1046 1532 ἐπίλογχον
1068 1449 1140 1532 χερί
1167 1449 1309 1533 ιιίιρριψε
1331 1446 1455 1532 πέτρον
1478 1449 1571 1532 στέρ-

334 1579 398 1620 νον
428 1559 478 1632 εἰς
503 1552 706 1639 Ἡρακλέους
735 1561 803 1619 κτλ.
850 1552 939 1630 Quae
968 1559 1077 1619 tamen
1106 1576 1180 1619 cum
1211 1555 1276 1619 illis
1306 1554 1396 1621 chori
1426 1556 1569 1621 versibus

336 1664 495 1728 curiosius
519 1664 697 1727 conferenti
724 1683 791 1725 non
813 1661 905 1726 valde
929 1661 1111 1725 consentire
1133 1661 1337 1727 videbuntur.
1383 1661 1490 1738 Quare
1510 1685 1570 1729 nos

334 1772 429 1835 aliter
456 1769 733 1854 interpretandum
749 1772 915 1853 vputamus
943 1774 1041 1852 atque
1068 1769 1336 1853 proficiscendum
1365 1791 1433 1834 esse
1461 1770 1501 1835 ab
1529 1771 1569 1836 iis
1584 1794 1611 1834 ιο

335 1898 419 1960 quae
442 1878 560 1942 Λύσσα
584 1876 683 1941 choro
706 1876 857 1941 audiente
879 1875 1023 1961 prodidit
1045 1876 1085 1939 de
1107 1876 1203 1940 rebus
1226 1898 1306 1960 quas
1329 1878 1418 1942 iussu
1436 1876 1570 1942 Iunonis

337 1988 470 2069 gestura
492 1989 578 2048 esset
601 1984 636 2049 in
659 1984 755 2047 domo
778 1982 928 2048 Herculis
951 2006 979 2047 v.
996 1983 1062 2047 864
1081 2004 1150 2067 sqq.

496 2090 550 2155 καί
574 2090 766 2177 καταρρήξω
790 2090 943 2175 μέλαθρα
966 2090 1021 2155 καί
1044 2091 1170 2172 δόμους
1193 2088 1366 2174 ἐπεμβαλῶ

496 2194 581 2262 τέκν’
610 2197 832 2262 ἀποκτείνασα
854 2208 997 2280 πρῶτον.

334 2304 482 2389 Cumque
513 2323 604 2368 senes
635 2305 775 2370 Λύσσαν
804 2307 838 2369 in
869 2304 1002 2368 domum
1031 2305 1203 2368 intrantem
1235 2305 1401 2368 evanuisse
1431 2304 1571 2370 viderint

335 2412 432 2497 (8733
464 2409 554 2498 880),
585 2411 672 2475 haud
702 2410 792 2475 dubii
822 2410 902 2495 'quin
932 2414 1058 2475 tantum
1088 2432 1209 2474 numen
1238 2410 1320 2474 nihil
1350 2432 1461 2475 eorum
1488 2433 1570 2495 quae

335 2519 447 2602 cupiat
470 2520 636 2601 ἄκραντον
659 2518 834 2601 relinquat,
866 2518 975 2583 statim
1004 2540 1041 2581 ea
1069 2539 1151 2600 quae
1173 2517 1278 2582 voluit
1306 2522 1338 2582 et
1365 2540 1430 2601 quo
1458 2520 1570 2583 ordine

333 2626 439 2690 voluit
467 2626 646 2710 perfectum
675 2626 716 2690 iri
743 2626 922 2707 confidunt,
951 2626 1092 2709 primum
1119 2645 1236 2709 pueros
1259 2624 1409 2690 Herculis
1436 2630 1571 2710 paterna

333 2755 433 2796 manu
459 2732 572 2816 occidi,
596 2733 671 2797 dein
694 2733 825 2796 domum
844 2733 967 2796 moveri
986 2754 1024 2797 ae
1041 2732 1188 2796 funditus
1206 2732 1403 2797 labefactari.
1444 2731 1570 2797 Harum

334 2839 437 2924 igitur
455 2863 562 2905 rerum
582 2840 708 2924 seriem,
727 2861 822 2923 quam
842 2838 1013 2924 profitente
1032 2838 1090 2905 dea
1105 2842 1302 2924 compertam
1316 2838 1423 2924 habet,
1442 2839 1569 2923 chorus,
1584 2865 1611 2905 ει

334 2969 530 3031 quamquam
549 2947 618 3012 fieri
636 2947 720 3012 nihil
738 2947 834 3029 videt,
853 2951 948 3011 cantu
963 2968 1022 3012 suo
1036 2949 1257 3032 prosequitur:
1274 2948 1309 3012 id
1323 2948 1411 3031 quod
1424 2948 1569 3030 chorum,

334 3055 455 3138 quippe
486 3055 639 3119 scientem
668 3076 749 3138 quae
778 3054 991 3138 exspectanda
1018 3057 1138 3136 essent,
1170 3054 1274 3118 facere
1300 3056 1444 3138 potuisse
1472 3056 1569 3119 etiam

334 3161 426 3226 nulla
448 3160 697 3245 Amphitryonis
721 3160 952 3226 exclamatione
970 3161 1163 3226 intrinsecus
1183 3161 1301 3245 audita,
1325 3162 1397 3245 quis
1415 3162 1570 3248 negabit?

334 3267 441 3344 Quare
463 3269 586 3353 pueris,
614 3273 651 3332 ut
674 3272 781 3352 putat,
809 3268 872 3332 iam
896 3269 1025 3352 occisis,
1053 3289 1125 3332 cum
1153 3269 1284 3333 domum
1311 3270 1439 3333 concuti
1462 3271 1569 3352 sentit,

335 3379 407 3440 tum
426 3375 483 3440 illa
502 3377 660 3441 exclamat
679 3375 755 3440 ἰδοὺ
775 3376 862 3458 ἰδού,
884 3377 1013 3440 θύελλα
1037 3377 1117 3440 σείει
1137 3376 1240 3460 δῶμα,
1264 3378 1444 3457 συμπίπτει
1463 3375 1569 3460 στέγη.

335 3480 467 3547 Accidit
497 3487 604 3547 autem
634 3486 757 3566 motus,
786 3504 882 3565 quem
913 3481 1030 3547 chorus
1061 3482 1151 3566 dicit,
1181 3504 1246 3547 non
1273 3487 1343 3547 tum
1367 3506 1439 3548 cum
1462 3482 1570 3547 Pallas

339 3587 556 3673 κραδαίνουσ’
584 3586 680 3674 ἔγχος
693 3585 809 3673 ἔρριψε
823 3587 946 3673 πέτρον
960 3588 1100 3673 στέρνον
1114 3590 1162 3665 είς
1171 3588 1374 3674 Ἡρακλέους
1389 3587 1491 3677 (1003
1507 3589 1569 3675 sq.)

337 3696 395 3759 sed
417 3701 486 3760 tum
512 3718 583 3760 cum
602 3694 758 3761 Hercules
777 3693 873 3781 (998)
897 3696 940 3771 ὡς
964 3694 1013 3760 ἐπ’
1041 3697 1155 3772 αὐτοῖς
1174 3696 1215 3778 δὴ
1234 3684 1504 3761 Κυκλωπείοισιν
1522 3694 1571 3761 ὢν

337 3803 474 3867 σκάπτει
496 3804 650 3887 μοχλεύει
672 3805 830 3886 θύρετρα,
853 3801 1029 3885 κάκβαλὼν
1052 3804 1185 3887 σταθμοί
1208 3804 1412 3887 superstitem
1435 3824 1570 3887 puerum

337 3913 470 3974 tertium
501 3931 565 3974 una
597 3932 668 3973 cum
698 3913 799 3973 matre
829 3913 1002 3973 mactatum
1031 3910 1098 3973 ivit.
1145 3909 1233 3973 Haec
1260 3933 1320 3974 nos
1348 3930 1421 3974 cum
1448 3913 1570 3993 specta·
1583 3935 1611 3974 ιι

338 4017 465 4082 toribus
494 4039 532 4081 ex
560 4017 667 4081 nuntii
694 4016 878 4080 narratione
904 4016 1130 4100 perspicimus,
1160 4017 1276 4080 chorus
1307 4021 1463 4099 quantum
1491 4017 1569 4080 satis

340 4128 409 4187 erat
433 4146 472 4188 ex
492 4125 628 4207 Λύσσης
649 4123 756 4188 verbis
781 4121 862 4209 (864
880 4121 941 4208 sq.)
965 4127 1170 4207 cognoverat,
1193 4125 1249 4206 qui
1272 4145 1354 4207 quae
1376 4123 1411 4186 in
1429 4126 1571 4188 extrema

337 4235 428 4315 parte
443 4231 561 4296 cantici
576 4233 683 4295 cantat
693 4229 773 4316 (905
784 4227 877 4316 squ),
892 4251 964 4294 oum
978 4230 1125 4313 utrisque
1139 4231 1217 4294 satis
1232 4230 1414 4312 conspirare
1429 4235 1570 4314 apparet.

338 4337 390 4400 Ex
414 4358 479 4419 quo
503 4337 710 4421 perspicuum
734 4337 781 4418 fit,
804 4337 889 4412 Διὸς
912 4347 971 4400 καί
995 4337 1051 4418 qui
1069 4336 1250 4421 appellatur
1268 4334 1363 4423 (907)
1382 4359 1447 4401 non
1467 4336 1569 4400 Palla·

337 4443 410 4508 dem
434 4465 517 4526 esse,
547 4465 643 4527 quam
666 4443 769 4508 nescit
793 4443 909 4507 chorus
933 4443 1057 4526 adesse,
1080 4443 1135 4507 sed
1158 4441 1344 4526 Herculem,
1373 4466 1467 4527 quem
1491 4443 1570 4508 haee

337 4554 539 4633 patraturum
570 4550 701 4615 edoctus
732 4553 793 4632 est,
824 4553 856 4613 et
887 4550 942 4632 qui
966 4550 1050 4625 Διὸς
1077 4547 1214 4632 ἔκγονος
1241 4551 1275 4613 in
1303 4550 1416 4615 codem
1444 4551 1569 4616 cantico

338 4656 455 4720 dicitur
477 4680 506 4721 τ.
522 4657 586 4722 8λ6
611 4654 664 4742 (cf.
681 4656 745 4721 696
770 4660 802 4719 et
827 4654 941 4742 1020),
965 4679 1068 4739 neque
1092 4657 1225 4721 dubium
1245 4678 1314 4721 esse
1333 4656 1468 4739 videtur,
1491 4659 1570 4740 quin

338 4761 445 4828 Pallas
481 4764 514 4826 in
548 4767 691 4828 extremo
721 4763 846 4827 cantico
874 4763 937 4827 nisi
966 4764 1215 4846 comparationis
1244 4785 1340 4827 causa
1367 4785 1434 4828 non
1460 4764 1570 4827 affera-

338 4875 405 4954 tur,
440 4873 472 4933 et
505 4868 696 4934 sententiam
726 4869 760 4933 in
787 4868 874 4933 hunc
901 4870 1034 4934 modum
1063 4869 1216 4953 explicari
1245 4874 1392 4953 oporteat
1418 4870 1570 4952 τάραγμα
