<?xml version="1.0" encoding="UTF-8"?>
<!DOCTYPE html PUBLIC "-//W3C//DTD XHTML 1.0 Transitional//EN"
    "http://www.w3.org/TR/xhtml1/DTD/xhtml1-transitional.dtd">
<html xmlns="http://www.w3.org/1999/xhtml" xml:lang="en" lang="en">
 <head>
  <title>
</title>
<meta http-equiv="Content-Type" content="text/html;charset=utf-8" />
  <meta name='ocr-system' content='tesseract 3.04.00' />
  <meta name='ocr-capabilities' content='ocr_page ocr_carea ocr_par ocr_line ocrx_word'/>
</head>
<body>
  <div class='ocr_page' id='page_1' title='image "./iohannisvahleni00vahlgoog/iohannisvahleni00vahlgoog_0040.png"; bbox 0 0 3967 5725; ppageno 0'>
   <div class='ocr_carea' id='block_1_1' title="bbox 427 591 1457 656">
    <p class='ocr_par' dir='ltr' id='par_1_1' title="bbox 427 591 1457 656">
     <span class='ocr_line' id='line_1_1' title="bbox 427 591 1457 656; baseline 0 -13"><span class='ocrx_word' id='word_1_1' title='bbox 427 591 477 656; x_wconf 76' lang='lat'><strong><em>30</em></strong></span> <span class='ocrx_word' id='word_1_2' title='bbox 630 594 740 645; x_wconf 86' lang='lat' dir='ltr'>XXXV.</span> <span class='ocrx_word' id='word_1_3' title='bbox 760 594 876 644; x_wconf 84' lang='lat' dir='ltr'>INDEX</span> <span class='ocrx_word' id='word_1_4' title='bbox 894 593 1109 644; x_wconf 82' lang='lat' dir='ltr'><strong>LECTIONUM</strong></span> <span class='ocrx_word' id='word_1_5' title='bbox 1127 591 1360 644; x_wconf 76' lang='lat' dir='ltr'>AESTIVARUM</span> <span class='ocrx_word' id='word_1_6' title='bbox 1380 594 1457 644; x_wconf 77' lang='lat'><strong>1892.</strong></span> 
     </span>
    </p>
   </div>
   <div class='ocr_carea' id='block_1_2' title="bbox 392 753 1666 2229">
    <p class='ocr_par' dir='ltr' id='par_1_2' title="bbox 392 753 1666 2229">
     <span class='ocr_line' id='line_1_2' title="bbox 521 753 1665 837; baseline 0.002 -18"><span class='ocrx_word' id='word_1_7' title='bbox 521 754 565 821; x_wconf 82' lang='grc'><strong><em>45</em></strong></span> <span class='ocrx_word' id='word_1_8' title='bbox 611 755 794 837; x_wconf 63' lang='lat' dir='ltr'><strong><em>Ennianum,</em></strong></span> <span class='ocrx_word' id='word_1_9' title='bbox 816 756 923 819; x_wconf 81' lang='lat' dir='ltr'><strong><em>docent</em></strong></span> <span class='ocrx_word' id='word_1_10' title='bbox 940 753 1068 832; x_wconf 75' lang='lat' dir='ltr'><strong><em>litteras,</em></strong></span> <span class='ocrx_word' id='word_1_11' title='bbox 1090 755 1175 834; x_wconf 84' lang='lat' dir='ltr'><strong><em>ima,</em></strong></span> <span class='ocrx_word' id='word_1_12' title='bbox 1198 754 1276 835; x_wconf 79' lang='lat' dir='ltr'><strong><em>loyes</em></strong></span> <span class='ocrx_word' id='word_1_13' title='bbox 1292 774 1348 819; x_wconf 87' lang='lat' dir='ltr'><strong><em>suo</em></strong></span> <span class='ocrx_word' id='word_1_14' title='bbox 1365 759 1491 835; x_wconf 71' lang='lat' dir='ltr'><strong><em>sumptu</em></strong></span> <span class='ocrx_word' id='word_1_15' title='bbox 1508 760 1536 819; x_wconf 83' lang='lat' dir='ltr'><strong><em>at</em></strong></span> <span class='ocrx_word' id='word_1_16' title='bbox 1553 754 1665 826; x_wconf 73' lang='lat' dir='ltr'><strong><em>labore.</em></strong></span> 
     </span>
     <span class='ocr_line' id='line_1_3' title="bbox 612 860 1539 943; baseline -0.002 -16"><span class='ocrx_word' id='word_1_17' title='bbox 612 862 772 927; x_wconf 89' lang='lat' dir='ltr'><strong><em>Nitnntur·</em></strong></span> <span class='ocrx_word' id='word_1_18' title='bbox 790 868 825 926; x_wconf 92' lang='lat' dir='ltr'><strong><em>ut</em></strong></span> <span class='ocrx_word' id='word_1_19' title='bbox 847 861 907 926; x_wconf 83' lang='lat' dir='ltr'><strong><em>aiii</em></strong></span> <span class='ocrx_word' id='word_1_20' title='bbox 929 861 991 926; x_wconf 85' lang='lat' dir='ltr'><strong><em>sibi</em></strong></span> <span class='ocrx_word' id='word_1_21' title='bbox 1014 880 1076 925; x_wconf 82' lang='lat' dir='ltr'><strong><em>esse</em></strong></span> <span class='ocrx_word' id='word_1_22' title='bbox 1097 860 1225 925; x_wconf 81' lang='grc' dir='ltr'><strong><em>ἀλοιννο</em></strong></span> <span class='ocrx_word' id='word_1_23' title='bbox 1247 860 1366 926; x_wconf 86' lang='lat' dir='ltr'><strong><em>similes</em></strong></span> <span class='ocrx_word' id='word_1_24' title='bbox 1388 866 1539 943; x_wconf 63' lang='lat' dir='ltr'><strong><em>emm.</em></strong></span> 
     </span>
     <span class='ocr_line' id='line_1_4' title="bbox 522 967 1517 1051; baseline -0.001 -19"><span class='ocrx_word' id='word_1_25' title='bbox 522 968 564 1032; x_wconf 77' lang='lat'><strong><em>47</em></strong></span> <span class='ocrx_word' id='word_1_26' title='bbox 612 969 668 1033; x_wconf 85' lang='lat' dir='ltr'><strong><em>Ad</em></strong></span> <span class='ocrx_word' id='word_1_27' title='bbox 690 969 838 1051; x_wconf 62' lang='lat' dir='ltr'><strong><em>legionem</em></strong></span> <span class='ocrx_word' id='word_1_28' title='bbox 861 967 980 1033; x_wconf 81' lang='lat' dir='ltr'><strong><em>comita</em></strong></span> <span class='ocrx_word' id='word_1_29' title='bbox 1003 968 1233 1032; x_wconf 68' lang='lat' dir='ltr'><strong><em>adminiculum</em></strong></span> <span class='ocrx_word' id='word_1_30' title='bbox 1256 969 1301 1033; x_wconf 86' lang='lat' dir='ltr'><strong><em>eis</em></strong></span> <span class='ocrx_word' id='word_1_31' title='bbox 1323 968 1458 1033; x_wconf 85' lang='lat' dir='ltr'><strong><em>danunt-</em></strong></span> <span class='ocrx_word' id='word_1_32' title='bbox 1515 988 1517 991; x_wconf 87' lang='lat'>·</span> 
     </span>
     <span class='ocr_line' id='line_1_5' title="bbox 862 1074 1503 1157; baseline 0 -19"><span class='ocrx_word' id='word_1_33' title='bbox 862 1076 944 1139; x_wconf 80' lang='lat' dir='ltr'><strong><em>Tum</em></strong></span> <span class='ocrx_word' id='word_1_34' title='bbox 966 1076 1035 1153; x_wconf 86' lang='lat' dir='ltr'><strong><em>iam</em></strong></span> <span class='ocrx_word' id='word_1_35' title='bbox 1058 1074 1194 1155; x_wconf 68' lang='lat' dir='ltr'><strong><em>adiuuem</em></strong></span> <span class='ocrx_word' id='word_1_36' title='bbox 1217 1079 1381 1157; x_wconf 71' lang='lat' dir='ltr'><strong><em>aequatum</em></strong></span> <span class='ocrx_word' id='word_1_37' title='bbox 1402 1095 1503 1139; x_wconf 86' lang='lat' dir='ltr'><strong><em>suum.</em></strong></span> 
     </span>
     <span class='ocr_line' id='line_1_6' title="bbox 610 1180 1666 1264; baseline 0.001 -17"><span class='ocrx_word' id='word_1_38' title='bbox 610 1182 752 1247; x_wconf 84' lang='lat' dir='ltr'><strong><em>Eatenus</em></strong></span> <span class='ocrx_word' id='word_1_39' title='bbox 761 1182 873 1246; x_wconf 86' lang='lat' dir='ltr'><strong><em>abeunt</em></strong></span> <span class='ocrx_word' id='word_1_40' title='bbox 881 1202 902 1245; x_wconf 90' lang='lat' dir='ltr'><strong><em>a</em></strong></span> <span class='ocrx_word' id='word_1_41' title='bbox 914 1180 1026 1262; x_wconf 79' lang='lat' dir='ltr'><strong><em>famis.</em></strong></span> <span class='ocrx_word' id='word_1_42' title='bbox 1065 1182 1169 1249; x_wconf 89' lang='lat' dir='ltr'><strong><em>Unum</em></strong></span> <span class='ocrx_word' id='word_1_43' title='bbox 1177 1182 1232 1246; x_wconf 85' lang='lat' dir='ltr'><strong><em>uln&#39;</em></strong></span> <span class='ocrx_word' id='word_1_44' title='bbox 1245 1183 1405 1246; x_wconf 80' lang='lat' dir='ltr'><strong><em>emeritmn</em></strong></span> <span class='ocrx_word' id='word_1_45' title='bbox 1419 1187 1463 1246; x_wconf 87' lang='lat' dir='ltr'><strong><em>est</em></strong></span> <span class='ocrx_word' id='word_1_46' title='bbox 1475 1183 1666 1264; x_wconf 66' lang='lat' dir='ltr'><strong><em>stipendimn</em></strong></span> 
     </span>
     <span class='ocr_line' id='line_1_7' title="bbox 439 1289 1566 1371; baseline -0.002 -17"><span class='ocrx_word' id='word_1_47' title='bbox 439 1325 441 1333; x_wconf 72' lang='lat'>‚</span> <span class='ocrx_word' id='word_1_48' title='bbox 523 1289 567 1354; x_wconf 86' lang='lat'><strong><em>50</em></strong></span> <span class='ocrx_word' id='word_1_49' title='bbox 611 1290 717 1371; x_wconf 71' lang='lat' dir='ltr'><strong><em>Iaitm</em></strong></span> <span class='ocrx_word' id='word_1_50' title='bbox 739 1294 805 1355; x_wconf 92' lang='lat' dir='ltr'><strong><em>tum</em></strong></span> <span class='ocrx_word' id='word_1_51' title='bbox 827 1289 979 1369; x_wconf 76' lang='lat' dir='ltr'><strong><em>specimen</em></strong></span> <span class='ocrx_word' id='word_1_52' title='bbox 1003 1289 1141 1353; x_wconf 78' lang='lat' dir='ltr'><strong><em>semitm</em></strong></span> <span class='ocrx_word' id='word_1_53' title='bbox 1162 1310 1221 1369; x_wconf 73' lang='lat' dir='ltr'><strong><em>auo</em></strong></span> <span class='ocrx_word' id='word_1_54' title='bbox 1240 1290 1359 1353; x_wconf 76' lang='lat' dir='ltr'><strong><em>euadat</em></strong></span> <span class='ocrx_word' id='word_1_55' title='bbox 1381 1289 1566 1371; x_wconf 72' lang='lat' dir='ltr'><strong><em>aedificatio.</em></strong></span> 
     </span>
     <span class='ocr_line' id='line_1_8' title="bbox 739 1395 1578 1481; baseline 0.001 -22"><span class='ocrx_word' id='word_1_56' title='bbox 739 1396 843 1481; x_wconf 13' lang='lat' dir='ltr'><strong><em>&#39;Nam</em></strong></span> <span class='ocrx_word' id='word_1_57' title='bbox 864 1414 917 1477; x_wconf 79' lang='grc' dir='ltr'><strong><em>αμα</em></strong></span> <span class='ocrx_word' id='word_1_58' title='bbox 940 1395 985 1459; x_wconf 94' lang='lat' dir='ltr'><strong><em>ad</em></strong></span> <span class='ocrx_word' id='word_1_59' title='bbox 1007 1395 1090 1459; x_wconf 87' lang='lat' dir='ltr'><strong><em>iliud</em></strong></span> <span class='ocrx_word' id='word_1_60' title='bbox 1108 1396 1198 1478; x_wconf 67' lang='lat' dir='ltr'><strong><em>fraqi</em></strong></span> <span class='ocrx_word' id='word_1_61' title='bbox 1219 1416 1315 1476; x_wconf 79' lang='lat' dir='ltr'><strong><em>usque</em></strong></span> <span class='ocrx_word' id='word_1_62' title='bbox 1336 1401 1365 1459; x_wconf 84' lang='lat' dir='ltr'><strong><em>et</em></strong></span> <span class='ocrx_word' id='word_1_63' title='bbox 1380 1396 1499 1475; x_wconf 76' lang='lat' dir='ltr'><strong><em>probus</em></strong></span> <span class='ocrx_word' id='word_1_64' title='bbox 1518 1396 1578 1477; x_wconf 83' lang='lat' dir='ltr'><strong><em>fni,</em></strong></span> 
     </span>
     <span class='ocr_line' id='line_1_9' title="bbox 755 1501 1435 1584; baseline -0.001 -18"><span class='ocrx_word' id='word_1_65' title='bbox 755 1502 798 1566; x_wconf 92' lang='lat' dir='ltr'><strong><em>In</em></strong></span> <span class='ocrx_word' id='word_1_66' title='bbox 818 1501 982 1583; x_wconf 81' lang='lat' dir='ltr'><strong><em>februum</em></strong></span> <span class='ocrx_word' id='word_1_67' title='bbox 1000 1507 1151 1583; x_wconf 77' lang='lat' dir='ltr'><strong><em>potestate</em></strong></span> <span class='ocrx_word' id='word_1_68' title='bbox 1172 1504 1248 1566; x_wconf 89' lang='lat' dir='ltr'><strong><em>dum</em></strong></span> <span class='ocrx_word' id='word_1_69' title='bbox 1269 1504 1329 1584; x_wconf 84' lang='lat' dir='ltr'><strong><em>fni.</em></strong></span> <span class='ocrx_word' id='word_1_70' title='bbox 1431 1534 1435 1541; x_wconf 94' lang='lat'>·</span> 
     </span>
     <span class='ocr_line' id='line_1_10' title="bbox 755 1608 1544 1691; baseline 0.003 -19"><span class='ocrx_word' id='word_1_71' title='bbox 755 1608 964 1690; x_wconf 77' lang='lat' dir='ltr'><strong><em>Posteaquam</em></strong></span> <span class='ocrx_word' id='word_1_72' title='bbox 986 1609 1170 1691; x_wconf 70' lang='lat' dir='ltr'><strong><em>immiynaoi</em></strong></span> <span class='ocrx_word' id='word_1_73' title='bbox 1191 1610 1227 1673; x_wconf 89' lang='lat' dir='ltr'><strong><em>in</em></strong></span> <span class='ocrx_word' id='word_1_74' title='bbox 1249 1610 1410 1691; x_wconf 60' lang='lat' dir='ltr'><strong><em>indusium</em></strong></span> <span class='ocrx_word' id='word_1_75' title='bbox 1434 1630 1544 1689; x_wconf 77' lang='lat' dir='ltr'><strong><em>nuum</em></strong></span> 
     </span>
     <span class='ocr_line' id='line_1_11' title="bbox 392 1714 1462 1797; baseline -0.002 -16"><span class='ocrx_word' id='word_1_76' title='bbox 392 1742 418 1781; x_wconf 91' lang='grc' dir='ltr'><strong><em>ιο</em></strong></span> <span class='ocrx_word' id='word_1_77' title='bbox 510 1714 565 1781; x_wconf 70' lang='grc' dir='ltr'><strong><em>Ι54</em></strong></span> <span class='ocrx_word' id='word_1_78' title='bbox 755 1715 891 1779; x_wconf 81' lang='lat' dir='ltr'><strong><em>Perdidi</em></strong></span> <span class='ocrx_word' id='word_1_79' title='bbox 912 1736 1039 1797; x_wconf 77' lang='lat' dir='ltr'><strong><em>operam</em></strong></span> <span class='ocrx_word' id='word_1_80' title='bbox 1060 1716 1224 1797; x_wconf 69' lang='lat' dir='ltr'><strong><em>fabrorum</em></strong></span> <span class='ocrx_word' id='word_1_81' title='bbox 1247 1716 1319 1779; x_wconf 84' lang='lat' dir='ltr'><strong><em>iliae</em></strong></span> <span class='ocrx_word' id='word_1_82' title='bbox 1340 1717 1462 1796; x_wconf 76' lang='lat' dir='ltr'><strong><em>oppido.</em></strong></span> 
     </span>
     <span class='ocr_line' id='line_1_12' title="bbox 431 1821 1666 1909; baseline 0.001 -23"><span class='ocrx_word' id='word_1_83' title='bbox 431 1821 470 1886; x_wconf 88' lang='lat' dir='ltr'><strong><em>In</em></strong></span> <span class='ocrx_word' id='word_1_84' title='bbox 503 1844 598 1886; x_wconf 86' lang='lat' dir='ltr'><strong><em>versu</em></strong></span> <span class='ocrx_word' id='word_1_85' title='bbox 630 1822 876 1909; x_wconf 81' lang='lat' dir='ltr'><strong><em>quadragesimo</em></strong></span> <span class='ocrx_word' id='word_1_86' title='bbox 909 1824 1048 1907; x_wconf 79' lang='lat' dir='ltr'><strong><em>septimo</em></strong></span> <span class='ocrx_word' id='word_1_87' title='bbox 1081 1824 1207 1905; x_wconf 79' lang='lat' dir='ltr'><strong><em>comita,</em></strong></span> <span class='ocrx_word' id='word_1_88' title='bbox 1240 1823 1327 1905; x_wconf 89' lang='lat' dir='ltr'><strong><em>quod</em></strong></span> <span class='ocrx_word' id='word_1_89' title='bbox 1354 1844 1423 1886; x_wconf 87' lang='lat' dir='ltr'><strong><em>esse</em></strong></span> <span class='ocrx_word' id='word_1_90' title='bbox 1453 1822 1666 1907; x_wconf 76' lang='lat' dir='ltr'><strong><em>depravaium</em></strong></span> 
     </span>
     <span class='ocr_line' id='line_1_13' title="bbox 431 1928 1666 2014; baseline 0 -21"><span class='ocrx_word' id='word_1_91' title='bbox 431 1933 574 2014; x_wconf 79' lang='lat' dir='ltr'><strong><em>apparet,</em></strong></span> <span class='ocrx_word' id='word_1_92' title='bbox 604 1928 765 2014; x_wconf 89' lang='lat' dir='ltr'><strong><em>quomodo</em></strong></span> <span class='ocrx_word' id='word_1_93' title='bbox 789 1930 1022 1994; x_wconf 87' lang='lat' dir='ltr'><strong><em>emendandum</em></strong></span> <span class='ocrx_word' id='word_1_94' title='bbox 1046 1930 1201 2014; x_wconf 71' lang='lat' dir='ltr'><strong><em>viduatum,</em></strong></span> <span class='ocrx_word' id='word_1_95' title='bbox 1229 1929 1417 2013; x_wconf 80' lang='lat' dir='ltr'><strong><em>priusquam</em></strong></span> <span class='ocrx_word' id='word_1_96' title='bbox 1440 1929 1598 2013; x_wconf 80' lang='lat' dir='ltr'><strong><em>dieamus,</em></strong></span> <span class='ocrx_word' id='word_1_97' title='bbox 1625 1929 1666 1994; x_wconf 86' lang='lat' dir='ltr'><strong><em>de</em></strong></span> 
     </span>
     <span class='ocr_line' id='line_1_14' title="bbox 431 2035 1666 2123; baseline 0 -22"><span class='ocrx_word' id='word_1_98' title='bbox 431 2058 521 2103; x_wconf 88' lang='lat' dir='ltr'><strong><em>more</em></strong></span> <span class='ocrx_word' id='word_1_99' title='bbox 540 2058 635 2121; x_wconf 89' lang='lat' dir='ltr'><strong><em>quem</em></strong></span> <span class='ocrx_word' id='word_1_100' title='bbox 655 2036 701 2100; x_wconf 93' lang='lat' dir='ltr'><strong><em>ibi</em></strong></span> <span class='ocrx_word' id='word_1_101' title='bbox 719 2035 854 2101; x_wconf 81' lang='lat' dir='ltr'><strong><em>Planius</em></strong></span> <span class='ocrx_word' id='word_1_102' title='bbox 874 2036 1031 2123; x_wconf 78' lang='lat' dir='ltr'><strong><em>designat,</em></strong></span> <span class='ocrx_word' id='word_1_103' title='bbox 1049 2035 1205 2102; x_wconf 90' lang='lat' dir='ltr'><strong><em>nonnulla</em></strong></span> <span class='ocrx_word' id='word_1_104' title='bbox 1223 2036 1401 2121; x_wconf 84' lang='lat' dir='ltr'><strong><em>afferemus,</em></strong></span> <span class='ocrx_word' id='word_1_105' title='bbox 1424 2039 1501 2100; x_wconf 79' lang='lat' dir='ltr'><strong><em>noia</em></strong></span> <span class='ocrx_word' id='word_1_106' title='bbox 1518 2036 1576 2101; x_wconf 89' lang='lat' dir='ltr'><strong><em>illa</em></strong></span> <span class='ocrx_word' id='word_1_107' title='bbox 1595 2036 1666 2119; x_wconf 87' lang='lat' dir='ltr'><strong><em>qui·</em></strong></span> 
     </span>
     <span class='ocr_line' id='line_1_15' title="bbox 433 2142 1665 2229; baseline 0 -22"><span class='ocrx_word' id='word_1_108' title='bbox 433 2144 518 2228; x_wconf 87' lang='lat' dir='ltr'><strong><em>dem,</em></strong></span> <span class='ocrx_word' id='word_1_109' title='bbox 549 2144 605 2209; x_wconf 87' lang='lat' dir='ltr'><strong><em>sed</em></strong></span> <span class='ocrx_word' id='word_1_110' title='bbox 635 2163 771 2227; x_wconf 89' lang='lat' dir='ltr'><strong><em>quorum</em></strong></span> <span class='ocrx_word' id='word_1_111' title='bbox 805 2142 1009 2208; x_wconf 81' lang='lat' dir='ltr'><strong><em>admonuisse</em></strong></span> <span class='ocrx_word' id='word_1_112' title='bbox 1041 2143 1082 2207; x_wconf 89' lang='lat' dir='ltr'><strong><em>ad</em></strong></span> <span class='ocrx_word' id='word_1_113' title='bbox 1110 2143 1194 2207; x_wconf 87' lang='lat' dir='ltr'><strong><em>hane</em></strong></span> <span class='ocrx_word' id='word_1_114' title='bbox 1220 2164 1288 2206; x_wconf 87' lang='lat' dir='ltr'><strong><em>rem</em></strong></span> <span class='ocrx_word' id='word_1_115' title='bbox 1317 2164 1414 2226; x_wconf 91' lang='lat' dir='ltr'><strong><em>quam</em></strong></span> <span class='ocrx_word' id='word_1_116' title='bbox 1442 2142 1571 2229; x_wconf 51' lang='lat' dir='ltr'><strong><em>mimus.</em></strong></span> <span class='ocrx_word' id='word_1_117' title='bbox 1597 2164 1665 2207; x_wconf 87' lang='lat' dir='ltr'><strong><em>non</em></strong></span> 
     </span>
    </p>
   </div>
   <div class='ocr_carea' id='block_1_3' title="bbox 392 2247 1666 2872">
    <p class='ocr_par' dir='ltr' id='par_1_3' title="bbox 392 2247 1666 2872">
     <span class='ocr_line' id='line_1_16' title="bbox 432 2247 1666 2335; baseline -0.001 -20"><span class='ocrx_word' id='word_1_118' title='bbox 432 2249 547 2315; x_wconf 71' lang='lat' dir='ltr'><strong><em>inutile</em></strong></span> <span class='ocrx_word' id='word_1_119' title='bbox 569 2249 750 2315; x_wconf 75' lang='lat' dir='ltr'><strong><em>habebitur.</em></strong></span> <span class='ocrx_word' id='word_1_120' title='bbox 791 2248 905 2335; x_wconf 82' lang='lat' dir='ltr'><strong><em>ltaque</em></strong></span> <span class='ocrx_word' id='word_1_121' title='bbox 928 2250 1076 2315; x_wconf 83' lang='lat' dir='ltr'><strong><em>Phoenix</em></strong></span> <span class='ocrx_word' id='word_1_122' title='bbox 1099 2251 1134 2313; x_wconf 90' lang='lat' dir='ltr'><strong><em>in</em></strong></span> <span class='ocrx_word' id='word_1_123' title='bbox 1155 2248 1266 2314; x_wconf 81' lang='lat' dir='ltr'><strong><em>Iliadis</em></strong></span> <span class='ocrx_word' id='word_1_124' title='bbox 1290 2271 1376 2315; x_wconf 92' lang='lat' dir='ltr'><strong><em>nono</em></strong></span> <span class='ocrx_word' id='word_1_125' title='bbox 1399 2247 1561 2314; x_wconf 83' lang='lat' dir='ltr'><strong><em>Achillem</em></strong></span> <span class='ocrx_word' id='word_1_126' title='bbox 1580 2272 1666 2315; x_wconf 89' lang='lat' dir='ltr'><strong><em>oom-</em></strong></span> 
     </span>
     <span class='ocr_line' id='line_1_17' title="bbox 430 2356 750 2422; baseline -0.006 0"><span class='ocrx_word' id='word_1_127' title='bbox 430 2356 647 2422; x_wconf 85' lang='lat' dir='ltr'><strong><em>monefaeions</em></strong></span> <span class='ocrx_word' id='word_1_128' title='bbox 672 2357 750 2422; x_wconf 80' lang='lat' dir='ltr'><strong><em>dieii</em></strong></span> 
     </span>
     <span class='ocr_line' id='line_1_18' title="bbox 699 2461 1543 2549; baseline 0.001 -21"><span class='ocrx_word' id='word_1_129' title='bbox 699 2486 700 2490; x_wconf 48' lang='lat'>¹</span> <span class='ocrx_word' id='word_1_130' title='bbox 754 2461 807 2529; x_wconf 86' lang='grc' dir='ltr'><strong><em>σοὶ</em></strong></span> <span class='ocrx_word' id='word_1_131' title='bbox 831 2462 918 2548; x_wconf 90' lang='grc' dir='ltr'><strong><em>δέμ’</em></strong></span> <span class='ocrx_word' id='word_1_132' title='bbox 947 2462 1070 2545; x_wconf 78' lang='grc' dir='ltr'><strong><em>ἔπεμπε</em></strong></span> <span class='ocrx_word' id='word_1_133' title='bbox 1088 2462 1197 2549; x_wconf 80' lang='grc' dir='ltr'><strong><em>γέρων</em></strong></span> <span class='ocrx_word' id='word_1_134' title='bbox 1221 2463 1386 2548; x_wconf 74' lang='grc' dir='ltr'><strong><em>ἱππηλάτα</em></strong></span> <span class='ocrx_word' id='word_1_135' title='bbox 1409 2466 1543 2549; x_wconf 88' lang='grc' dir='ltr'><strong><em>Πηλεύς</em></strong></span> 
     </span>
     <span class='ocr_line' id='line_1_19' title="bbox 609 2569 1485 2660; baseline 0 -24"><span class='ocrx_word' id='word_1_136' title='bbox 609 2572 708 2654; x_wconf 87' lang='grc' dir='ltr'><strong><em>ήματτ</em></strong></span> <span class='ocrx_word' id='word_1_137' title='bbox 727 2578 773 2660; x_wconf 79' lang='grc' dir='ltr'><strong><em>τῷ</em></strong></span> <span class='ocrx_word' id='word_1_138' title='bbox 792 2571 846 2636; x_wconf 84' lang='grc' dir='ltr'><strong><em>ὅτε</em></strong></span> <span class='ocrx_word' id='word_1_139' title='bbox 869 2569 897 2635; x_wconf 89' lang='grc' dir='ltr'><strong><em>σ’</em></strong></span> <span class='ocrx_word' id='word_1_140' title='bbox 925 2569 961 2636; x_wconf 85' lang='grc' dir='ltr'><strong><em>έκ</em></strong></span> <span class='ocrx_word' id='word_1_141' title='bbox 987 2572 1098 2655; x_wconf 80' lang='grc' dir='ltr'><strong><em>Φθίης</em></strong></span> <span class='ocrx_word' id='word_1_142' title='bbox 1115 2569 1336 2654; x_wconf 78' lang='grc' dir='ltr'><strong><em>Ἀγαμέμνονι</em></strong></span> <span class='ocrx_word' id='word_1_143' title='bbox 1358 2570 1485 2656; x_wconf 88' lang='grc' dir='ltr'><strong><em>πέμπεν</em></strong></span> 
     </span>
     <span class='ocr_line' id='line_1_20' title="bbox 498 2676 1347 2762; baseline 0.002 -20"><span class='ocrx_word' id='word_1_144' title='bbox 498 2676 565 2742; x_wconf 89' lang='grc'><strong><em>440</em></strong></span> <span class='ocrx_word' id='word_1_145' title='bbox 611 2680 742 2762; x_wconf 75' lang='grc' dir='ltr'><strong><em>νήπιον,</em></strong></span> <span class='ocrx_word' id='word_1_146' title='bbox 765 2678 805 2743; x_wconf 81' lang='grc' dir='ltr'><strong><em>οδ</em></strong></span> <span class='ocrx_word' id='word_1_147' title='bbox 829 2700 879 2743; x_wconf 90' lang='grc' dir='ltr'><strong><em>πω</em></strong></span> <span class='ocrx_word' id='word_1_148' title='bbox 903 2676 1008 2743; x_wconf 71' lang='lat' dir='ltr'><strong><em>statu</em></strong></span> <span class='ocrx_word' id='word_1_149' title='bbox 1035 2676 1167 2760; x_wconf 82' lang='grc' dir='ltr'><strong><em>δμοιίου</em></strong></span> <span class='ocrx_word' id='word_1_150' title='bbox 1189 2677 1347 2761; x_wconf 85' lang='grc' dir='ltr'><strong><em>πολέμοιο</em></strong></span> 
     </span>
     <span class='ocr_line' id='line_1_21' title="bbox 392 2782 1590 2872; baseline 0 -23"><span class='ocrx_word' id='word_1_151' title='bbox 392 2809 418 2849; x_wconf 85' lang='grc' dir='ltr'><strong><em>ιο</em></strong></span> <span class='ocrx_word' id='word_1_152' title='bbox 611 2782 683 2849; x_wconf 87' lang='grc' dir='ltr'><strong><em>οὐδ’</em></strong></span> <span class='ocrx_word' id='word_1_153' title='bbox 709 2783 869 2871; x_wconf 78' lang='grc' dir='ltr'><em>ἀγορέων,</em></span> <span class='ocrx_word' id='word_1_154' title='bbox 893 2785 949 2850; x_wconf 81' lang='grc' dir='ltr'><strong><em>ἵνα</em></strong></span> <span class='ocrx_word' id='word_1_155' title='bbox 972 2782 997 2849; x_wconf 88' lang='grc' dir='ltr'><strong><em>τ’</em></strong></span> <span class='ocrx_word' id='word_1_156' title='bbox 1023 2785 1143 2870; x_wconf 86' lang='grc' dir='ltr'><strong><em>ἀνδρες</em></strong></span> <span class='ocrx_word' id='word_1_157' title='bbox 1167 2784 1361 2872; x_wconf 80' lang='grc' dir='ltr'><strong><em>ἀριπρεπέες</em></strong></span> <span class='ocrx_word' id='word_1_158' title='bbox 1383 2784 1590 2851; x_wconf 78' lang='grc' dir='ltr'><strong><em>τελέθουσιν.</em></strong></span> 
     </span>
    </p>
   </div>
   <div class='ocr_carea' id='block_1_4' title="bbox 391 2892 1665 4050">
    <p class='ocr_par' dir='ltr' id='par_1_4' title="bbox 610 2892 1490 3085">
     <span class='ocr_line' id='line_1_22' title="bbox 611 2892 1490 2977; baseline 0.001 -20"><span class='ocrx_word' id='word_1_159' title='bbox 611 2894 752 2958; x_wconf 82' lang='grc' dir='ltr'><strong><em>τοῦνεκά</em></strong></span> <span class='ocrx_word' id='word_1_160' title='bbox 775 2917 815 2977; x_wconf 84' lang='grc' dir='ltr'><strong><em>με</em></strong></span> <span class='ocrx_word' id='word_1_161' title='bbox 838 2892 989 2977; x_wconf 83' lang='grc' dir='ltr'><strong><em>προέηκε,</em></strong></span> <span class='ocrx_word' id='word_1_162' title='bbox 1014 2892 1248 2977; x_wconf 78' lang='grc' dir='ltr'><strong><em>διδασκέμεναι</em></strong></span> <span class='ocrx_word' id='word_1_163' title='bbox 1271 2894 1349 2958; x_wconf 83' lang='grc' dir='ltr'><strong><em>τάδε</em></strong></span> <span class='ocrx_word' id='word_1_164' title='bbox 1371 2894 1490 2977; x_wconf 76' lang='grc' dir='ltr'><strong><em>πάντα,</em></strong></span> 
     </span>
     <span class='ocr_line' id='line_1_23' title="bbox 610 2998 1448 3085; baseline 0.002 -21"><span class='ocrx_word' id='word_1_165' title='bbox 610 3001 732 3084; x_wconf 87' lang='grc' dir='ltr'><strong><em>μύθων</em></strong></span> <span class='ocrx_word' id='word_1_166' title='bbox 755 3024 790 3065; x_wconf 88' lang='grc' dir='ltr'><strong><em>τε</em></strong></span> <span class='ocrx_word' id='word_1_167' title='bbox 814 2998 922 3085; x_wconf 81' lang='grc' dir='ltr'><strong><em>ῥητῆρ’</em></strong></span> <span class='ocrx_word' id='word_1_168' title='bbox 949 3002 1063 3084; x_wconf 79' lang='grc' dir='ltr'><strong><em>ἔμεναι</em></strong></span> <span class='ocrx_word' id='word_1_169' title='bbox 1086 3001 1257 3085; x_wconf 81' lang='grc' dir='ltr'><strong><em>πρηκτῆρά</em></strong></span> <span class='ocrx_word' id='word_1_170' title='bbox 1279 3024 1314 3066; x_wconf 88' lang='grc' dir='ltr'><strong><em>τε</em></strong></span> <span class='ocrx_word' id='word_1_171' title='bbox 1333 3003 1448 3085; x_wconf 78' lang='grc' dir='ltr'><strong><em>ἔργων.</em></strong></span> 
     </span>
    </p>

    <p class='ocr_par' dir='ltr' id='par_1_5' title="bbox 431 3105 1297 3193">
     <span class='ocr_line' id='line_1_24' title="bbox 431 3105 1297 3193; baseline 0.002 -23"><span class='ocrx_word' id='word_1_172' title='bbox 431 3105 626 3190; x_wconf 86' lang='lat' dir='ltr'><strong><em>Apollonius</em></strong></span> <span class='ocrx_word' id='word_1_173' title='bbox 644 3106 792 3172; x_wconf 88' lang='lat' dir='ltr'><strong><em>Rhodius</em></strong></span> <span class='ocrx_word' id='word_1_174' title='bbox 815 3107 850 3170; x_wconf 89' lang='lat' dir='ltr'><strong><em>in</em></strong></span> <span class='ocrx_word' id='word_1_175' title='bbox 872 3105 1168 3193; x_wconf 76' lang='lat' dir='ltr'><strong><em>Argonauiieorum</em></strong></span> <span class='ocrx_word' id='word_1_176' title='bbox 1191 3107 1297 3190; x_wconf 91' lang='lat' dir='ltr'><strong><em>primo</em></strong></span> 
     </span>
    </p>

    <p class='ocr_par' dir='ltr' id='par_1_6' title="bbox 391 3211 1665 4050">
     <span class='ocr_line' id='line_1_25' title="bbox 501 3211 1494 3299; baseline 0.002 -21"><span class='ocrx_word' id='word_1_177' title='bbox 501 3213 565 3279; x_wconf 88' lang='grc'><strong><em>190</em></strong></span> <span class='ocrx_word' id='word_1_178' title='bbox 612 3215 767 3297; x_wconf 82' lang='grc' dir='ltr'><strong><em>Οἰνεέδης</em></strong></span> <span class='ocrx_word' id='word_1_179' title='bbox 791 3212 819 3277; x_wconf 88' lang='grc' dir='ltr'><strong><em>δ’</em></strong></span> <span class='ocrx_word' id='word_1_180' title='bbox 848 3211 900 3278; x_wconf 82' lang='grc' dir='ltr'><strong><em>ἐπὶ</em></strong></span> <span class='ocrx_word' id='word_1_181' title='bbox 923 3225 1039 3286; x_wconf 77' lang='grc' dir='ltr'><strong><em>τοῖσιν,</em></strong></span> <span class='ocrx_word' id='word_1_182' title='bbox 1056 3212 1266 3299; x_wconf 81' lang='grc' dir='ltr'><strong><em>ἀφορμηθεὶς</em></strong></span> <span class='ocrx_word' id='word_1_183' title='bbox 1289 3216 1494 3291; x_wconf 75' lang='grc' dir='ltr'><strong><em>Καλυδῶνος</em></strong></span> 
     </span>
     <span class='ocr_line' id='line_1_26' title="bbox 610 3318 1419 3406; baseline 0.002 -21"><span class='ocrx_word' id='word_1_184' title='bbox 610 3320 741 3405; x_wconf 77' lang='grc' dir='ltr'><strong><em>ἀλκήεις</em></strong></span> <span class='ocrx_word' id='word_1_185' title='bbox 763 3318 958 3405; x_wconf 82' lang='grc' dir='ltr'><strong><em>Μελέαγρος</em></strong></span> <span class='ocrx_word' id='word_1_186' title='bbox 980 3319 1130 3403; x_wconf 83' lang='grc' dir='ltr'><strong><em>ἀνήλυθε</em></strong></span> <span class='ocrx_word' id='word_1_187' title='bbox 1154 3323 1317 3387; x_wconf 85' lang='grc' dir='ltr'><strong><em>Λαοκόων</em></strong></span> <span class='ocrx_word' id='word_1_188' title='bbox 1338 3345 1382 3406; x_wconf 81' lang='grc' dir='ltr'><strong><em>τε,</em></strong></span> <span class='ocrx_word' id='word_1_189' title='bbox 1416 3369 1419 3372; x_wconf 85' lang='lat'>-</span> 
     </span>
     <span class='ocr_line' id='line_1_27' title="bbox 610 3424 1510 3513; baseline 0.001 -21"><span class='ocrx_word' id='word_1_190' title='bbox 610 3429 771 3492; x_wconf 82' lang='grc' dir='ltr'><strong><em>Λαοκόων</em></strong></span> <span class='ocrx_word' id='word_1_191' title='bbox 796 3428 919 3511; x_wconf 79' lang='grc' dir='ltr'><strong><em>Οἰνῆος</em></strong></span> <span class='ocrx_word' id='word_1_192' title='bbox 942 3426 1115 3511; x_wconf 86' lang='grc' dir='ltr'><strong><em>ἀδελφεός·</em></strong></span> <span class='ocrx_word' id='word_1_193' title='bbox 1142 3428 1184 3492; x_wconf 87' lang='grc' dir='ltr'><strong><em>οὐ</em></strong></span> <span class='ocrx_word' id='word_1_194' title='bbox 1207 3424 1269 3510; x_wconf 69' lang='grc' dir='ltr'><strong><em>μὲν</em></strong></span> <span class='ocrx_word' id='word_1_195' title='bbox 1293 3430 1344 3513; x_wconf 81' lang='grc' dir='ltr'><strong><em>ἰῆς</em></strong></span> <span class='ocrx_word' id='word_1_196' title='bbox 1366 3452 1404 3511; x_wconf 82' lang='grc' dir='ltr'><strong><em>γε</em></strong></span> <span class='ocrx_word' id='word_1_197' title='bbox 1506 3468 1510 3473; x_wconf 89' lang='lat'>·</span> 
     </span>
     <span class='ocr_line' id='line_1_28' title="bbox 608 3532 1665 3620; baseline 0 -21"><span class='ocrx_word' id='word_1_198' title='bbox 608 3533 759 3620; x_wconf 78' lang='grc' dir='ltr'><strong><em>μητέρος,</em></strong></span> <span class='ocrx_word' id='word_1_199' title='bbox 788 3533 871 3599; x_wconf 89' lang='grc' dir='ltr'><strong><em>ἀλλά</em></strong></span> <span class='ocrx_word' id='word_1_200' title='bbox 895 3533 913 3599; x_wconf 89' lang='grc' dir='ltr'><strong><em>έ</em></strong></span> <span class='ocrx_word' id='word_1_201' title='bbox 933 3540 1046 3619; x_wconf 85' lang='grc' dir='ltr'><strong><em>θῆσσα</em></strong></span> <span class='ocrx_word' id='word_1_202' title='bbox 1073 3536 1159 3619; x_wconf 81' lang='grc' dir='ltr'><strong><em>γυνή</em></strong></span> <span class='ocrx_word' id='word_1_203' title='bbox 1187 3534 1272 3600; x_wconf 88' lang='grc' dir='ltr'><strong><em>τέκε·</em></strong></span> <span class='ocrx_word' id='word_1_204' title='bbox 1301 3537 1360 3600; x_wconf 89' lang='grc' dir='ltr'><strong><em>τὸν</em></strong></span> <span class='ocrx_word' id='word_1_205' title='bbox 1386 3532 1447 3617; x_wconf 73' lang='grc' dir='ltr'><strong><em>μὲν</em></strong></span> <span class='ocrx_word' id='word_1_206' title='bbox 1475 3534 1516 3619; x_wconf 89' lang='grc' dir='ltr'><strong><em>ἀρ</em></strong></span> <span class='ocrx_word' id='word_1_207' title='bbox 1542 3534 1665 3610; x_wconf 78' lang='grc' dir='ltr'><strong><em>Οἰνεύς</em></strong></span> 
     </span>
     <span class='ocr_line' id='line_1_29' title="bbox 612 3640 1363 3727; baseline 0.001 -21"><span class='ocrx_word' id='word_1_208' title='bbox 612 3643 675 3726; x_wconf 89' lang='grc' dir='ltr'><strong><em>ήδη</em></strong></span> <span class='ocrx_word' id='word_1_209' title='bbox 698 3640 862 3727; x_wconf 78' lang='grc' dir='ltr'><strong><em>γηραλέον</em></strong></span> <span class='ocrx_word' id='word_1_210' title='bbox 885 3643 1073 3726; x_wconf 83' lang='grc' dir='ltr'><strong><em>κοσμήτορα</em></strong></span> <span class='ocrx_word' id='word_1_211' title='bbox 1095 3643 1215 3719; x_wconf 86' lang='grc' dir='ltr'><strong><em>παιδὸς</em></strong></span> <span class='ocrx_word' id='word_1_212' title='bbox 1238 3646 1363 3707; x_wconf 69' lang='grc' dir='ltr'><strong><em>ἴαλλεν·</em></strong></span> 
     </span>
     <span class='ocr_line' id='line_1_30' title="bbox 610 3743 1425 3836; baseline 0.002 -24"><span class='ocrx_word' id='word_1_213' title='bbox 610 3743 667 3812; x_wconf 79' lang='grc' dir='ltr'><strong><em>ὧδ’</em></strong></span> <span class='ocrx_word' id='word_1_214' title='bbox 695 3745 743 3812; x_wconf 81' lang='grc' dir='ltr'><strong><em>ἔτι</em></strong></span> <span class='ocrx_word' id='word_1_215' title='bbox 766 3749 929 3832; x_wconf 75' lang='grc' dir='ltr'><strong><em>κουρίζων</em></strong></span> <span class='ocrx_word' id='word_1_216' title='bbox 951 3748 1157 3833; x_wconf 86' lang='grc' dir='ltr'><strong><em>περιθαρσέα</em></strong></span> <span class='ocrx_word' id='word_1_217' title='bbox 1180 3750 1283 3814; x_wconf 87' lang='grc' dir='ltr'><strong><em>δῦνεν</em></strong></span> <span class='ocrx_word' id='word_1_218' title='bbox 1306 3749 1425 3836; x_wconf 83' lang='grc' dir='ltr'><strong><em>ὅμιλον</em></strong></span> 
     </span>
     <span class='ocr_line' id='line_1_31' title="bbox 391 3855 737 3940; baseline 0.003 -22"><span class='ocrx_word' id='word_1_219' title='bbox 391 3879 418 3918; x_wconf 89' lang='grc' dir='ltr'><strong><em>ιο</em></strong></span> <span class='ocrx_word' id='word_1_220' title='bbox 611 3855 737 3940; x_wconf 85' lang='grc' dir='ltr'><strong><em>ήρώων.</em></strong></span> 
     </span>
     <span class='ocr_line' id='line_1_32' title="bbox 431 3958 1481 4050; baseline 0.002 -26"><span class='ocrx_word' id='word_1_221' title='bbox 431 3958 470 4024; x_wconf 85' lang='grc' dir='ltr'><strong><em>Ιιι</em></strong></span> <span class='ocrx_word' id='word_1_222' title='bbox 492 3960 673 4050; x_wconf 80' lang='lat' dir='ltr'><strong><em>Aeneide*)</em></strong></span> <span class='ocrx_word' id='word_1_223' title='bbox 698 3984 770 4026; x_wconf 89' lang='lat' dir='ltr'><strong><em>eum</em></strong></span> <span class='ocrx_word' id='word_1_224' title='bbox 796 3961 873 4027; x_wconf 83' lang='lat' dir='ltr'><strong><em>Sino</em></strong></span> <span class='ocrx_word' id='word_1_225' title='bbox 897 3963 935 4026; x_wconf 90' lang='lat' dir='ltr'><strong><em>de</em></strong></span> <span class='ocrx_word' id='word_1_226' title='bbox 959 3984 993 4026; x_wconf 91' lang='lat' dir='ltr'><strong><em>se</em></strong></span> <span class='ocrx_word' id='word_1_227' title='bbox 1017 3966 1049 4026; x_wconf 75' lang='lat' dir='ltr'><strong><em>ei</em></strong></span> <span class='ocrx_word' id='word_1_228' title='bbox 1072 3961 1242 4027; x_wconf 79' lang='lat' dir='ltr'><strong><em>Palamede</em></strong></span> <span class='ocrx_word' id='word_1_229' title='bbox 1266 3960 1379 4050; x_wconf 83' lang='lat'><em>(1186)</em></span> <span class='ocrx_word' id='word_1_230' title='bbox 1403 3963 1481 4028; x_wconf 79' lang='lat' dir='ltr'><strong><em>dieii</em></strong></span> 
     </span>
    </p>
   </div>
   <div class='ocr_carea' id='block_1_5' title="bbox 495 4118 1333 4454">
    <p class='ocr_par' dir='ltr' id='par_1_7' title="bbox 495 4118 1333 4454">
     <span class='ocr_line' id='line_1_33' title="bbox 520 4118 1163 4190; baseline 0.002 -19"><span class='ocrx_word' id='word_1_231' title='bbox 520 4118 584 4189; x_wconf 71' lang='lat'><strong><em>*81)</em></strong></span> <span class='ocrx_word' id='word_1_232' title='bbox 603 4120 656 4190; x_wconf 81' lang='lat' dir='ltr'><strong><em>[Ex</em></strong></span> <span class='ocrx_word' id='word_1_233' title='bbox 674 4120 799 4174; x_wconf 85' lang='lat' dir='ltr'><strong><em>Aeneide</em></strong></span> <span class='ocrx_word' id='word_1_234' title='bbox 817 4121 887 4176; x_wconf 84' lang='lat' dir='ltr'><strong><em>haec</em></strong></span> <span class='ocrx_word' id='word_1_235' title='bbox 906 4121 1049 4175; x_wconf 81' lang='lat' dir='ltr'><strong><em>addantur</em></strong></span> <span class='ocrx_word' id='word_1_236' title='bbox 1066 4141 1095 4174; x_wconf 77' lang='grc' dir='ltr'><strong><em>ιιι</em></strong></span> <span class='ocrx_word' id='word_1_237' title='bbox 1111 4125 1163 4174; x_wconf 85' lang='grc'><strong><em>644</em></strong></span> 
     </span>
     <span class='ocr_line' id='line_1_34' title="bbox 609 4210 1325 4278; baseline 0.004 -16"><span class='ocrx_word' id='word_1_238' title='bbox 609 4211 764 4278; x_wconf 78' lang='lat' dir='ltr'><strong><em>Antiquam</em></strong></span> <span class='ocrx_word' id='word_1_239' title='bbox 784 4211 816 4264; x_wconf 87' lang='lat' dir='ltr'><strong><em>in</em></strong></span> <span class='ocrx_word' id='word_1_240' title='bbox 835 4212 935 4266; x_wconf 84' lang='lat' dir='ltr'><strong><em>Buten.</em></strong></span> <span class='ocrx_word' id='word_1_241' title='bbox 953 4211 999 4265; x_wconf 79' lang='lat' dir='ltr'><strong><em>iiie</em></strong></span> <span class='ocrx_word' id='word_1_242' title='bbox 1016 4210 1167 4265; x_wconf 85' lang='lat' dir='ltr'><strong><em>Dardanio</em></strong></span> <span class='ocrx_word' id='word_1_243' title='bbox 1185 4211 1325 4265; x_wconf 79' lang='lat' dir='ltr'><strong><em>Anchisae</em></strong></span> 
     </span>
     <span class='ocr_line' id='line_1_35' title="bbox 495 4298 1333 4368; baseline 0.005 -19"><span class='ocrx_word' id='word_1_244' title='bbox 495 4299 501 4312; x_wconf 92' lang='lat'>&#39;</span> <span class='ocrx_word' id='word_1_245' title='bbox 610 4299 738 4368; x_wconf 71' lang='lat' dir='ltr'><strong><em>Armiqer</em></strong></span> <span class='ocrx_word' id='word_1_246' title='bbox 756 4305 819 4353; x_wconf 82' lang='lat' dir='ltr'><strong><em>ante</em></strong></span> <span class='ocrx_word' id='word_1_247' title='bbox 836 4300 894 4366; x_wconf 79' lang='lat' dir='ltr'><strong><em>fuit</em></strong></span> <span class='ocrx_word' id='word_1_248' title='bbox 911 4299 1037 4367; x_wconf 73' lang='lat' dir='ltr'><strong><em>fidusque</em></strong></span> <span class='ocrx_word' id='word_1_249' title='bbox 1054 4298 1093 4352; x_wconf 90' lang='lat' dir='ltr'><strong><em>ad</em></strong></span> <span class='ocrx_word' id='word_1_250' title='bbox 1111 4298 1211 4352; x_wconf 85' lang='lat' dir='ltr'><strong><em>limina</em></strong></span> <span class='ocrx_word' id='word_1_251' title='bbox 1229 4304 1333 4364; x_wconf 63' lang='lat' dir='ltr'><strong><em>citatem</em></strong></span> 
     </span>
     <span class='ocr_line' id='line_1_36' title="bbox 613 4385 1199 4454; baseline 0.002 -15"><span class='ocrx_word' id='word_1_252' title='bbox 613 4386 683 4440; x_wconf 85' lang='lat' dir='ltr'><strong><em>Tum</em></strong></span> <span class='ocrx_word' id='word_1_253' title='bbox 701 4388 822 4441; x_wconf 83' lang='lat' dir='ltr'><strong><em>comitem</em></strong></span> <span class='ocrx_word' id='word_1_254' title='bbox 842 4387 964 4442; x_wconf 78' lang='lat' dir='ltr'><strong><em>Assumo</em></strong></span> <span class='ocrx_word' id='word_1_255' title='bbox 980 4391 1062 4454; x_wconf 78' lang='lat' dir='ltr'><strong><em>pater</em></strong></span> <span class='ocrx_word' id='word_1_256' title='bbox 1080 4385 1199 4441; x_wconf 82' lang='lat' dir='ltr'><strong><em>addidit.</em></strong></span> 
     </span>
    </p>
   </div>
   <div class='ocr_carea' id='block_1_6' title="bbox 431 4565 1667 4900">
    <p class='ocr_par' dir='ltr' id='par_1_8' title="bbox 431 4565 1667 4900">
     <span class='ocr_line' id='line_1_37' title="bbox 610 4565 1276 4636; baseline 0 -16"><span class='ocrx_word' id='word_1_257' title='bbox 610 4567 649 4620; x_wconf 79' lang='lat' dir='ltr'><strong><em>At</em></strong></span> <span class='ocrx_word' id='word_1_258' title='bbox 663 4571 745 4636; x_wconf 79' lang='lat' dir='ltr'><strong><em>pater</em></strong></span> <span class='ocrx_word' id='word_1_259' title='bbox 762 4567 871 4620; x_wconf 83' lang='lat' dir='ltr'><strong><em>Aeneas</em></strong></span> <span class='ocrx_word' id='word_1_260' title='bbox 889 4565 1013 4620; x_wconf 89' lang='lat' dir='ltr'><strong><em>nondum</em></strong></span> <span class='ocrx_word' id='word_1_261' title='bbox 1030 4565 1177 4619; x_wconf 77' lang='lat' dir='ltr'><strong><em>sartamine</em></strong></span> <span class='ocrx_word' id='word_1_262' title='bbox 1195 4565 1276 4620; x_wconf 71' lang='lat' dir='ltr'><strong><em>mnae</em></strong></span> 
     </span>
     <span class='ocr_line' id='line_1_38' title="bbox 611 4654 1289 4723; baseline 0 -15"><span class='ocrx_word' id='word_1_263' title='bbox 611 4655 753 4710; x_wconf 83' lang='lat' dir='ltr'><strong><em>Custodem</em></strong></span> <span class='ocrx_word' id='word_1_264' title='bbox 772 4655 809 4708; x_wconf 87' lang='lat' dir='ltr'><strong><em>ud</em></strong></span> <span class='ocrx_word' id='word_1_265' title='bbox 826 4671 881 4709; x_wconf 85' lang='lat' dir='ltr'><strong><em>sese</em></strong></span> <span class='ocrx_word' id='word_1_266' title='bbox 900 4654 1074 4721; x_wconf 69' lang='lat' dir='ltr'><strong><em>continuam</em></strong></span> <span class='ocrx_word' id='word_1_267' title='bbox 1092 4654 1213 4723; x_wconf 72' lang='lat' dir='ltr'><strong><em>impubis</em></strong></span> <span class='ocrx_word' id='word_1_268' title='bbox 1230 4655 1289 4708; x_wconf 84' lang='lat' dir='ltr'><strong><em>Iuli</em></strong></span> 
     </span>
     <span class='ocr_line' id='line_1_39' title="bbox 609 4743 944 4814; baseline -0.006 -15"><span class='ocrx_word' id='word_1_269' title='bbox 609 4743 751 4814; x_wconf 68' lang='lat' dir='ltr'><strong><em>Epytiden</em></strong></span> <span class='ocrx_word' id='word_1_270' title='bbox 769 4749 846 4800; x_wconf 82' lang='lat' dir='ltr'><strong><em>uocat</em></strong></span> <span class='ocrx_word' id='word_1_271' title='bbox 864 4759 921 4811; x_wconf 83' lang='lat' dir='ltr'><strong><em>eqs.</em></strong></span> <span class='ocrx_word' id='word_1_272' title='bbox 942 4755 944 4760; x_wconf 84' lang='grc'><strong>’</strong></span> 
     </span>
     <span class='ocr_line' id='line_1_40' title="bbox 431 4831 1667 4900; baseline 0 -14"><span class='ocrx_word' id='word_1_273' title='bbox 431 4831 468 4886; x_wconf 91' lang='lat' dir='ltr'><strong><em>ad</em></strong></span> <span class='ocrx_word' id='word_1_274' title='bbox 483 4848 555 4900; x_wconf 85' lang='lat' dir='ltr'><strong><em>quae</em></strong></span> <span class='ocrx_word' id='word_1_275' title='bbox 571 4831 680 4888; x_wconf 82' lang='lat' dir='ltr'><strong><em>Servius</em></strong></span> <span class='ocrx_word' id='word_1_276' title='bbox 700 4831 860 4888; x_wconf 81' lang='lat' dir='ltr'><strong><em>adnotavit:</em></strong></span> <span class='ocrx_word' id='word_1_277' title='bbox 879 4831 1016 4888; x_wconf 79' lang='lat' dir='ltr'><strong><em>custodem</em></strong></span> <span class='ocrx_word' id='word_1_278' title='bbox 1035 4831 1074 4886; x_wconf 88' lang='lat' dir='ltr'><strong><em>ad</em></strong></span> <span class='ocrx_word' id='word_1_279' title='bbox 1091 4848 1159 4886; x_wconf 81' lang='lat' dir='ltr'><strong><em>sese:</em></strong></span> <span class='ocrx_word' id='word_1_280' title='bbox 1177 4833 1323 4887; x_wconf 84' lang='lat' dir='ltr'><strong><em>seeundum</em></strong></span> <span class='ocrx_word' id='word_1_281' title='bbox 1347 4832 1470 4886; x_wconf 84' lang='lat' dir='ltr'><strong><em>Tullium</em></strong></span> <span class='ocrx_word' id='word_1_282' title='bbox 1483 4832 1532 4900; x_wconf 83' lang='lat' dir='ltr'><strong><em>qui</em></strong></span> <span class='ocrx_word' id='word_1_283' title='bbox 1545 4831 1613 4886; x_wconf 72' lang='lat' dir='ltr'><strong><em>duit</em></strong></span> <span class='ocrx_word' id='word_1_284' title='bbox 1626 4832 1667 4886; x_wconf 88' lang='lat' dir='ltr'><strong><em>ad</em></strong></span> 
     </span>
    </p>
   </div>
   <div class='ocr_carea' id='block_1_7' title="bbox 0 0 1997 5725">
    <p class='ocr_par' dir='ltr' id='par_1_9' title="bbox 0 0 1997 5725">
     <span class='ocr_line' id='line_1_41' title="bbox 0 0 1997 5725; baseline 0 0"><span class='ocrx_word' id='word_1_285' title='bbox 0 0 1997 5725; x_wconf 95' lang='lat' dir='ltr'><strong><em> </em></strong></span> 
     </span>
    </p>
   </div>
  </div>
 </body>
</html>
