<?xml version="1.0" encoding="UTF-8"?>
<!DOCTYPE html PUBLIC "-//W3C//DTD XHTML 1.0 Transitional//EN"
    "http://www.w3.org/TR/xhtml1/DTD/xhtml1-transitional.dtd">
<html xmlns="http://www.w3.org/1999/xhtml" xml:lang="en" lang="en">
 <head>
  <title>
</title>
<meta http-equiv="Content-Type" content="text/html;charset=utf-8" />
  <meta name='ocr-system' content='tesseract 3.04.00' />
  <meta name='ocr-capabilities' content='ocr_page ocr_carea ocr_par ocr_line ocrx_word'/>
</head>
<body>
  <div class='ocr_page' id='page_1' title='image "./iohannisvahleni00vahlgoog/iohannisvahleni00vahlgoog_0254.png"; bbox 0 0 3967 5725; ppageno 0'>
   <div class='ocr_carea' id='block_1_1' title="bbox 398 607 1420 672">
    <p class='ocr_par' dir='ltr' id='par_1_1' title="bbox 398 607 1420 672">
     <span class='ocr_line' id='line_1_1' title="bbox 398 607 1420 672; baseline 0.012 -24"><span class='ocrx_word' id='word_1_1' title='bbox 398 607 474 672; x_wconf 64' lang='lat'><strong>{250</strong></span> <span class='ocrx_word' id='word_1_2' title='bbox 622 609 839 666; x_wconf 65' lang='lat' dir='ltr'><strong>xnumnux</strong></span> <span class='ocrx_word' id='word_1_3' title='bbox 857 607 1071 658; x_wconf 82' lang='lat' dir='ltr'>LECTIONUM</span> <span class='ocrx_word' id='word_1_4' title='bbox 1090 607 1323 659; x_wconf 80' lang='lat' dir='ltr'>AESTIVABUM</span> <span class='ocrx_word' id='word_1_5' title='bbox 1342 609 1420 660; x_wconf 76' lang='lat'>1897.</span> 
     </span>
    </p>
   </div>
   <div class='ocr_carea' id='block_1_2' title="bbox 355 765 1642 4923">
    <p class='ocr_par' dir='ltr' id='par_1_2' title="bbox 355 765 1642 4923">
     <span class='ocr_line' id='line_1_2' title="bbox 400 765 1642 854; baseline -0.002 -20"><span class='ocrx_word' id='word_1_6' title='bbox 400 771 494 854; x_wconf 85' lang='lat' dir='ltr'><strong>quod</strong></span> <span class='ocrx_word' id='word_1_7' title='bbox 525 791 591 835; x_wconf 90' lang='lat' dir='ltr'><strong>non</strong></span> <span class='ocrx_word' id='word_1_8' title='bbox 622 773 709 834; x_wconf 86' lang='lat' dir='ltr'><strong>reete</strong></span> <span class='ocrx_word' id='word_1_9' title='bbox 740 773 797 834; x_wconf 89' lang='lat' dir='ltr'><strong>aut</strong></span> <span class='ocrx_word' id='word_1_10' title='bbox 825 791 892 834; x_wconf 90' lang='lat' dir='ltr'><strong>non</strong></span> <span class='ocrx_word' id='word_1_11' title='bbox 919 768 1020 852; x_wconf 86' lang='lat' dir='ltr'>probe</span> <span class='ocrx_word' id='word_1_12' title='bbox 1048 789 1085 833; x_wconf 89' lang='lat' dir='ltr'><strong>ae</strong></span> <span class='ocrx_word' id='word_1_13' title='bbox 1112 767 1225 832; x_wconf 83' lang='lat' dir='ltr'><strong>deeora</strong></span> <span class='ocrx_word' id='word_1_14' title='bbox 1253 767 1372 833; x_wconf 84' lang='lat' dir='ltr'><strong>elatum</strong></span> <span class='ocrx_word' id='word_1_15' title='bbox 1394 769 1451 833; x_wconf 84' lang='lat' dir='ltr'><strong>¹sit.</strong></span> <span class='ocrx_word' id='word_1_16' title='bbox 1494 765 1557 832; x_wconf 83' lang='lat' dir='ltr'><strong>Sed</strong></span> <span class='ocrx_word' id='word_1_17' title='bbox 1584 767 1642 832; x_wconf 80' lang='lat' dir='ltr'><strong>elii</strong></span> 
     </span>
     <span class='ocr_line' id='line_1_3' title="bbox 394 873 1640 961; baseline -0.002 -19"><span class='ocrx_word' id='word_1_18' title='bbox 394 877 513 961; x_wconf 80' lang='lat' dir='ltr'><strong>-aliter3</strong></span> <span class='ocrx_word' id='word_1_19' title='bbox 541 882 573 942; x_wconf 92' lang='lat' dir='ltr'><strong>et</strong></span> <span class='ocrx_word' id='word_1_20' title='bbox 601 876 779 960; x_wconf 61' lang='lat' dir='ltr'><strong>‘defendet</strong></span> <span class='ocrx_word' id='word_1_21' title='bbox 806 877 852 942; x_wconf 90' lang='lat' dir='ltr'><strong>ait</strong></span> <span class='ocrx_word' id='word_1_22' title='bbox 874 873 1000 958; x_wconf 84' lang='lat' dir='ltr'><strong>(lieero,</strong></span> <span class='ocrx_word' id='word_1_23' title='bbox 1028 875 1116 959; x_wconf 90' lang='lat' dir='ltr'><strong>qnod</strong></span> <span class='ocrx_word' id='word_1_24' title='bbox 1143 876 1279 959; x_wconf 87' lang='lat' dir='ltr'><strong>quisque</strong></span> <span class='ocrx_word' id='word_1_25' title='bbox 1307 875 1419 939; x_wconf 86' lang='lat' dir='ltr'><strong>sentit:</strong></span> <span class='ocrx_word' id='word_1_26' title='bbox 1452 879 1528 948; x_wconf 87' lang='lat' dir='ltr'><strong>eunt</strong></span> <span class='ocrx_word' id='word_1_27' title='bbox 1555 874 1640 940; x_wconf 90' lang='lat' dir='ltr'><strong>enim</strong></span> 
     </span>
     <span class='ocr_line' id='line_1_4' title="bbox 406 981 1641 1066; baseline -0.001 -19"><span class='ocrx_word' id='word_1_28' title='bbox 406 984 525 1049; x_wconf 83' lang='lat' dir='ltr'><strong>iudicia</strong></span> <span class='ocrx_word' id='word_1_29' title='bbox 555 983 678 1049; x_wconf 71' lang='lat' dir='ltr'><strong>libera?</strong></span> <span class='ocrx_word' id='word_1_30' title='bbox 719 981 824 1048; x_wconf 85' lang='lat' dir='ltr'><strong>Nobis</strong></span> <span class='ocrx_word' id='word_1_31' title='bbox 857 986 890 1047; x_wconf 93' lang='lat' dir='ltr'><strong>et</strong></span> <span class='ocrx_word' id='word_1_32' title='bbox 921 981 978 1047; x_wconf 90' lang='lat' dir='ltr'><strong>illa</strong></span> <span class='ocrx_word' id='word_1_33' title='bbox 1009 982 1189 1066; x_wconf 87' lang='lat' dir='ltr'><strong>probantur</strong></span> <span class='ocrx_word' id='word_1_34' title='bbox 1220 985 1253 1046; x_wconf 92' lang='lat' dir='ltr'><strong>et</strong></span> <span class='ocrx_word' id='word_1_35' title='bbox 1279 982 1342 1046; x_wconf 88' lang='lat' dir='ltr'><strong>hoe</strong></span> <span class='ocrx_word' id='word_1_36' title='bbox 1369 1003 1433 1066; x_wconf 84' lang='lat' dir='ltr'><strong>pro.</strong></span> <span class='ocrx_word' id='word_1_37' title='bbox 1455 981 1641 1056; x_wconf 83' lang='lat' dir='ltr'><strong>firmissimo</strong></span> 
     </span>
     <span class='ocr_line' id='line_1_5' title="bbox 399 1088 1640 1172; baseline -0.003 -16"><span class='ocrx_word' id='word_1_38' title='bbox 399 1090 614 1156; x_wconf 59' lang='lat' dir='ltr'><strong>‘fundamento</strong></span> <span class='ocrx_word' id='word_1_39' title='bbox 637 1095 699 1172; x_wconf 91' lang='lat' dir='ltr'><strong>est,</strong></span> <span class='ocrx_word' id='word_1_40' title='bbox 727 1090 761 1154; x_wconf 89' lang='lat' dir='ltr'><strong>in</strong></span> <span class='ocrx_word' id='word_1_41' title='bbox 786 1111 852 1172; x_wconf 95' lang='lat' dir='ltr'><strong>quo</strong></span> <span class='ocrx_word' id='word_1_42' title='bbox 875 1089 955 1154; x_wconf 88' lang='lat' dir='ltr'><strong>haee</strong></span> <span class='ocrx_word' id='word_1_43' title='bbox 977 1090 1195 1154; x_wconf 77' lang='lat' dir='ltr'><strong>controversie</strong></span> <span class='ocrx_word' id='word_1_44' title='bbox 1218 1088 1373 1172; x_wconf 78' lang='lat' dir='ltr'>diluatur,</span> <span class='ocrx_word' id='word_1_45' title='bbox 1395 1109 1456 1154; x_wconf 88' lang='lat' dir='ltr'><strong>nee</strong></span> <span class='ocrx_word' id='word_1_46' title='bbox 1477 1089 1567 1154; x_wconf 80' lang='lat' dir='ltr'><strong>nobis</strong></span> <span class='ocrx_word' id='word_1_47' title='bbox 1588 1089 1640 1152; x_wconf 83' lang='lat' dir='ltr'><strong>ad·</strong></span> 
     </span>
     <span class='ocr_line' id='line_1_6' title="bbox 400 1195 1509 1281; baseline -0.001 -20"><span class='ocrx_word' id='word_1_48' title='bbox 400 1197 619 1262; x_wconf 89' lang='lat' dir='ltr'><strong>dubitandum</strong></span> <span class='ocrx_word' id='word_1_49' title='bbox 641 1220 746 1281; x_wconf 88' lang='lat' dir='ltr'><strong>neque</strong></span> <span class='ocrx_word' id='word_1_50' title='bbox 769 1218 843 1261; x_wconf 86' lang='lat' dir='ltr'><strong>vero</strong></span> <span class='ocrx_word' id='word_1_51' title='bbox 866 1197 947 1261; x_wconf 74' lang='lat' dir='ltr'><strong>miti</strong></span> <span class='ocrx_word' id='word_1_52' title='bbox 969 1198 1101 1262; x_wconf 77' lang='lat' dir='ltr'><strong><em>miserae</em></strong></span> <span class='ocrx_word' id='word_1_53' title='bbox 1114 1199 1193 1260; x_wconf 74' lang='lat' dir='ltr'><strong>&#39;esse</strong></span> <span class='ocrx_word' id='word_1_54' title='bbox 1216 1195 1509 1280; x_wconf 85' lang='lat' dir='ltr'><strong>derelinquendum.</strong></span> 
     </span>
     <span class='ocr_line' id='line_1_7' title="bbox 494 1301 1640 1390; baseline -0.001 -22"><span class='ocrx_word' id='word_1_55' title='bbox 494 1322 540 1369; x_wconf 92' lang='lat' dir='ltr'><strong>1v.</strong></span> <span class='ocrx_word' id='word_1_56' title='bbox 576 1303 650 1370; x_wconf 87' lang='lat' dir='ltr'><strong>Una</strong></span> <span class='ocrx_word' id='word_1_57' title='bbox 676 1304 772 1369; x_wconf 87' lang='lat' dir='ltr'><strong>etiam</strong></span> <span class='ocrx_word' id='word_1_58' title='bbox 797 1305 986 1388; x_wconf 78' lang='lat' dir='ltr'><strong>quaestione</strong></span> <span class='ocrx_word' id='word_1_59' title='bbox 1009 1303 1221 1390; x_wconf 84' lang='lat' dir='ltr'><strong>defungemur</strong></span> <span class='ocrx_word' id='word_1_60' title='bbox 1243 1303 1340 1368; x_wconf 89' lang='lat' dir='ltr'><strong>brevi.</strong></span> <span class='ocrx_word' id='word_1_61' title='bbox 1378 1301 1416 1368; x_wconf 92' lang='lat' dir='ltr'><strong>In</strong></span> <span class='ocrx_word' id='word_1_62' title='bbox 1439 1304 1549 1369; x_wconf 87' lang='lat' dir='ltr'><strong>eodem</strong></span> <span class='ocrx_word' id='word_1_63' title='bbox 1573 1325 1640 1368; x_wconf 87' lang='lat' dir='ltr'><strong>oar-</strong></span> 
     </span>
     <span class='ocr_line' id='line_1_8' title="bbox 404 1410 1044 1496; baseline -0.002 -20"><span class='ocrx_word' id='word_1_64' title='bbox 404 1413 492 1477; x_wconf 91' lang='lat' dir='ltr'><strong>mine</strong></span> <span class='ocrx_word' id='word_1_65' title='bbox 513 1411 593 1477; x_wconf 89' lang='lat' dir='ltr'><strong>haee</strong></span> <span class='ocrx_word' id='word_1_66' title='bbox 615 1414 770 1496; x_wconf 83' lang='lat' dir='ltr'><strong>leguntur</strong></span> <span class='ocrx_word' id='word_1_67' title='bbox 790 1411 866 1476; x_wconf 89' lang='lat' dir='ltr'><strong>inde</strong></span> <span class='ocrx_word' id='word_1_68' title='bbox 889 1433 907 1475; x_wconf 90' lang='lat' dir='ltr'><strong>a</strong></span> <span class='ocrx_word' id='word_1_69' title='bbox 929 1433 958 1476; x_wconf 84' lang='lat' dir='ltr'><strong>v.</strong></span> <span class='ocrx_word' id='word_1_70' title='bbox 979 1410 1044 1475; x_wconf 76' lang='lat'><strong>269</strong></span> 
     </span>
     <span class='ocr_line' id='line_1_9' title="bbox 393 1518 1326 1601; baseline -0.001 -18"><span class='ocrx_word' id='word_1_71' title='bbox 393 1549 441 1578; x_wconf 58' lang='grc' dir='ltr'>κ</span> <span class='ocrx_word' id='word_1_72' title='bbox 565 1519 631 1584; x_wconf 87' lang='lat' dir='ltr'><strong>Hie</strong></span> <span class='ocrx_word' id='word_1_73' title='bbox 652 1519 757 1600; x_wconf 76' lang='lat' dir='ltr'><strong>qualis</strong></span> <span class='ocrx_word' id='word_1_74' title='bbox 778 1519 858 1600; x_wconf 72' lang='lat' dir='ltr'><strong>flate</strong></span> <span class='ocrx_word' id='word_1_75' title='bbox 875 1518 1040 1601; x_wconf 80' lang='lat' dir='ltr'><strong>ploeidum</strong></span> <span class='ocrx_word' id='word_1_76' title='bbox 1063 1538 1150 1582; x_wconf 75' lang='lat' dir='ltr'><strong>more</strong></span> <span class='ocrx_word' id='word_1_77' title='bbox 1172 1519 1326 1582; x_wconf 79' lang='lat' dir='ltr'><strong>matutino</strong></span> 
     </span>
     <span class='ocr_line' id='line_1_10' title="bbox 430 1625 1374 1709; baseline -0.001 -19"><span class='ocrx_word' id='word_1_78' title='bbox 430 1648 441 1660; x_wconf 90' lang='grc'><strong>··</strong></span> <span class='ocrx_word' id='word_1_79' title='bbox 454 1626 520 1690; x_wconf 77' lang='grc'><strong>270</strong></span> <span class='ocrx_word' id='word_1_80' title='bbox 565 1626 768 1708; x_wconf 64' lang='grc' dir='ltr'><strong>Ηοννίβεαηε</strong></span> <span class='ocrx_word' id='word_1_81' title='bbox 789 1625 940 1708; x_wconf 73' lang='lat' dir='ltr'><strong>zephyrus</strong></span> <span class='ocrx_word' id='word_1_82' title='bbox 956 1625 1116 1709; x_wconf 75' lang='lat' dir='ltr'><strong>proclivus</strong></span> <span class='ocrx_word' id='word_1_83' title='bbox 1137 1626 1374 1690; x_wconf 75' lang='lat' dir='ltr'><strong>inettetuudus</strong></span> 
     </span>
     <span class='ocr_line' id='line_1_11' title="bbox 361 1732 1290 1815; baseline 0.001 -18"><span class='ocrx_word' id='word_1_84' title='bbox 361 1757 392 1797; x_wconf 77' lang='lat' dir='ltr'><strong>ro</strong></span> <span class='ocrx_word' id='word_1_85' title='bbox 567 1733 696 1798; x_wconf 76' lang='lat' dir='ltr'><strong>Aurora</strong></span> <span class='ocrx_word' id='word_1_86' title='bbox 718 1734 871 1798; x_wconf 69' lang='lat' dir='ltr'><strong>exoriente</strong></span> <span class='ocrx_word' id='word_1_87' title='bbox 891 1734 966 1815; x_wconf 60' lang='lat' dir='ltr'><strong>vobi</strong></span> <span class='ocrx_word' id='word_1_88' title='bbox 986 1733 1043 1798; x_wconf 75' lang='lat' dir='ltr'><strong>sub</strong></span> <span class='ocrx_word' id='word_1_89' title='bbox 1066 1733 1183 1798; x_wconf 79' lang='lat' dir='ltr'><strong>limina</strong></span> <span class='ocrx_word' id='word_1_90' title='bbox 1204 1732 1290 1810; x_wconf 80' lang='lat' dir='ltr'><strong>solis,</strong></span> 
     </span>
     <span class='ocr_line' id='line_1_12' title="bbox 571 1839 1372 1921; baseline -0.001 -17"><span class='ocrx_word' id='word_1_91' title='bbox 571 1841 657 1921; x_wconf 73' lang='lat' dir='ltr'><strong>Quae</strong></span> <span class='ocrx_word' id='word_1_92' title='bbox 674 1841 768 1905; x_wconf 73' lang='lat' dir='ltr'><strong>tarde</strong></span> <span class='ocrx_word' id='word_1_93' title='bbox 782 1842 928 1921; x_wconf 68' lang='lat' dir='ltr'><strong>primum</strong></span> <span class='ocrx_word' id='word_1_94' title='bbox 950 1839 1090 1904; x_wconf 80' lang='lat' dir='ltr'><strong>elementi</strong></span> <span class='ocrx_word' id='word_1_95' title='bbox 1108 1839 1243 1920; x_wconf 70' lang='lat' dir='ltr'><strong>flumine</strong></span> <span class='ocrx_word' id='word_1_96' title='bbox 1258 1839 1372 1921; x_wconf 72' lang='lat' dir='ltr'><strong>pulsae</strong></span> 
     </span>
     <span class='ocr_line' id='line_1_13' title="bbox 568 1945 1446 2031; baseline -0.002 -19"><span class='ocrx_word' id='word_1_97' title='bbox 568 1947 757 2027; x_wconf 74' lang='lat' dir='ltr'><strong>Procedant,</strong></span> <span class='ocrx_word' id='word_1_98' title='bbox 780 1945 957 2031; x_wconf 88' lang='lat' dir='ltr'><strong>leviterque</strong></span> <span class='ocrx_word' id='word_1_99' title='bbox 980 1951 1097 2011; x_wconf 87' lang='lat' dir='ltr'><strong>sonent</strong></span> <span class='ocrx_word' id='word_1_100' title='bbox 1113 1947 1266 2029; x_wconf 73' lang='lat' dir='ltr'><strong>ploroyore</strong></span> <span class='ocrx_word' id='word_1_101' title='bbox 1288 1945 1446 2025; x_wconf 73' lang='lat' dir='ltr'><strong><em>cachinni,</em></strong></span> 
     </span>
     <span class='ocr_line' id='line_1_14' title="bbox 568 2053 1485 2136; baseline -0.002 -16"><span class='ocrx_word' id='word_1_102' title='bbox 568 2054 646 2120; x_wconf 82' lang='lat' dir='ltr'><strong>Post</strong></span> <span class='ocrx_word' id='word_1_103' title='bbox 665 2060 752 2120; x_wconf 75' lang='lat' dir='ltr'><strong>uento</strong></span> <span class='ocrx_word' id='word_1_104' title='bbox 774 2059 921 2120; x_wconf 73' lang='lat' dir='ltr'><strong>erescere</strong></span> <span class='ocrx_word' id='word_1_105' title='bbox 942 2054 1045 2136; x_wconf 72' lang='lat' dir='ltr'><strong>moqis</strong></span> <span class='ocrx_word' id='word_1_106' title='bbox 1067 2055 1170 2135; x_wconf 71' lang='lat' dir='ltr'><strong>moqis</strong></span> <span class='ocrx_word' id='word_1_107' title='bbox 1192 2053 1399 2118; x_wconf 73' lang='lat' dir='ltr'><strong>irrerebeseemt</strong></span> <span class='ocrx_word' id='word_1_108' title='bbox 1483 2081 1485 2084; x_wconf 94' lang='lat'>·</span> 
     </span>
     <span class='ocr_line' id='line_1_15' title="bbox 455 2159 1387 2244; baseline 0.002 -20"><span class='ocrx_word' id='word_1_109' title='bbox 455 2161 520 2225; x_wconf 74' lang='lat'><strong>275</strong></span> <span class='ocrx_word' id='word_1_110' title='bbox 567 2161 793 2244; x_wconf 57' lang='lat' dir='ltr'><strong>Funereoque</strong></span> <span class='ocrx_word' id='word_1_111' title='bbox 808 2161 920 2242; x_wconf 72' lang='lat' dir='ltr'><strong>probel</strong></span> <span class='ocrx_word' id='word_1_112' title='bbox 941 2166 1054 2225; x_wconf 56' lang='lat' dir='ltr'><strong>nones</strong></span> <span class='ocrx_word' id='word_1_113' title='bbox 1075 2159 1115 2225; x_wconf 86' lang='lat' dir='ltr'><strong>ob</strong></span> <span class='ocrx_word' id='word_1_114' title='bbox 1138 2161 1203 2224; x_wconf 81' lang='lat' dir='ltr'><strong>luce</strong></span> <span class='ocrx_word' id='word_1_115' title='bbox 1222 2161 1387 2243; x_wconf 73' lang='lat' dir='ltr'><strong>refulymt,</strong></span> 
     </span>
     <span class='ocr_line' id='line_1_16' title="bbox 565 2267 1273 2350; baseline -0.003 -16"><span class='ocrx_word' id='word_1_116' title='bbox 565 2267 621 2334; x_wconf 75' lang='lat' dir='ltr'><strong>Se</strong></span> <span class='ocrx_word' id='word_1_117' title='bbox 641 2274 708 2334; x_wconf 82' lang='lat' dir='ltr'><strong>tum</strong></span> <span class='ocrx_word' id='word_1_118' title='bbox 730 2267 872 2333; x_wconf 62' lang='lat' dir='ltr'><strong>uestibuli</strong></span> <span class='ocrx_word' id='word_1_119' title='bbox 893 2267 1064 2349; x_wconf 72' lang='lat' dir='ltr'><strong><em>linquentes</em></strong></span> <span class='ocrx_word' id='word_1_120' title='bbox 1085 2269 1174 2350; x_wconf 65' lang='lat' dir='ltr'><strong>reeta</strong></span> <span class='ocrx_word' id='word_1_121' title='bbox 1192 2272 1273 2332; x_wconf 55' lang='lat' dir='ltr'><strong>‘tectu</strong></span> 
     </span>
     <span class='ocr_line' id='line_1_17' title="bbox 565 2375 1388 2457; baseline -0.004 -17"><span class='ocrx_word' id='word_1_122' title='bbox 565 2376 622 2440; x_wconf 86' lang='lat' dir='ltr'><strong>Ad</strong></span> <span class='ocrx_word' id='word_1_123' title='bbox 642 2395 676 2440; x_wconf 80' lang='lat' dir='ltr'><strong>se</strong></span> <span class='ocrx_word' id='word_1_124' title='bbox 696 2376 824 2457; x_wconf 79' lang='lat' dir='ltr'><strong>quisque</strong></span> <span class='ocrx_word' id='word_1_125' title='bbox 845 2395 923 2457; x_wconf 74' lang='lat' dir='ltr'><strong>uoqo</strong></span> <span class='ocrx_word' id='word_1_126' title='bbox 940 2375 1066 2457; x_wconf 59' lang='lat' dir='ltr'><strong>pesum</strong></span> <span class='ocrx_word' id='word_1_127' title='bbox 1082 2375 1163 2457; x_wconf 81' lang='lat' dir='ltr'><strong>pede</strong></span> <span class='ocrx_word' id='word_1_128' title='bbox 1185 2375 1388 2440; x_wconf 73' lang='lat' dir='ltr'><strong>descedeboot.</strong></span> 
     </span>
     <span class='ocr_line' id='line_1_18' title="bbox 403 2479 1638 2566; baseline 0 -21"><span class='ocrx_word' id='word_1_129' title='bbox 403 2480 586 2547; x_wconf 59' lang='lat' dir='ltr'><strong>&#39;Dieendurn</strong></span> <span class='ocrx_word' id='word_1_130' title='bbox 605 2481 699 2547; x_wconf 87' lang='lat' dir='ltr'><strong>nobis</strong></span> <span class='ocrx_word' id='word_1_131' title='bbox 717 2487 768 2546; x_wconf 93' lang='lat' dir='ltr'><strong>est</strong></span> <span class='ocrx_word' id='word_1_132' title='bbox 786 2481 825 2545; x_wconf 91' lang='lat' dir='ltr'><strong>de</strong></span> <span class='ocrx_word' id='word_1_133' title='bbox 843 2503 940 2546; x_wconf 84' lang='lat' dir='ltr'><strong>versu</strong></span> <span class='ocrx_word' id='word_1_134' title='bbox 958 2482 1033 2563; x_wconf 75' lang='lat'><strong>273,</strong></span> <span class='ocrx_word' id='word_1_135' title='bbox 1052 2481 1088 2565; x_wconf 89' lang='lat' dir='ltr'><strong>in</strong></span> <span class='ocrx_word' id='word_1_136' title='bbox 1105 2503 1169 2565; x_wconf 94' lang='lat' dir='ltr'><strong>quo</strong></span> <span class='ocrx_word' id='word_1_137' title='bbox 1189 2480 1223 2545; x_wconf 91' lang='lat' dir='ltr'><strong>in</strong></span> <span class='ocrx_word' id='word_1_138' title='bbox 1242 2479 1511 2566; x_wconf 84' lang='lat' dir='ltr'><strong>Sangermane&#39;nsi</strong></span> <span class='ocrx_word' id='word_1_139' title='bbox 1530 2480 1638 2545; x_wconf 82' lang='lat' dir='ltr'><strong>codiee</strong></span> 
     </span>
     <span class='ocr_line' id='line_1_19' title="bbox 406 2586 1639 2674; baseline -0.001 -21"><span class='ocrx_word' id='word_1_140' title='bbox 406 2589 584 2672; x_wconf 82' lang='lat' dir='ltr'><strong>ceterisque</strong></span> <span class='ocrx_word' id='word_1_141' title='bbox 607 2589 701 2653; x_wconf 88' lang='lat' dir='ltr'><strong>bonis</strong></span> <span class='ocrx_word' id='word_1_142' title='bbox 723 2589 816 2655; x_wconf 90' lang='lat' dir='ltr'><strong>libris</strong></span> <span class='ocrx_word' id='word_1_143' title='bbox 839 2588 998 2674; x_wconf 88' lang='lat' dir='ltr'><strong>seriptum</strong></span> <span class='ocrx_word' id='word_1_144' title='bbox 1021 2592 1069 2654; x_wconf 88' lang='lat' dir='ltr'><strong>est</strong></span> <span class='ocrx_word' id='word_1_145' title='bbox 1088 2588 1193 2654; x_wconf 77' lang='lat' dir='ltr'><strong>leviter</strong></span> <span class='ocrx_word' id='word_1_146' title='bbox 1209 2594 1324 2654; x_wconf 70' lang='lat' dir='ltr'><strong>sonunt</strong></span> <span class='ocrx_word' id='word_1_147' title='bbox 1334 2609 1369 2670; x_wconf 81' lang='lat' dir='ltr'><strong>p.</strong></span> <span class='ocrx_word' id='word_1_148' title='bbox 1388 2607 1412 2652; x_wconf 90' lang='lat' dir='ltr'><strong>e.</strong></span> <span class='ocrx_word' id='word_1_149' title='bbox 1450 2586 1543 2664; x_wconf 76' lang='lat' dir='ltr'><strong>Quod</strong></span> <span class='ocrx_word' id='word_1_150' title='bbox 1561 2587 1639 2671; x_wconf 88' lang='lat' dir='ltr'><strong>quia</strong></span> 
     </span>
     <span class='ocr_line' id='line_1_20' title="bbox 404 2693 1640 2780; baseline 0 -21"><span class='ocrx_word' id='word_1_151' title='bbox 404 2694 558 2760; x_wconf 83' lang='lat' dir='ltr'><strong>vitiosum</strong></span> <span class='ocrx_word' id='word_1_152' title='bbox 581 2698 662 2778; x_wconf 86' lang='lat' dir='ltr'><strong>erat,</strong></span> <span class='ocrx_word' id='word_1_153' title='bbox 686 2700 863 2761; x_wconf 79' lang='lat' dir='ltr'><strong>correctum</strong></span> <span class='ocrx_word' id='word_1_154' title='bbox 886 2700 936 2761; x_wconf 89' lang='lat' dir='ltr'><strong>est</strong></span> <span class='ocrx_word' id='word_1_155' title='bbox 959 2696 999 2759; x_wconf 88' lang='lat' dir='ltr'><strong>ab</strong></span> <span class='ocrx_word' id='word_1_156' title='bbox 1024 2693 1124 2780; x_wconf 83' lang='lat' dir='ltr'><strong>Italis,</strong></span> <span class='ocrx_word' id='word_1_157' title='bbox 1148 2697 1215 2760; x_wconf 79' lang='lat' dir='ltr'><strong>sive</strong></span> <span class='ocrx_word' id='word_1_158' title='bbox 1238 2696 1301 2761; x_wconf 79' lang='lat' dir='ltr'><strong>leni</strong></span> <span class='ocrx_word' id='word_1_159' title='bbox 1322 2701 1470 2761; x_wconf 66' lang='lat' dir='ltr'><strong>reserant</strong></span> <span class='ocrx_word' id='word_1_160' title='bbox 1485 2695 1640 2778; x_wconf 68' lang='lat' dir='ltr'><strong>pluoyore</strong></span> 
     </span>
     <span class='ocr_line' id='line_1_21' title="bbox 358 2801 1639 2887; baseline -0.001 -20"><span class='ocrx_word' id='word_1_161' title='bbox 358 2803 475 2868; x_wconf 67' lang='lat' dir='ltr'><strong>sosine</strong></span> <span class='ocrx_word' id='word_1_162' title='bbox 495 2803 601 2868; x_wconf 65' lang='lat' dir='ltr'><strong>leude</strong></span> <span class='ocrx_word' id='word_1_163' title='bbox 621 2808 768 2869; x_wconf 71' lang='lat' dir='ltr'><strong>merrom</strong></span> <span class='ocrx_word' id='word_1_164' title='bbox 790 2802 1045 2870; x_wconf 76' lang='lat' dir='ltr'><strong>restituentibus.</strong></span> <span class='ocrx_word' id='word_1_165' title='bbox 1081 2802 1120 2869; x_wconf 94' lang='lat' dir='ltr'><strong>In</strong></span> <span class='ocrx_word' id='word_1_166' title='bbox 1144 2801 1319 2869; x_wconf 86' lang='lat' dir='ltr'><strong>Oxonienai</strong></span> <span class='ocrx_word' id='word_1_167' title='bbox 1338 2805 1445 2868; x_wconf 88' lang='lat' dir='ltr'><strong>eutem</strong></span> <span class='ocrx_word' id='word_1_168' title='bbox 1463 2801 1639 2887; x_wconf 75' lang='lat' dir='ltr'><strong>paucisque</strong></span> 
     </span>
     <span class='ocr_line' id='line_1_22' title="bbox 404 2910 1639 2996; baseline 0.001 -22"><span class='ocrx_word' id='word_1_169' title='bbox 404 2911 478 2975; x_wconf 85' lang='lat' dir='ltr'><strong>aliis</strong></span> <span class='ocrx_word' id='word_1_170' title='bbox 509 2914 674 2976; x_wconf 85' lang='lat' dir='ltr'><strong>exaratum</strong></span> <span class='ocrx_word' id='word_1_171' title='bbox 706 2918 754 2975; x_wconf 88' lang='lat' dir='ltr'><strong>est</strong></span> <span class='ocrx_word' id='word_1_172' title='bbox 783 2912 945 2993; x_wconf 66' lang='lat' dir='ltr'><strong>lenitoque</strong></span> <span class='ocrx_word' id='word_1_173' title='bbox 970 2917 1092 2977; x_wconf 62' lang='lat' dir='ltr'><strong>sonuit.</strong></span> <span class='ocrx_word' id='word_1_174' title='bbox 1133 2910 1177 2976; x_wconf 84' lang='lat' dir='ltr'><strong>Et</strong></span> <span class='ocrx_word' id='word_1_175' title='bbox 1203 2910 1287 2975; x_wconf 88' lang='lat' dir='ltr'><strong>hane</strong></span> <span class='ocrx_word' id='word_1_176' title='bbox 1313 2913 1418 2996; x_wconf 84' lang='lat' dir='ltr'><strong>ipsam</strong></span> <span class='ocrx_word' id='word_1_177' title='bbox 1445 2911 1639 2995; x_wconf 77' lang='lat' dir='ltr'><strong>scripturam</strong></span> 
     </span>
     <span class='ocr_line' id='line_1_23' title="bbox 405 3016 1639 3102; baseline 0.001 -20"><span class='ocrx_word' id='word_1_178' title='bbox 405 3018 483 3082; x_wconf 86' lang='lat' dir='ltr'><strong>olim</strong></span> <span class='ocrx_word' id='word_1_179' title='bbox 497 3018 623 3102; x_wconf 82' lang='lat' dir='ltr'><strong>antiqui</strong></span> <span class='ocrx_word' id='word_1_180' title='bbox 637 3019 786 3102; x_wconf 86' lang='lat' dir='ltr'><strong>editores,</strong></span> <span class='ocrx_word' id='word_1_181' title='bbox 799 3017 986 3102; x_wconf 76' lang='lat' dir='ltr'><strong>Beroaldus,</strong></span> <span class='ocrx_word' id='word_1_182' title='bbox 1001 3018 1172 3101; x_wconf 80' lang='lat' dir='ltr'><strong>Guarinus,</strong></span> <span class='ocrx_word' id='word_1_183' title='bbox 1185 3018 1340 3101; x_wconf 87' lang='lat' dir='ltr'><strong>Muretus,</strong></span> <span class='ocrx_word' id='word_1_184' title='bbox 1351 3016 1495 3083; x_wconf 82' lang='lat' dir='ltr'><strong>Achilles</strong></span> <span class='ocrx_word' id='word_1_185' title='bbox 1506 3016 1639 3093; x_wconf 78' lang='lat' dir='ltr'><strong>Statius,</strong></span> 
     </span>
     <span class='ocr_line' id='line_1_24' title="bbox 399 3122 1638 3212; baseline 0 -23"><span class='ocrx_word' id='word_1_186' title='bbox 399 3124 473 3210; x_wconf 80' lang='lat' dir='ltr'><strong>alii,</strong></span> <span class='ocrx_word' id='word_1_187' title='bbox 495 3125 708 3211; x_wconf 84' lang='lat' dir='ltr'><strong>vulgaverunt</strong></span> <span class='ocrx_word' id='word_1_188' title='bbox 730 3130 787 3191; x_wconf 89' lang='lat' dir='ltr'><strong>aut</strong></span> <span class='ocrx_word' id='word_1_189' title='bbox 809 3126 1001 3212; x_wconf 82' lang='lat' dir='ltr'><strong>probarunt3</strong></span> <span class='ocrx_word' id='word_1_190' title='bbox 1029 3147 1164 3210; x_wconf 87' lang='lat' dir='ltr'><strong>eamque</strong></span> <span class='ocrx_word' id='word_1_191' title='bbox 1188 3127 1327 3190; x_wconf 84' lang='lat' dir='ltr'><strong>servavit</strong></span> <span class='ocrx_word' id='word_1_192' title='bbox 1350 3126 1447 3191; x_wconf 89' lang='lat' dir='ltr'><strong>etiam</strong></span> <span class='ocrx_word' id='word_1_193' title='bbox 1471 3122 1638 3207; x_wconf 80' lang='lat' dir='ltr'><strong>Graevius3</strong></span> 
     </span>
     <span class='ocr_line' id='line_1_25' title="bbox 399 3230 1640 3319; baseline 0.001 -23"><span class='ocrx_word' id='word_1_194' title='bbox 399 3236 528 3315; x_wconf 84' lang='lat' dir='ltr'><strong>postea,</strong></span> <span class='ocrx_word' id='word_1_195' title='bbox 558 3234 593 3296; x_wconf 94' lang='lat' dir='ltr'><strong>ni</strong></span> <span class='ocrx_word' id='word_1_196' title='bbox 620 3232 763 3297; x_wconf 84' lang='lat' dir='ltr'><strong>fallimur</strong></span> <span class='ocrx_word' id='word_1_197' title='bbox 790 3234 854 3297; x_wconf 90' lang='lat' dir='ltr'><strong>iam</strong></span> <span class='ocrx_word' id='word_1_198' title='bbox 882 3233 957 3297; x_wconf 90' lang='lat' dir='ltr'><strong>inde</strong></span> <span class='ocrx_word' id='word_1_199' title='bbox 983 3257 1003 3297; x_wconf 88' lang='lat' dir='ltr'><strong>a</strong></span> <span class='ocrx_word' id='word_1_200' title='bbox 1030 3231 1168 3317; x_wconf 85' lang='lat' dir='ltr'><strong>Iosepho</strong></span> <span class='ocrx_word' id='word_1_201' title='bbox 1198 3230 1376 3319; x_wconf 81' lang='lat' dir='ltr'><strong>Scaligero,</strong></span> <span class='ocrx_word' id='word_1_202' title='bbox 1402 3232 1466 3298; x_wconf 82' lang='lat' dir='ltr'><strong>leni</strong></span> <span class='ocrx_word' id='word_1_203' title='bbox 1491 3237 1640 3299; x_wconf 69' lang='lat' dir='ltr'><strong>resonam</strong></span> 
     </span>
     <span class='ocr_line' id='line_1_26' title="bbox 397 3339 1637 3425; baseline -0.001 -21"><span class='ocrx_word' id='word_1_204' title='bbox 397 3339 456 3405; x_wconf 86' lang='lat' dir='ltr'><strong>edi</strong></span> <span class='ocrx_word' id='word_1_205' title='bbox 483 3341 679 3425; x_wconf 75' lang='lat' dir='ltr'><strong>maluerunt,</strong></span> <span class='ocrx_word' id='word_1_206' title='bbox 706 3361 840 3424; x_wconf 86' lang='lat' dir='ltr'><strong>eamque</strong></span> <span class='ocrx_word' id='word_1_207' title='bbox 865 3340 1004 3405; x_wconf 82' lang='lat' dir='ltr'><strong>formam</strong></span> <span class='ocrx_word' id='word_1_208' title='bbox 1027 3362 1084 3424; x_wconf 90' lang='lat' dir='ltr'><strong>per</strong></span> <span class='ocrx_word' id='word_1_209' title='bbox 1107 3340 1225 3405; x_wconf 85' lang='lat' dir='ltr'><strong>multas</strong></span> <span class='ocrx_word' id='word_1_210' title='bbox 1249 3362 1360 3405; x_wconf 84' lang='lat' dir='ltr'><strong>rursus</strong></span> <span class='ocrx_word' id='word_1_211' title='bbox 1384 3340 1541 3405; x_wconf 89' lang='lat' dir='ltr'><strong>editiones</strong></span> <span class='ocrx_word' id='word_1_212' title='bbox 1564 3361 1637 3423; x_wconf 91' lang='lat' dir='ltr'><strong>pro·</strong></span> 
     </span>
     <span class='ocr_line' id='line_1_27' title="bbox 403 3444 1636 3532; baseline 0 -21"><span class='ocrx_word' id='word_1_213' title='bbox 403 3451 554 3531; x_wconf 77' lang='lat' dir='ltr'><strong>pagatam</strong></span> <span class='ocrx_word' id='word_1_214' title='bbox 584 3446 809 3512; x_wconf 78' lang='lat' dir='ltr'><strong>Lachmannus</strong></span> <span class='ocrx_word' id='word_1_215' title='bbox 838 3468 966 3531; x_wconf 90' lang='lat' dir='ltr'><strong>quoque</strong></span> <span class='ocrx_word' id='word_1_216' title='bbox 992 3446 1057 3511; x_wconf 90' lang='lat' dir='ltr'><strong>fide</strong></span> <span class='ocrx_word' id='word_1_217' title='bbox 1085 3446 1205 3513; x_wconf 87' lang='lat' dir='ltr'><strong>eodieis</strong></span> <span class='ocrx_word' id='word_1_218' title='bbox 1232 3445 1397 3512; x_wconf 81' lang='lat' dir='ltr'><strong>Ouiaeiani</strong></span> <span class='ocrx_word' id='word_1_219' title='bbox 1425 3468 1444 3511; x_wconf 86' lang='lat' dir='ltr'><strong>a</strong></span> <span class='ocrx_word' id='word_1_220' title='bbox 1472 3444 1636 3532; x_wconf 80' lang='lat' dir='ltr'><strong>Sealigero</strong></span> 
     </span>
     <span class='ocr_line' id='line_1_28' title="bbox 403 3552 1637 3639; baseline -0.001 -22"><span class='ocrx_word' id='word_1_221' title='bbox 403 3552 554 3637; x_wconf 83' lang='lat' dir='ltr'><strong>exhibiti,</strong></span> <span class='ocrx_word' id='word_1_222' title='bbox 578 3575 772 3638; x_wconf 85' lang='lat' dir='ltr'><strong>quamquam</strong></span> <span class='ocrx_word' id='word_1_223' title='bbox 795 3576 868 3619; x_wconf 87' lang='lat' dir='ltr'><strong>eum</strong></span> <span class='ocrx_word' id='word_1_224' title='bbox 891 3574 956 3618; x_wconf 93' lang='lat' dir='ltr'><strong>non</strong></span> <span class='ocrx_word' id='word_1_225' title='bbox 980 3552 1140 3619; x_wconf 87' lang='lat' dir='ltr'><strong>sineerum</strong></span> <span class='ocrx_word' id='word_1_226' title='bbox 1164 3554 1256 3636; x_wconf 82' lang='lat' dir='ltr'><strong>dicit,</strong></span> <span class='ocrx_word' id='word_1_227' title='bbox 1283 3555 1404 3639; x_wconf 86' lang='lat' dir='ltr'><strong>renepit</strong></span> <span class='ocrx_word' id='word_1_228' title='bbox 1427 3553 1637 3639; x_wconf 88' lang='lat' dir='ltr'><strong>Hauptioque</strong></span> 
     </span>
     <span class='ocr_line' id='line_1_29' title="bbox 402 3659 1636 3746; baseline 0.001 -22"><span class='ocrx_word' id='word_1_229' title='bbox 402 3660 560 3744; x_wconf 80' lang='lat' dir='ltr'><strong>probavit.</strong></span> <span class='ocrx_word' id='word_1_230' title='bbox 595 3659 658 3725; x_wconf 86' lang='lat' dir='ltr'><strong>Sed</strong></span> <span class='ocrx_word' id='word_1_231' title='bbox 675 3664 886 3746; x_wconf 85' lang='lat' dir='ltr'><strong>posteaquam</strong></span> <span class='ocrx_word' id='word_1_232' title='bbox 900 3660 938 3725; x_wconf 88' lang='lat' dir='ltr'><strong>R.</strong></span> <span class='ocrx_word' id='word_1_233' title='bbox 953 3660 1061 3726; x_wconf 80' lang='lat' dir='ltr'><strong>Ellisii</strong></span> <span class='ocrx_word' id='word_1_234' title='bbox 1079 3661 1270 3726; x_wconf 84' lang='lat' dir='ltr'><strong>beneficium</strong></span> <span class='ocrx_word' id='word_1_235' title='bbox 1285 3660 1500 3727; x_wconf 87' lang='lat' dir='ltr'><strong>Oxoniensem</strong></span> <span class='ocrx_word' id='word_1_236' title='bbox 1518 3661 1636 3725; x_wconf 88' lang='lat' dir='ltr'><strong>librum</strong></span> 
     </span>
     <span class='ocr_line' id='line_1_30' title="bbox 403 3767 1636 3853; baseline 0 -21"><span class='ocrx_word' id='word_1_237' title='bbox 403 3788 441 3832; x_wconf 85' lang='lat' dir='ltr'><strong>ex</strong></span> <span class='ocrx_word' id='word_1_238' title='bbox 465 3768 606 3833; x_wconf 86' lang='lat' dir='ltr'><strong>tenebris</strong></span> <span class='ocrx_word' id='word_1_239' title='bbox 629 3769 664 3833; x_wconf 93' lang='lat' dir='ltr'><strong>in</strong></span> <span class='ocrx_word' id='word_1_240' title='bbox 685 3770 791 3836; x_wconf 83' lang='lat' dir='ltr'><strong>lucem</strong></span> <span class='ocrx_word' id='word_1_241' title='bbox 815 3768 1047 3853; x_wconf 78' lang='lat' dir='ltr'><strong>doctorumque</strong></span> <span class='ocrx_word' id='word_1_242' title='bbox 1069 3768 1237 3833; x_wconf 90' lang='lat' dir='ltr'><strong>hominum</strong></span> <span class='ocrx_word' id='word_1_243' title='bbox 1260 3788 1355 3833; x_wconf 86' lang='lat' dir='ltr'><strong>usum</strong></span> <span class='ocrx_word' id='word_1_244' title='bbox 1378 3767 1502 3853; x_wconf 86' lang='lat' dir='ltr'><strong>attulit,</strong></span> <span class='ocrx_word' id='word_1_245' title='bbox 1526 3790 1636 3853; x_wconf 88' lang='lat' dir='ltr'><strong>quam·</strong></span> 
     </span>
     <span class='ocr_line' id='line_1_31' title="bbox 355 3874 1637 3961; baseline 0.001 -22"><span class='ocrx_word' id='word_1_246' title='bbox 355 3898 389 3939; x_wconf 76' lang='lat' dir='ltr'><strong>eo</strong></span> <span class='ocrx_word' id='word_1_247' title='bbox 403 3895 499 3959; x_wconf 87' lang='lat' dir='ltr'><strong>quem</strong></span> <span class='ocrx_word' id='word_1_248' title='bbox 527 3875 614 3959; x_wconf 94' lang='lat' dir='ltr'><strong>quod</strong></span> <span class='ocrx_word' id='word_1_249' title='bbox 640 3875 696 3940; x_wconf 92' lang='lat' dir='ltr'><strong>ille</strong></span> <span class='ocrx_word' id='word_1_250' title='bbox 723 3876 856 3961; x_wconf 88' lang='lat' dir='ltr'><strong>praebet</strong></span> <span class='ocrx_word' id='word_1_251' title='bbox 878 3876 976 3940; x_wconf 89' lang='lat' dir='ltr'><strong>etiam</strong></span> <span class='ocrx_word' id='word_1_252' title='bbox 1000 3881 1074 3941; x_wconf 88' lang='lat' dir='ltr'><strong>ante</strong></span> <span class='ocrx_word' id='word_1_253' title='bbox 1096 3898 1137 3941; x_wconf 87' lang='lat' dir='ltr'><strong>ex</strong></span> <span class='ocrx_word' id='word_1_254' title='bbox 1159 3875 1230 3941; x_wconf 87' lang='lat' dir='ltr'><strong>aliis</strong></span> <span class='ocrx_word' id='word_1_255' title='bbox 1254 3874 1418 3941; x_wconf 89' lang='lat' dir='ltr'><strong>eodioibus</strong></span> <span class='ocrx_word' id='word_1_256' title='bbox 1440 3880 1554 3941; x_wconf 91' lang='lat' dir='ltr'><strong>notum</strong></span> <span class='ocrx_word' id='word_1_257' title='bbox 1576 3896 1637 3940; x_wconf 87' lang='lat' dir='ltr'><strong>neo</strong></span> 
     </span>
     <span class='ocr_line' id='line_1_32' title="bbox 402 3981 1636 4067; baseline 0.001 -22"><span class='ocrx_word' id='word_1_258' title='bbox 402 3981 608 4048; x_wconf 89' lang='lat' dir='ltr'><strong>Laohmanno</strong></span> <span class='ocrx_word' id='word_1_259' title='bbox 637 3983 875 4067; x_wconf 81' lang='lat' dir='ltr'><strong>incompertum</strong></span> <span class='ocrx_word' id='word_1_260' title='bbox 902 3987 985 4067; x_wconf 89' lang='lat' dir='ltr'><strong>erat,</strong></span> <span class='ocrx_word' id='word_1_261' title='bbox 1017 3982 1113 4048; x_wconf 90' lang='lat' dir='ltr'><strong>multi</strong></span> <span class='ocrx_word' id='word_1_262' title='bbox 1142 3982 1281 4049; x_wconf 87' lang='lat' dir='ltr'><strong>editores</strong></span> <span class='ocrx_word' id='word_1_263' title='bbox 1309 3982 1405 4049; x_wconf 91' lang='lat' dir='ltr'><strong>huius</strong></span> <span class='ocrx_word' id='word_1_264' title='bbox 1434 3982 1636 4049; x_wconf 73' lang='lat' dir='ltr'><strong>auctoritatis</strong></span> 
     </span>
     <span class='ocr_line' id='line_1_33' title="bbox 401 4088 1635 4176; baseline 0.002 -22"><span class='ocrx_word' id='word_1_265' title='bbox 401 4088 520 4155; x_wconf 88' lang='lat' dir='ltr'><strong>fiduoia</strong></span> <span class='ocrx_word' id='word_1_266' title='bbox 547 4090 636 4172; x_wconf 85' lang='lat' dir='ltr'><strong>freti,</strong></span> <span class='ocrx_word' id='word_1_267' title='bbox 664 4089 752 4174; x_wconf 93' lang='lat' dir='ltr'><strong>quod</strong></span> <span class='ocrx_word' id='word_1_268' title='bbox 778 4088 856 4155; x_wconf 91' lang='lat' dir='ltr'><strong>olim</strong></span> <span class='ocrx_word' id='word_1_269' title='bbox 884 4088 984 4176; x_wconf 81' lang='lat' dir='ltr'><strong>vulgo</strong></span> <span class='ocrx_word' id='word_1_270' title='bbox 1008 4090 1304 4173; x_wconf 76' lang='lat' dir='ltr'><strong>circumferebatur,</strong></span> <span class='ocrx_word' id='word_1_271' title='bbox 1331 4090 1493 4173; x_wconf 77' lang='lat' dir='ltr'><strong>leviterque</strong></span> <span class='ocrx_word' id='word_1_272' title='bbox 1513 4095 1635 4169; x_wconf 67' lang='lat' dir='ltr'><strong>maort,</strong></span> 
     </span>
     <span class='ocr_line' id='line_1_34' title="bbox 403 4194 1635 4283; baseline 0 -22"><span class='ocrx_word' id='word_1_273' title='bbox 403 4194 530 4261; x_wconf 86' lang='lat' dir='ltr'><strong>Catullo</strong></span> <span class='ocrx_word' id='word_1_274' title='bbox 554 4197 750 4262; x_wconf 90' lang='lat' dir='ltr'><strong>reddendum</strong></span> <span class='ocrx_word' id='word_1_275' title='bbox 772 4197 836 4263; x_wconf 88' lang='lat' dir='ltr'><strong>sibi</strong></span> <span class='ocrx_word' id='word_1_276' title='bbox 858 4204 1094 4283; x_wconf 85' lang='lat' dir='ltr'><strong>persuaserunt,</strong></span> <span class='ocrx_word' id='word_1_277' title='bbox 1118 4197 1295 4263; x_wconf 83' lang='lat' dir='ltr'><strong>orationem</strong></span> <span class='ocrx_word' id='word_1_278' title='bbox 1318 4198 1415 4262; x_wconf 88' lang='lat' dir='ltr'><strong>istam</strong></span> <span class='ocrx_word' id='word_1_279' title='bbox 1432 4198 1564 4282; x_wconf 88' lang='lat' dir='ltr'><strong>insuper</strong></span> <span class='ocrx_word' id='word_1_280' title='bbox 1582 4196 1635 4262; x_wconf 79' lang='lat' dir='ltr'><strong>Se</strong></span> 
     </span>
     <span class='ocr_line' id='line_1_35' title="bbox 399 4303 1635 4390; baseline 0.001 -22"><span class='ocrx_word' id='word_1_281' title='bbox 399 4324 498 4371; x_wconf 81' lang='lat' dir='ltr'><strong>neone</strong></span> <span class='ocrx_word' id='word_1_282' title='bbox 523 4326 632 4385; x_wconf 81' lang='lat' dir='ltr'><strong>versu,</strong></span> <span class='ocrx_word' id='word_1_283' title='bbox 660 4309 692 4369; x_wconf 90' lang='lat' dir='ltr'><strong>et</strong></span> <span class='ocrx_word' id='word_1_284' title='bbox 714 4303 786 4388; x_wconf 86' lang='lat' dir='ltr'><strong>ipso</strong></span> <span class='ocrx_word' id='word_1_285' title='bbox 809 4307 873 4369; x_wconf 89' lang='lat' dir='ltr'><strong>iam</strong></span> <span class='ocrx_word' id='word_1_286' title='bbox 897 4306 1076 4389; x_wconf 76' lang='lat' dir='ltr'><strong>antiquitus</strong></span> <span class='ocrx_word' id='word_1_287' title='bbox 1100 4306 1215 4389; x_wconf 85' lang='lat' dir='ltr'><strong>ascito,</strong></span> <span class='ocrx_word' id='word_1_288' title='bbox 1243 4304 1281 4369; x_wconf 92' lang='lat' dir='ltr'><strong>de</strong></span> <span class='ocrx_word' id='word_1_289' title='bbox 1306 4306 1546 4390; x_wconf 81' lang='lat' dir='ltr'><strong>Agamemnone</strong></span> <span class='ocrx_word' id='word_1_290' title='bbox 1569 4305 1635 4370; x_wconf 88' lang='grc'><strong>680</strong></span> 
     </span>
     <span class='ocr_line' id='line_1_36' title="bbox 399 4410 1635 4497; baseline 0 -21"><span class='ocrx_word' id='word_1_291' title='bbox 399 4410 471 4477; x_wconf 79' lang='lat' dir='ltr'><strong>lieet</strong></span> <span class='ocrx_word' id='word_1_292' title='bbox 500 4412 642 4495; x_wconf 75' lang='lat' dir='ltr'><strong>aleyooes</strong></span> <span class='ocrx_word' id='word_1_293' title='bbox 675 4411 773 4497; x_wconf 78' lang='lat' dir='ltr'><strong><em>Ceyce</em></strong></span> <span class='ocrx_word' id='word_1_294' title='bbox 804 4433 897 4478; x_wconf 62' lang='lat' dir='ltr'><strong>muer</strong></span> <span class='ocrx_word' id='word_1_295' title='bbox 927 4412 1024 4494; x_wconf 61' lang='grc' dir='ltr'><strong>βαθέα</strong></span> <span class='ocrx_word' id='word_1_296' title='bbox 1056 4412 1160 4477; x_wconf 83' lang='lat' dir='ltr'><strong>leuiter</strong></span> <span class='ocrx_word' id='word_1_297' title='bbox 1184 4413 1355 4495; x_wconf 71' lang='lat' dir='ltr'><strong>plmeqente</strong></span> <span class='ocrx_word' id='word_1_298' title='bbox 1384 4418 1493 4478; x_wconf 68' lang='lat' dir='ltr'><strong>nonest</strong></span> <span class='ocrx_word' id='word_1_299' title='bbox 1521 4413 1635 4477; x_wconf 88' lang='lat' dir='ltr'><strong>oonfir-</strong></span> 
     </span>
     <span class='ocr_line' id='line_1_37' title="bbox 400 4516 1636 4604; baseline 0.002 -22"><span class='ocrx_word' id='word_1_300' title='bbox 400 4517 482 4583; x_wconf 83' lang='lat' dir='ltr'><strong>mari</strong></span> <span class='ocrx_word' id='word_1_301' title='bbox 509 4516 664 4583; x_wconf 86' lang='lat' dir='ltr'><strong>arbitrati.</strong></span> <span class='ocrx_word' id='word_1_302' title='bbox 701 4516 752 4584; x_wconf 88' lang='lat' dir='ltr'><strong>Ita</strong></span> <span class='ocrx_word' id='word_1_303' title='bbox 778 4519 961 4584; x_wconf 81' lang='lat' dir='ltr'><strong>iudicarunt</strong></span> <span class='ocrx_word' id='word_1_304' title='bbox 987 4523 1063 4604; x_wconf 86' lang='lat' dir='ltr'><strong>post</strong></span> <span class='ocrx_word' id='word_1_305' title='bbox 1086 4519 1316 4585; x_wconf 85' lang='lat' dir='ltr'><strong>Baehrensium</strong></span> <span class='ocrx_word' id='word_1_306' title='bbox 1340 4517 1533 4584; x_wconf 86' lang='lat' dir='ltr'><strong>Oxoniensis</strong></span> <span class='ocrx_word' id='word_1_307' title='bbox 1560 4519 1636 4585; x_wconf 89' lang='lat' dir='ltr'><strong>libri</strong></span> 
     </span>
     <span class='ocr_line' id='line_1_38' title="bbox 400 4622 1635 4713; baseline 0.002 -25"><span class='ocrx_word' id='word_1_308' title='bbox 400 4624 600 4689; x_wconf 85' lang='lat' dir='ltr'><strong>laudatorem</strong></span> <span class='ocrx_word' id='word_1_309' title='bbox 629 4622 829 4711; x_wconf 80' lang='lat' dir='ltr'><strong>Schwebius,</strong></span> <span class='ocrx_word' id='word_1_310' title='bbox 858 4623 1042 4710; x_wconf 84' lang='lat' dir='ltr'><strong>Sohulziue,</strong></span> <span class='ocrx_word' id='word_1_311' title='bbox 1071 4625 1267 4713; x_wconf 83' lang='lat' dir='ltr'><strong>Postgatius.</strong></span> <span class='ocrx_word' id='word_1_312' title='bbox 1305 4624 1372 4697; x_wconf 81' lang='lat' dir='ltr'><strong>Alii</strong></span> <span class='ocrx_word' id='word_1_313' title='bbox 1400 4624 1502 4691; x_wconf 91' lang='lat' dir='ltr'><strong>nihilo</strong></span> <span class='ocrx_word' id='word_1_314' title='bbox 1532 4626 1635 4691; x_wconf 72' lang='lat' dir='ltr'><strong>secius</strong></span> 
     </span>
     <span class='ocr_line' id='line_1_39' title="bbox 401 4732 1636 4819; baseline 0.002 -24"><span class='ocrx_word' id='word_1_315' title='bbox 401 4734 513 4797; x_wconf 88' lang='lat' dir='ltr'><strong>eontra</strong></span> <span class='ocrx_word' id='word_1_316' title='bbox 540 4737 721 4818; x_wconf 83' lang='lat' dir='ltr'><strong>senserunt,</strong></span> <span class='ocrx_word' id='word_1_317' title='bbox 748 4733 883 4799; x_wconf 84' lang='lat' dir='ltr'><strong>Ellisius</strong></span> <span class='ocrx_word' id='word_1_318' title='bbox 906 4733 1011 4800; x_wconf 81' lang='lat' dir='ltr'><strong>leviter</strong></span> <span class='ocrx_word' id='word_1_319' title='bbox 1033 4739 1180 4800; x_wconf 73' lang='lat' dir='ltr'><strong>resonant</strong></span> <span class='ocrx_word' id='word_1_320' title='bbox 1202 4733 1406 4798; x_wconf 81' lang='lat' dir='ltr'><strong>scribendum</strong></span> <span class='ocrx_word' id='word_1_321' title='bbox 1429 4736 1531 4819; x_wconf 85' lang='lat' dir='ltr'><strong>retus,</strong></span> <span class='ocrx_word' id='word_1_322' title='bbox 1558 4732 1636 4799; x_wconf 80' lang='lat' dir='ltr'><strong>leni-</strong></span> 
     </span>
     <span class='ocr_line' id='line_1_40' title="bbox 401 4838 1637 4923; baseline 0.002 -18"><span class='ocrx_word' id='word_1_323' title='bbox 401 4859 458 4921; x_wconf 74' lang='lat' dir='ltr'><strong>que</strong></span> <span class='ocrx_word' id='word_1_324' title='bbox 488 4846 601 4905; x_wconf 72' lang='lat' dir='ltr'><strong>smol</strong></span> <span class='ocrx_word' id='word_1_325' title='bbox 634 4861 705 4904; x_wconf 89' lang='lat' dir='ltr'><strong>eum</strong></span> <span class='ocrx_word' id='word_1_326' title='bbox 737 4838 942 4906; x_wconf 80' lang='lat' dir='ltr'><strong>Froehliehio</strong></span> <span class='ocrx_word' id='word_1_327' title='bbox 976 4840 1118 4923; x_wconf 85' lang='lat' dir='ltr'><strong>Riesius,</strong></span> <span class='ocrx_word' id='word_1_328' title='bbox 1149 4839 1345 4906; x_wconf 82' lang='lat' dir='ltr'><strong>Schmidtius</strong></span> <span class='ocrx_word' id='word_1_329' title='bbox 1377 4841 1458 4907; x_wconf 79' lang='lat' dir='ltr'><strong>lenes</strong></span> <span class='ocrx_word' id='word_1_330' title='bbox 1488 4847 1637 4909; x_wconf 66' lang='lat' dir='ltr'><strong>retorsum</strong></span> 
     </span>
    </p>
   </div>
   <div class='ocr_carea' id='block_1_3' title="bbox 0 0 1988 5725">
    <p class='ocr_par' dir='ltr' id='par_1_3' title="bbox 0 0 1988 5725">
     <span class='ocr_line' id='line_1_41' title="bbox 0 0 1988 5725; baseline 0 2"><span class='ocrx_word' id='word_1_331' title='bbox 0 0 1988 5725; x_wconf 95' lang='lat' dir='ltr'><strong> </strong></span> 
     </span>
    </p>
   </div>
  </div>
 </body>
</html>
