3967 5725
491 640 739 691 ΔΘΕΤΟΥΜΕΝΑ
756 642 796 690 IN
815 640 1008 692 CICERONIS
1027 641 1185 693 somme
1202 641 1454 696 PHILOSOPHIS.
1526 641 1590 706 347

258 819 262 825 ’
357 800 574 885 suspicionem
601 803 716 885 morit,
744 805 781 866 ut
808 801 1009 887 intelligatur
1031 803 1110 868 talin
1132 804 1234 870 eciem
1257 803 1374 870 mentis
1397 825 1463 869 uon
1486 805 1591 870 solum

357 907 565 972 scribentium
588 909 644 972 sed
667 909 763 974 etium
786 909 963 996 legentium
986 909 1126 996 effugere
1149 913 1182 974 et
1204 913 1242 973 ut
1260 910 1357 976 scribi
1375 910 1421 976 ite
1438 909 1504 997 legi
1523 910 1592 976 sine

356 1014 534 1079 offensione
557 1036 661 1098 posse.
697 1013 737 1078 In
760 1018 905 1082 oratione
928 1037 988 1100 pro
1012 1016 1115 1083 Balbo
1138 1016 1218 1082 liaeo
1240 1019 1393 1104 leguntur
1415 1018 1464 1104 14,
1484 1017 1527 1083 32

452 1152 454 1155 ·
490 1122 619 1187 Etenim
648 1123 803 1204 quaedam
828 1124 956 1205 foedera
981 1129 1115 1202 eostam,
1146 1129 1183 1190 ot
1209 1122 1471 1204 Cenomanorum,
1499 1125 1593 1192 Iase-

491 1229 607 1313 brimm,
630 1230 855 1310 Heluetiorum,
880 1231 1052 1314 Iapydum,
1078 1231 1300 1298 nonnullorum
1322 1233 1395 1298 item
1418 1252 1456 1298 eo
1481 1231 1593 1300 Gellio

362 1387 366 1395 .
436 1418 438 1421 v
491 1336 704 1417 borbormmm,
727 1359 883 1419 quorum
905 1339 947 1403 im
966 1339 1183 1420 foederibus
1204 1343 1359 1421 deceptum
1382 1345 1438 1420 est,
1461 1359 1500 1407 me
1521 1341 1593 1424 quis

491 1464 596 1508 eorum
622 1465 645 1508 c
666 1444 756 1510 mobis
777 1446 855 1510 ciuis
875 1446 1055 1526 recipiobor.
1087 1445 1198 1527 quodsi
1220 1447 1352 1528 exceptio
1373 1447 1465 1528 feeit,
1492 1467 1533 1514 ue
1553 1447 1593 1514 o·-

490 1557 563 1630 oeae,
585 1551 640 1616 obi
662 1572 725 1617 mom
747 1553 791 1617 sit
811 1558 976 1634 exceptum,
999 1552 1045 1617 ibi
1067 1572 1184 1618 neeesse
1206 1558 1250 1619 est
1271 1552 1370 1619 licere.

356 1656 576 1723 Memorabilis
599 1657 683 1723 haud
708 1658 804 1724 dubie
827 1663 876 1724 est
897 1659 978 1726 haec
1001 1663 1163 1725 structura
1185 1663 1218 1724 et
1241 1661 1275 1724 in
1293 1659 1417 1726 ambitu
1436 1660 1592 1727 orationis

355 1765 488 1830 minime
505 1765 642 1849 prolixo.
674 1764 759 1831 Nam
778 1767 813 1830 in
830 1789 929 1830 unum
951 1767 1036 1831 coire
1055 1787 1120 1831 non
1138 1770 1276 1851 possunt
1293 1769 1449 1850 quaedam
1465 1768 1591 1849 foedera
1606 1793 1633 1836 ιο

320 1883 325 1894 ’
354 1877 484 1950 cedunt,
508 1893 639 1954 qoomm
661 1875 696 1938 im
717 1873 900 1955 foederibus,
925 1873 981 1938 sed
1004 1877 1137 1958 apparet
1155 1873 1303 1958 pluribus
1322 1875 1518 1959 populorum
1536 1897 1592 1940 no·

355 1979 498 2044 minibus
519 1979 634 2045 mediis
656 1980 927 2046 intercedentibus
950 1981 1073 2046 fectum
1095 1984 1219 2046 esseut
1238 1980 1376 2048 adheec
1395 1981 1590 2068 applicaren-

353 2090 409 2149 tur
431 2085 489 2151 illa
510 2108 641 2168 mmmm
663 2090 700 2152 im
720 2088 896 2170 foederibus
918 2093 1075 2170 cereptum
1098 2093 1149 2167 est,
1172 2087 1329 2174 neglectis
1352 2087 1465 2174 primis
1484 2089 1591 2155 verbis

353 2194 509 2276 quaedum
525 2195 652 2275 foedera
670 2201 800 2275 exstent,
820 2216 902 2278 quae
921 2195 968 2260 sic
986 2195 1168 2260 continuari
1182 2195 1358 2260 orationem
1372 2195 1591 2281 postulabant,

353 2307 477 2366 exeam
490 2302 618 2382 foedera
635 2303 841 2384 complurium
853 2303 1053 2386 populomem,
1076 2303 1112 2367 im
1130 2301 1241 2385 quibos
1259 2307 1415 2385 exceptum
1433 2309 1483 2369 est.
1514 2301 1590 2369 Non

354 2408 425 2492 erit,
448 2409 626 2493 opinamur,
650 2409 707 2493 qui
729 2410 810 2476 haec
833 2408 1022 2496 corrigendo
1046 2409 1079 2474 iu
1100 2410 1330 2476 accuratiorem
1348 2409 1484 2476 formem
1504 2431 1590 2476 coer·

353 2537 425 2580 cere
448 2516 565 2601 cupiat,
589 2516 617 2580 si
639 2516 752 2601 possit,
776 2539 849 2583 cum
862 2517 1080 2587 manifestum
1104 2519 1155 2601 sit,
1178 2516 1257 2601 quid
1280 2515 1319 2581 de
1341 2515 1424 2582 inita
1446 2516 1499 2583 vie
1522 2539 1591 2584 ore—

353 2624 457 2688 torem
485 2623 665 2706 deflexerit,
692 2645 788 2708 quem
816 2645 856 2688 ne
884 2646 970 2690 nunc
998 2623 1128 2708 quidem
1151 2625 1281 2711 longius
1304 2622 1510 2691 intervallum
1533 2625 1588 2692 im·

352 2729 477 2814 pedivit
500 2728 560 2795 ‘sed
586 2731 855 2816 interpositorum
883 2733 1005 2817 speeies
1034 2733 1169 2817 decepit.
1205 2729 1252 2798 Ut
1278 2753 1407 2818 sperare
1431 2731 1526 2799 liceat
1550 2735 1588 2798 ei

351 2836 415 2901 hoc
438 2834 586 2923 exemplo
609 2838 747 2905 fortasse
770 2839 840 2905 lore
862 2842 900 2905 ut
922 2839 1046 2925 aliquid
1065 2839 1201 2906 subsidii
1219 2839 1376 2906 redundet
1394 2839 1435 2907 ed
1453 2839 1589 2907 tutando
1603 2862 1631 2908 so

351 2945 451 3013 verbo
473 2946 512 3010 de
534 2946 655 3011 finibus
679 2968 762 3031 quae
784 2948 993 3032 disceptanda
1016 2948 1222 3033 sumpsimus.
1450 2948 1453 2957 ’
1485 2950 1487 2955 ’

441 3052 481 3117 In
503 3051 617 3137 quinto
638 3051 680 3118 ¹de
697 3054 822 3124 ,finibus
846 3077 929 3139 quae
943 3054 1104 3142 ⁴leguntur
1127 3055 1180 3140 24,
1199 3054 1242 3119 69

490 3161 557 3243 Quo
584 3162 674 3226 modo
700 3160 819 3244 imbro,
839 3163 973 3243 meuses,
1001 3182 1107 3227 vermo
1130 3182 1193 3228 esee
1210 3164 1325 3244 poterit
1347 3164 1455 3227 comio
1477 3162 1590 3244 referri

486 3270 532 3333 od
552 3289 709 3334 sommum
732 3269 858 3348 bouum
885 3272 915 3336 si
937 3270 1110 3349 amicitiae,
1133 3270 1443 3351 ee‘propmooitotes,
1465 3270 1495 3334 si
1516 3268 1589 3334 reli·

485 3398 549 3459 quo
571 3382 698 3441 estem
719 3372 841 3442 summio
864 3376 946 3453 bosio
963 3396 1027 3441 mom
1050 3375 1267 3442 commoneor?
1294 3376 1354 3441 boo
1374 3375 1515 3441 uidelicet
1535 3396 1589 3440 ro·

485 3485 580 3562 mem,
603 3484 686 3566 qood
707 3505 757 3568 eo,
783 3504 864 3567 quoe
884 3489 1012 3549 esterno
1033 3488 1119 3563 eum,
1146 3484 1190 3549 ide
1212 3488 1333 3549 temer
1355 3483 1482 3566 officiis,
1510 3502 1589 3566 quoe

485 3593 632 3656 orientem
648 3613 670 3655 o
688 3612 743 3656 seeo
761 3593 908 3674 mmmmm
922 3612 1033 3674 periere
1049 3592 1184 3656 obtutis.
1202 3611 1279 3655 mom
1297 3591 1436 3655 domici
1449 3588 1590 3655 oulbmet

480 3700 626 3782 peremtis
644 3701 673 3763 ci
694 3701 750 3782 qui
772 3700 875 3782 officio
896 3700 1054 3782 fonqitwr,
1078 3700 1115 3763 im
1137 3718 1170 3763 eo
1194 3699 1261 3780 epse
1278 3698 1414 3781 prodest,
1437 3696 1520 3780 qood
1541 3698 1587 3761 ito

483 3807 578 3890 fmmpo'
600 3807 703 3889 officio
725 3809 762 3871 im
783 3812 862 3871 rode
881 3807 978 3888 foetis
999 3812 1055 3884 est,
1082 3826 1162 3889 quoe
1182 3810 1256 3871 mod
1278 3809 1347 3869 mdo
1370 3825 1392 3870 o
1413 3803 1586 3871 commem.

484 3934 565 3995 quoe
595 3914 720 3995 quidem
751 3916 906 3995 summme
935 3918 1093 3979 utentes
1123 3918 1293 3995 eeqmmmm
1325 3911 1416 3977 doce
1445 3916 1627 3979 motorum

484 4028 690 4103 tamquam·
721 4042 786 4086 mon
810 4021 942 4105 perfecti
968 4026 1072 4087 oedem
1099 4020 1238 4087 hommes
1264 4026 1293 4085 et
1319 4024 1424 4085 teroem
1451 4020 1587 4104 beemots

484 4128 697 4194 moeemoem
712 4128 856 4211 praediti
878 4128 1053 4193 moderemur
1073 4146 1164 4209 saepe
1179 4126 1291 4209 obrid,
1314 4146 1394 4210 quoe
1410 4126 1499 4194 moe
1520 4146 1586 4211 epe-

485 4238 561 4300 ciem
582 4234 752 4301 immtatis
772 4241 801 4301 el
822 4235 1063 4301 similitudimem

351 4343 560 4409 multifariam
578 4344 709 4429 ingenia
727 4342 913 4409 criticorum
932 4346 1152 4407 exercuerunt.
1185 4340 1423 4407 Sententiarum
1442 4348 1585 4407 tenorem

350 4454 385 4513 et
415 4450 660 4537 argumentandi
696 4452 782 4515 riam
814 4450 936 4533 optime
968 4450 1154 4532 explanarit
1185 4448 1368 4536 Madvigius
1400 4470 1505 4534 neque
1537 4452 1586 4513 est

350 4558 440 4642 quod
465 4561 500 4622 in
527 4580 564 4623 ea
591 4579 812 4622 remoremur
832 4556 963 4621 diutius.
999 4554 1104 4621 Nobis
1127 4555 1286 4643 egendum
1310 4559 1359 4621 eet
1382 4556 1422 4621 de
1444 4558 1586 4621 extreme

349 4670 443 4749 perte
466 4667 644 4730 sententiae
661 4670 695 4729 et
712 4664 859 4748 inprimis
877 4662 918 4727 de
934 4662 1041 4728 verbis
1059 4682 1140 4745 quoe
1155 4664 1281 4747 quidem
1298 4664 1452 4746 septem
1469 4668 1587 4730 edem

348 4779 520 4855 mmmmm
540 4773 617 4837 duee
637 4778 756 4837 mommo
777 4778 948 4853 mmeqooou,
972 4792 1055 4854 quae
1078 4770 1196 4836 mirum
1219 4776 1253 4835 et
1274 4769 1516 4837 memorabilem
1535 4790 1585 4835 or·

349 4880 458 4945 dinem
484 4880 618 4965 hebent,
645 4878 703 4944 sed
729 4900 803 4943 eum
831 4880 888 4943 aut
912 4878 1057 4943 omnium
1080 4882 1137 4943 eut
1158 4876 1328 4945 meliorum
1351 4878 1497 4944 codicum
1520 4875 1585 4942 fide
