3967 5725
537 616 587 666 DE
604 615 727 667 VERBO
746 615 921 665 ΔΦΕΙΔΕΙΝ
938 615 978 664 ΙΝ
998 613 1200 666 SOPHOCLIS
1218 612 1415 665 ANTIGONA.
1536 610 1600 674 179

365 769 525 841 ascribam
547 778 626 840 satis
648 775 786 841 fiduciae
808 775 901 840 affert
923 773 1127 861 Apollonius,
1151 777 1208 859 qui
1231 778 1280 839 cst
1302 797 1341 840 ex
1359 773 1400 839 iis
1419 774 1525 858 poetis
1545 773 1601 858 qui

364 903 437 947 raro
464 903 550 947 nova
572 883 642 946 sine
665 883 814 968 exemplo
837 882 1007 968 proferunt
1031 881 1086 946 sed
1109 903 1192 966 quae
1215 881 1335 948 habent
1359 880 1540 966 superiores
1564 901 1602 944 ea

365 1011 424 1055 suo
454 1011 517 1054 usu
543 1011 698 1054 renovare
723 994 757 1054 et
777 989 982 1073 frequentare
1004 989 1117 1053 solent
1155 987 1219 1054 Sed
1243 1009 1307 1073 quo
1330 987 1544 1053 confidentius
1567 988 1602 1051 in

365 1096 550 1184 Antigonae
572 1118 667 1161 versu
690 1099 851 1160 vetustam
874 1095 1065 1180 scripturam

714 1209 749 1267 εἰ
766 1226 817 1280 τις
839 1201 939 1268 τοῦδ’
961 1202 1138 1286 ἀφειδήσοι
1161 1205 1268 1268 πόνον

365 1311 616 1393 instaurandam,
638 1309 798 1374 noviciam
821 1308 981 1394 ἀκηδήσοι
1005 1309 1236 1394 repudiandam
1259 1309 1409 1394 dicimus,
1432 1331 1470 1375 eo
1493 1310 1599 1375 minus

365 1417 534 1502 probaturi
557 1438 668 1481 sumus
690 1416 726 1480 in
747 1416 878 1481 Electra
901 1415 968 1480 980

527 1523 553 1588 ὣ
576 1535 685 1589 τοῖσιν
708 1523 844 1609 ἐχθροῖς
867 1519 905 1589 εὖ
928 1526 1109 1609 βεβηκόσιν
1130 1521 1210 1590 aovi

527 1640 634 1716 ψυχῆς
657 1630 879 1715 ἀφειδήσαντε
901 1634 1114 1716 προνστήιην
1136 1633 1245 1716 φόνον

366 1738 573 1823 ἀκηδήσιινιε
595 1738 709 1822 reponi
732 1759 791 1822 pro
815 1737 1046 1823 ἀφειδήσαντε,
1070 1738 1158 1822 quod
1180 1738 1319 1823 probum
1343 1741 1393 1804 est
1416 1742 1448 1802 et
1465 1737 1601 1822 primiti-
1617 1763 1643 1805 ιο

365 1869 439 1912 vam
466 1845 737 1930 significationem
764 1844 875 1930 hebet,
903 1847 987 1911 uitae
1012 1865 1077 1911 νον
1093 1851 1269 1928 porcantes,
1297 1865 1362 1930 quo
1385 1844 1483 1911 modo
1506 1866 1602 1929 saepe

364 1958 433 2018 iam
457 1950 571 2018 Graeci
600 1950 786 2038 (ἀφειδοῑεν
815 1951 858 2017 ἀν
883 1961 945 2017 τοῦ
968 1953 1045 2035 βίου
1069 1951 1273 2036 Thucydides
1296 1951 1395 2035 1143,
1422 1953 1465 2036 μή
1489 1951 1602 2037 φειδό-

364 2083 461 2142 μενοι
478 2068 537 2136 τᾶς
554 2062 637 2138 ζωᾶς
655 2058 813 2143 'syriacus
831 2060 917 2144 apud
935 2058 1074 2125 Dionem
1092 2057 1357 2143 Chrysostomum
1377 2059 1407 2142 2,
1425 2056 1484 2146 59)
1504 2079 1602 2142 quam

364 2166 504 2232 Romani
527 2164 594 2252 (ιηο
612 2187 698 2231 meac
715 2186 786 2231 oum
803 2168 886 2232 uitae
897 2187 1035 2248 porcam
1052 2167 1146 2232 Ζοδιινι
1164 2167 1293 2232 inimico
1310 2167 1453 2248 deprecer
1465 2165 1601 2249 Ennius,

359 2275 489 2358 potitae
511 2273 701 2339 maleae
721 2274 805 2338 νιάοε
825 2294 890 2339 νον
901 2279 1068 2356 parcerent
1087 2270 1213 2360 Cicero)
1231 2272 1332 2338 locuti
1351 2276 1436 2338 sunt.
1474 2270 1541 2340 Ser.
1560 2295 1601 2338 m.

367 2379 545 2465 Septembr.
564 2402 591 2444 a
610 2395 822 2445 Mncccxclv.

368 2573 607 2628 demonstratione
629 2573 703 2628 nihil
726 2577 820 2628 motus
839 2573 970 2628 debitore
989 2574 1085 2644 pergit
1102 2590 1155 2629 neo
1173 2590 1254 2628 suem
1272 2573 1422 2643 pristinam
1440 2573 1602 2642 opinionem
1635 2633 1642 2644 .

368 2663 483 2732 omittit,
506 2665 601 2718 tamen
626 2680 721 2718 versus
744 2663 868 2733 tragicos
891 2663 993 2718 incerti
1017 2663 1140 2719 auctoris
1164 2663 1220 2732 (ad.
1235 2669 1286 2717 569
1301 2662 1411 2718 Nauck.
1427 2662 1470 2717 ed.
1485 2664 1516 2732 11)
1535 2661 1602 2715 affe·
1637 2665 1641 2670 ‘

365 2753 468 2808 rendos
486 2752 568 2806 duxit

674 2846 798 2909 Τεῦκρος
815 2842 847 2897 δὲ
865 2839 948 2909 τόξον
966 2843 1108 2913 χρώμενος
1127 2845 1294 2918 φειδωλδηι

673 2932 743 2999 ὑπὲρ
761 2929 874 3001 τάφρον
891 2934 1042 3001 πηδῶντας
1060 2932 1173 3001 ἔστησεν
1195 2932 1318 3001 Φρύγας,

368 3020 436 3087 quia
455 3019 568 3089 Trypho
587 3020 637 3089 qui
656 3020 756 3074 citavit
774 3020 878 3088 aliique
898 3021 1076 3090 grammatici
1096 3021 1162 3091 (vid.
1177 3019 1296 3091 Nauck.)
1315 3016 1451 3095 φειδωλίηι
1467 3019 1524 3074 dici
1538 3018 1603 3075 ἀντὶ

368 3116 418 3162 τοῦ
436 3106 566 3183 ἀκριβείᾳ
585 3109 766 3164 adnotarunt.

457 3196 537 3251 Meae
556 3198 758 3267 disputationis
777 3198 892 3270 ignarus
911 3199 1009 3254 multis
1028 3200 1109 3254 annis
1128 3202 1195 3269 post
1211 3200 1245 3254 R.
1260 3198 1288 3254 O.
1304 3198 1407 3254 Seston
1424 3198 1453 3252 in
1470 3199 1602 3254 Classical

370 3286 478 3342 Βενίιιο
495 3306 532 3340 xv
546 3287 678 3356 (Londini
693 3290 774 3358 1901)
787 3306 815 3357 p.
830 3293 864 3342 29
875 3305 916 3357 eq.
936 3288 972 3343 de
990 3287 1090 3344 eodem
1108 3288 1193 3345 verbo
1212 3288 1254 3343 ita
1272 3287 1332 3359 egit
1349 3289 1383 3342 nt
1400 3287 1431 3341 in
1450 3304 1559 3342 summa
1571 3303 1602 3343 re

369 3377 398 3429 et
420 3374 543 3429 maxime
566 3376 600 3431 de
619 3376 764 3445 Apollonii
787 3377 914 3431 versibus
941 3394 1052 3432 macrim
1069 3376 1155 3447 plane
1174 3376 1351 3433 consentiret.
1387 3376 1471 3432 Gaius
1489 3376 1531 3432 rei
1549 3392 1602 3446 ego

369 3465 402 3518 ut
420 3481 476 3518 non
493 3464 609 3535 ignarus
628 3483 718 3521 essem
736 3466 806 3520 fecit
823 3466 981 3536 Plasbergii
1000 3466 1055 3520 mei
1075 3466 1223 3538 amicitia]
