3967 5725
385 629 452 694 492
565 632 662 683 LVIII.
681 631 798 682 INDEX
815 630 1029 682 LECTIONUM
1047 629 1287 682 HIBERNARUM
1307 627 1437 700 1903s04.

384 814 465 858 neve
488 791 642 877 reliquias
667 788 713 878 (h.
728 813 753 856 e.
778 813 850 857 ossa
872 791 1033 856 inhumati
1056 788 1214 878 eorporis)
1237 812 1296 875 per
1314 793 1433 854 terram
1455 789 1541 854 trahi
1563 812 1619 874 pa·

385 899 487 967 tiare'.
523 897 608 964 Nam
636 898 724 982 quod
750 896 950 964 Ribbeckius
977 919 1076 982 nuuc,
1104 919 1170 963 non
1198 897 1275 963 olim
1300 896 1354 980 (ne
1375 895 1459 961 nihil
1482 918 1555 961 eum
1579 918 1620 961 ex

385 1009 497 1071 nostra
520 1004 738 1090 disputatione
762 1005 914 1071 didicisse
937 1002 1082 1093 censeas)
1105 1005 1185 1070 haec
1202 1025 1263 1070 raca
1280 1004 1432 1086 reliquias
1453 1025 1473 1067 a
1496 1004 1618 1087 superi·

386 1113 496 1179 oribus
520 1112 664 1178 diiuncta
686 1133 756 1176 esse
779 1112 912 1196 indicat,
939 1111 1023 1177 nihil
1046 1116 1225 1177 esttamen
1248 1133 1288 1175 ex
1311 1110 1413 1195 ipsius
1437 1108 1621 1175 rationibus

386 1241 449 1303 quo
473 1241 512 1284 ea
533 1219 716 1284 referantur
737 1219 801 1284 nisi
821 1241 903 1303 quae
921 1219 1117 1304 praecedunt
1136 1218 1170 1283 in
1188 1239 1283 1283 versu
1303 1216 1441 1282 secundo
1461 1219 1494 1280 et
1511 1216 1619 1280 tertio.

385 1325 490 1392 Mater
502 1330 620 1410 autem,
634 1323 696 1390 hoc
714 1330 783 1389 erat
799 1327 936 1391 alterum
951 1326 1038 1410 quod
1053 1326 1295 1411 quaerebamus,
1312 1345 1380 1389 non
1392 1326 1534 1406 apparot,
1554 1344 1620 1406 quo

385 1433 482 1498 modo
507 1436 618 1498 caveat
640 1455 681 1496 ne
709 1453 784 1496 ossa
806 1432 968 1517 insepulta
990 1455 1050 1517 per
1071 1437 1189 1497 terram
1211 1431 1380 1516 rapiantur
1402 1453 1422 1493 a
1443 1428 1567 1513 bestiis,
1591 1429 1619 1494 ri

385 1538 515 1622 quidem
542 1537 606 1603 hoc
634 1560 671 1602 ea
697 1559 733 1602 re
761 1539 829 1604 sola
857 1538 945 1622 quod
971 1537 1141 1603 humatum
1168 1538 1200 1602 h.
1219 1561 1245 1602 e.
1272 1541 1357 1602 terre
1381 1535 1547 1601 obtectum
1570 1539 1623 1600 est

386 1663 503 1729 corpus
527 1645 607 1710 satis
630 1648 718 1709 certo
742 1645 828 1710 effici
850 1667 917 1711 non
940 1643 1096 1732 potest*).
1129 1644 1218 1730 Ergo
1237 1643 1299 1709 hac
1317 1642 1550 1727 interpretandi
1567 1644 1623 1706 via

346 1782 372 1823 ro
384 1751 460 1820 fieri
481 1772 548 1816 non
570 1754 679 1835 potest
701 1755 738 1816 ut
760 1773 812 1817 res
834 1756 922 1818 recte
945 1752 1141 1836 expediatur.
1173 1751 1218 1816 Et
1240 1753 1348 1816 tamen
1366 1747 1477 1814 Cicero
1501 1749 1622 1814 indica·

385 1861 476 1924 verat
497 1857 599 1923 fuisse
621 1859 657 1922 in
675 1857 808 1924 Pacuvii
832 1863 930 1926 cautu
953 1859 1040 1943 quod
1060 1859 1172 1923 afferre
1189 1857 1298 1922 verbis
1315 1856 1430 1934 noluit,
1454 1855 1540 1938 quod
1558 1877 1621 1921 nos

385 1968 536 2050 putamus
555 1965 657 2049 probe
676 1969 842 2050 acceptum
861 1987 928 2031 non
946 1987 1042 2049 posse
1059 1986 1126 2031 non
1145 1963 1374 2030 obscuritatem
1393 1961 1523 2027 diluere.
1556 1959 1619 2038 Qui

386 2093 459 2137 cum
482 2070 523 2135 ad
546 2069 604 2134 illa
621 2073 717 2156 prius
738 2093 833 2154 qaam
854 2074 942 2155 ferae
968 2073 1162 2156 οοῑαονεεηασ
1188 2070 1319 2136 adiiciat
1346 2070 1454 2134 mdait
1480 2089 1519 2133 ae
1542 2068 1622 2134 loce·

384 2180 466 2244 ναίον
488 2179 636 2244 membris
657 2180 764 2246 minas
782 2180 855 2245 base
871 2186 987 2260 utatur,
1006 2201 1045 2246 ae
1063 2179 1306 2245 ambustionem
1323 2177 1501 2259 estimaret,
1524 2174 1620 2239 fidem

385 2285 466 2351 iacit
482 2283 681 2368 Polydorum
702 2308 770 2351 non
793 2287 899 2352 solum
919 2288 1084 2372 flagItasse
1108 2289 1247 2350 amatre
1270 2287 1308 2349 ut
1326 2305 1443 2367 corpus
1463 2281 1623 2366 sepeliret,

387 2391 442 2456 sed
460 2391 525 2458 hoc
543 2391 640 2456 etiam
658 2395 696 2455 ut
715 2414 749 2456 se
767 2414 848 2480 rogo
868 2394 960 2459 dmet
975 2393 1240 2458 comburendum:
1259 2390 1344 2456 unde
1363 2389 1457 2474 enim,
1475 2388 1539 2455 nisi
1557 2387 1620 2453 hoc

387 2501 456 2561 erat
479 2497 514 2560 in
536 2498 657 2582 verbis,
681 2497 792 2566 Cicero
821 2499 973 2586 colligere
995 2500 1105 2584 potuit
1125 2498 1323 2584 Polydorum
1345 2517 1413 2561 non
1434 2495 1621 2560 extimuisse

386 2625 427 2668 ne
445 2604 623 2670 combustis
642 2605 796 2670 membris
815 2629 881 2671 non
900 2607 982 2672 bene
1000 2605 1165 2671 uteretur?
1189 2604 1262 2670 Hoc
1280 2607 1386 2669 autem
1403 2602 1462 2668 ubi
1479 2602 1621 2667 medium

386 2710 580 2793 intercessit,
601 2710 757 2776 habemus
780 2712 833 2776 cui
856 2717 1021 2798 tamquam
1044 2715 1145 2778 altera
1167 2734 1242 2797 pars
1265 2711 1345 2777 iussi
1367 2708 1538 2774 adhaereat
1560 2728 1621 2774 aea

346 2853 373 2895 ,ι
387 2817 540 2901 νάιηαὶοο
566 2838 639 2901 εηε,
662 2820 694 2883 et
717 2819 914 2903 patefactum
943 2824 992 2885 est
1017 2841 1095 2904 quas
1117 2820 1268 2903 reliquias
1290 2817 1471 2903 Polydorus
1495 2815 1622 2881 dixerit.

385 2923 517 2990 Etenim
539 2924 710 3008 permultis
733 2924 797 2991 hoe
820 2928 1014 2992 testimoniis
1043 2931 1169 2992 constat
1192 2925 1373 3010 antiquitus
1396 2923 1496 2989 moris
1519 2922 1623 2989 fuisse

387 3030 533 3097 comburi
554 3035 757 3097 mortuorum
781 3054 918 3118 corpora
940 3037 973 3099 et
997 3034 1237 3101 combustorum
1263 3031 1417 3117 reliquias
1445 3029 1556 3117 colligi
1574 3034 1621 3093 at

312 3190 318 3193 -
387 3158 449 3222 que
472 3136 575 3204 condi.
618 3137 718 3204 (iuius
745 3141 793 3205 rei
820 3142 939 3207 selecta
968 3142 1123 3225 quaedam
1147 3139 1293 3225 exempla
1315 3140 1463 3224 posuisse
1485 3159 1551 3202 non
1573 3137 1622 3201 iu-

387 3246 468 3316 utile
491 3244 560 3310 erit.
601 3244 716 3331 Itaque
738 3247 778 3311 de
801 3248 907 3313 tribus
934 3248 1089 3313 heroibus
1111 3246 1311 3314 Achivorum
1334 3246 1386 3311 vel
1408 3244 1621 3310 Troianorum

388 3352 504 3419 occisis
527 3356 560 3417 et
578 3353 715 3438 sepultis
734 3353 908 3420 Homerica
927 3356 1069 3421 carmina
1087 3354 1166 3419 haec
1184 3354 1325 3434 tradunt,
1343 3352 1484 3437 primum
1503 3349 1542 3414 de
1560 3348 1620 3413 Pa-

388 3460 492 3524 troclo
515 3457 552 3524 11.
566 3476 655 3524 xxm
671 3460 859 3546 als-254,
881 3484 921 3526 ex
944 3483 1008 3546 qua
1026 3461 1153 3546 prolixa
1171 3462 1364 3545 narratione,
1387 3480 1469 3543 quae
1492 3460 1561 3522 tota
1579 3454 1621 3519 ad

387 3564 472 3629 hanc
494 3586 562 3629 rem
585 3568 734 3652 pertinet,
759 3590 880 3653 paucos
903 3591 1016 3634 versus
1040 3569 1192 3633 tollamus

422 3669 521 3736 ⁴250·
546 3684 681 3758 πρῶτον
704 3670 766 3758 μέν
788 3676 871 3740 κατὰ
893 3677 1061 3761 πυρκαϊὴν
1084 3673 1209 3758 σβέσαν
1231 3681 1350 3740 αἴθοπι
1374 3678 1467 3760 ολνφ,

547 3779 650 3846 ὅσσον
673 3779 726 3845 ἐπὶ
750 3781 835 3864 φλὸξ
853 3777 950 3866 ἦλθε,
973 3786 1096 3866 βαθεῖα
1119 3779 1157 3849 dl
1179 3782 1324 3847 κάππεσε
1346 3778 1465 3864 τέφρη·

346 3924 373 3965 ,0
429 3906 431 3910 ·
547 3891 720 3965 κλαίοντες
742 3885 774 3952 d'
803 3886 935 3973 ἑτάροιο
960 3888 1072 3973 ἐνηέος
1095 3887 1193 3955 ὀστέα
1215 3888 1317 3955 λευκά

547 3994 691 4076 ἄλλεγον
714 3993 748 4071 ές
770 3993 917 4080 χρυσέην
940 3996 1066 4080 φιάλην
1088 3994 1144 4061 καὶ
1168 3997 1312 4061 δίπλακα
1334 3994 1452 4078 δημόν,

547 4099 585 4165 ἐν
607 4104 754 4187 κλισίησι
777 4097 814 4166 dl
837 4101 955 4179 θέντες
978 4100 1064 4190 ἑανῷ
1088 4102 1154 4168 λιτὶ
1177 4103 1347 4180 adiudam

387 4205 527 4274 seeundo
551 4209 658 4272 autem
681 4208 754 4271 loco
779 4207 817 4271 dc
841 4206 992 4273 Hectoris
1016 4210 1182 4294 sepultura
1204 4208 1241 4274 Il
1257 4226 1343 4273 mv
1364 4204 1540 4273 sss-795
1635 4213 1678 4271 14

437 4312 501 4378 786
546 4311 602 4378 καὶ
625 4312 692 4379 τότ’
722 4314 781 4398 ἄρ’
806 4313 963 4400 ἐξέφερον
986 4318 1122 4403 θρασὺν
1137 4314 1288 4401 Ἕκτορα,

547 4417 584 4486 ἐν
602 4416 640 4486 dl
657 4430 747 4507 πυρῇ
766 4420 876 4508 ὑπάτη
895 4423 1017 4507 νεκρὸν
1035 4421 1152 4507 θέσαν,
1172 4422 1210 4488 ἐν
1228 4420 1260 4488 d’
1283 4419 1406 4506 ἔβαλον
1424 4430 1501 4507 πῦρ.

546 4522 628 4612 ἦμος
652 4525 685 4592 d’
711 4526 881 4613 ἠριγένεια
903 4530 994 4614 φάνη
1018 4530 1263 4615 ῥοδοδάκτυλος
1282 4527 1379 4613 Ἠώς,

474 4684 520 4754 ⁸9)
540 4682 581 4739 Of.
601 4684 730 4739 Tibullus
744 4706 754 4739 1
769 4691 794 4753 ὁ,
810 4691 843 4741 113
862 4687 893 4741 in
912 4687 1105 4743 exsecratione
1122 4686 1216 4741 lenae:

600 4776 669 4843 Ipsa
686 4775 761 4841 fame
777 4777 936 4831 stimulante
954 4777 1052 4843 ferreas
1069 4776 1217 4845 lterbusqae
1234 4777 1366 4845 reputeris

640 4862 761 4934 Quaerat
779 4871 805 4920 et
822 4882 841 4920 α
858 4867 947 4921 saecu
964 4882 1026 4920 ossa
1044 4866 1139 4921 relicta
1158 4866 1239 4934 trau.
