3967 5725
379 662 445 727 294
544 664 667 714 xavm.
686 663 801 714 mnan
820 660 1034 713 nacmomnn
1051 661 1293 713 amianarum
1313 662 1446 730 ιοοογοο.

379 826 468 892 moni
491 823 638 909 quamvis
661 845 719 907 per
740 844 775 887 se
797 822 894 906 plano
918 843 955 886 ac
976 822 1147 907 perspicuo
1171 822 1256 889 idem
1276 823 1417 908 propriis
1436 825 1543 890 verbis
1561 826 1615 891 ad-

377 933 501 1014 iicitur,
529 930 616 1016 quod
644 934 713 996 erat
739 928 820 994 illud
849 929 986 993 alterum
1013 950 1117 1016 genus
1144 930 1372 1013 abundantiae,
1399 952 1437 996 eo
1466 934 1613 1017 exemplo

378 1037 525 1103 videmur
554 1035 649 1101 nobis
677 1036 833 1120 quaedam
861 1057 943 1119 quae
971 1040 1048 1101 sunt
1075 1036 1161 1120 apud
1187 1035 1356 1103 Platonem
1383 1061 1402 1103 a
1429 1039 1614 1104 criticorum

377 1144 506 1209 iniuriis
533 1144 633 1208 tutari
660 1163 764 1226 posse.
800 1141 930 1207 Etenim
959 1143 1046 1208 hand
1074 1164 1165 1209 rarae
1191 1147 1268 1208 sunt
1295 1143 1329 1208 in
1352 1143 1498 1210 Platonis
1520 1144 1613 1210 libris

378 1250 477 1316 simili
509 1250 605 1317 modo
637 1250 796 1315 formatae
828 1251 1020 1334 sententiae,
1051 1271 1188 1335 quarum
1220 1249 1338 1317 bonam
1365 1255 1491 1337 partem
1518 1250 1614 1318 Hart-

377 1380 492 1424 manus
515 1357 677 1442 inprimis,
700 1357 903 1441 superiorum
927 1360 1107 1421 commenta
1131 1378 1204 1422 cum
1227 1358 1293 1423 suis
1317 1359 1517 1443 complexus,
1540 1381 1614 1443 pro

378 1464 491 1531 batum
510 1465 572 1530 ivit
589 1464 793 1548 importunae
811 1463 1068 1549 magistellorum
1087 1463 1252 1529 sedulitati
1270 1468 1434 1549 acceptam
1452 1465 1538 1550 ferri,
1556 1466 1613 1550 qui

377 1596 397 1638 a
414 1571 550 1637 Platone
574 1574 708 1636 venuste
727 1571 889 1655 expositas
908 1571 1066 1657 imagines
1085 1571 1352 1656 metaphorasque
1372 1571 1452 1636 scite
1471 1573 1614 1656 selectas,

377 1678 618 1764 perspicuitatis
649 1699 745 1743 causa
773 1677 891 1742 additis
920 1699 1002 1761 quae
1030 1676 1204 1742 desiderari
1231 1677 1429 1762 viderentur,
1457 1678 1613 1745 deforma·

337 1814 364 1854 ιο
377 1787 484 1851 verint
510 1785 823 1869 deturpaverintqua
859 1782 937 1848 Non
963 1805 1136 1869 possumus
1162 1785 1313 1869 persequi
1341 1785 1449 1850 omnia
1472 1807 1554 1870 quae
1577 1787 1612 1850 in

377 1893 440 1958 hoc
462 1913 578 1978 genere
596 1891 647 1955 vir
665 1891 788 1970 doctus,
811 1912 910 1976 sagax
929 1891 1052 1977 ingenii
1072 1889 1241 1956 Cobotiani
1259 1893 1413 1978 aemulus,
1431 1894 1609 1978 temptavit.

377 1998 441 2064 Sed
464 2000 640 2083 specimina
665 1998 822 2083 quaedam
846 1998 950 2063 danda
973 2002 1061 2083 sunt,
1090 2021 1154 2083 quo
1178 1997 1281 2084 magis
1305 2020 1406 2085 genus
1430 1998 1537 2084 ipsum
1560 2000 1610 2064 de·

376 2107 523 2192 claretur,
545 2107 643 2172 simul
661 2106 795 2190 patefiat
813 2105 902 2170 eccui
920 2105 1007 2170 bono
1025 2105 1124 2170 fuerit
1143 2128 1162 2170 a
1181 2105 1275 2171 nobis
1293 2106 1394 2170 ascita
1412 2107 1609 2192 comparatio

375 2235 485 2278 versus
507 2212 747 2298 Aristophanei.
784 2211 874 2298 Ergo
893 2212 1035 2297 primum
1053 2212 1115 2277 hoc
1133 2213 1295 2278 afferimus
1314 2212 1352 2277 de
1372 2211 1499 2299 Gorgia,
1523 2215 1610 2298 'quod

375 2319 573 2386 Hartmanus
597 2343 627 2405 p.
647 2319 690 2384 53
714 2320 894 2404 proposuit,
918 2319 1003 2383 idem
1026 2341 1138 2384 rursus
1157 2343 1187 2404 p.
1208 2320 1260 2385 76.
1298 2319 1395 2384 Cuius
1414 2319 1513 2385 verba
1530 2320 1610 2388 haec

375 2431 458 2492 sunt.
497 2426 682 2492 ‘Miserrimi
713 2429 758 2491 ait
787 2425 933 2491 Socrates
961 2427 986 2490 ii
1014 2429 1089 2490 sunt
1118 2428 1174 2511 qni
1201 2428 1327 2513 magnis
1351 2426 1517 2492 maleficiis
1540 2450 1610 2512 per-

374 2535 512 2618 petratis
537 2555 579 2599 ne
606 2556 726 2618 poenas
754 2535 856 2598 iustas
885 2534 998 2598 darent
1026 2533 1244 2599 obtinuenmt.
1281 2533 1609 2619 mesopotamio

374 2663 441 2706 που
469 2635 563 2707 οὗτοι
591 2642 629 2706 τὸ
658 2641 738 2706 αὐτὸ
766 2639 1048 2725 διαπεπραγμένοι
1077 2642 1178 2724 εἰσίν,
1206 2641 1316 2726 ὥσπερ
1345 2639 1387 2705 δν
1416 2641 1518 2718 εἴτις
1540 2653 1610 2718 τοῖς

373 2750 543 2833 μεγίστοις
574 2751 737 2831 νοσήμασι
770 2750 991 2832 συνεχόμενος
1023 2747 1240 2832 διαπράξαιτο
1272 2749 1316 2832 μή
1349 2749 1482 2814 διδόναι
1512 2751 1609 2832 δίκην

334 2867 443 2923 τιτῶν
465 2856 540 2942 περὶ
563 2857 600 2921 τὸ
623 2867 716 2940 σῶμα
740 2854 979 2940 ἁμαρτημάτων
1002 2868 1072 2932 τοῖς
1095 2857 1229 2941 ἰατροῖς.
1266 2854 1419 2921 Potuitne
1443 2857 1608 2922 venustius

374 2963 498 3047 aliquid
525 2964 588 3029 dici
617 2985 713 3048 quam
741 2962 816 3027 hoo:
845 2962 989 3048 “poenas
1017 2984 1083 3027 non
1111 2963 1185 3027 dare
1212 2962 1391 3028 medicis''?
1422 2963 1509 3029 Male
1531 2985 1608 3051 ergo

374 3069 418 3134 sit
449 3069 632 3157 magistello
666 3072 722 3154 qni
754 3070 843 3133 illam
875 3072 1077 3135 venustatem
1105 3070 1325 3154 pessumdedit
1352 3071 1497 3136 addendo
1525 3072 1608 3155 μηδὲ

374 3178 608 3263 ἰατρεύεσθαι]
642 3175 732 3241 Ηοεο
754 3177 817 3240 ille.
850 3174 964 3260 Neque
982 3175 1116 3241 dubium
1135 3182 1184 3243 est
1203 3179 1284 3261 quin
1302 3176 1406 3261 Plato,
1429 3199 1510 3262 quos
1530 3178 1608 3243 dicit

372 3284 460 3350 nolle
486 3305 606 3367 poenas
635 3283 709 3347 dare
732 3282 864 3347 medicis
887 3286 1091 3367 peccatorum
1115 3286 1269 3370 corporis,
1291 3286 1379 3349 nolle
1402 3306 1435 3351 se
1459 3286 1565 3350 sanari
1590 3309 1608 3349 a

373 3390 506 3457 modieis
529 3391 629 3473 dicat,
656 3411 715 3456 nec
744 3411 808 3473 quo
832 3390 936 3476 magis
959 3390 1219 3476 intelligerentur
1242 3391 1282 3456 ad
1305 3391 1461 3456 translata
1484 3392 1540 3455 illa
1562 3394 1606 3477 μή

373 3500 508 3564 διδόναι
535 3498 634 3581 δίκην
660 3508 731 3573 τοῖς
758 3498 884 3582 ἰατροῖς
911 3518 1041 3562 necesse
1068 3501 1137 3563 erat
1165 3497 1237 3562 addi
1265 3498 1346 3564 haec
1368 3499 1500 3583 propria
1523 3496 1644 3584 μηδὲδ

373 3606 595 3690 ἰατρεύεσθαι.
634 3603 755 3669 Verum
785 3603 848 3668 hoc
874 3603 954 3687 quid
976 3604 1064 3669 aliud
1088 3609 1137 3669 est
1161 3627 1257 3689 quam
1281 3605 1369 3689 quod
1391 3605 1425 3670 in
1450 3604 1608 3671 Ecclesia·

371 3714 457 3776 zusis
490 3710 728 3778 adolescentula
759 3711 837 3776 fecit
867 3732 940 3775 cum
968 3710 1009 3775 ad
1036 3709 1103 3798 ᾤου
1131 3710 1252 3796 ἐρήμας
1279 3715 1458 3797 τρυγήσειν
1485 3712 1608 3778 addidit

372 3817 603 3905 προσάξεσθαί
623 3818 720 3884 aevu?
756 3817 802 3883 Et
823 3816 920 3883 huius
943 3819 1083 3883 orationi
1106 3819 1259 3903 quoniam
1282 3839 1357 3904 pars
1375 3819 1465 3884 nulla
1483 3819 1608 3885 abscidi

332 3929 493 4009 sopotest,
521 3946 628 3992 nonne
651 3924 875 3991 cunctabimur
897 3923 1028 3989 Platoni
1051 3924 1174 4009 eripere
1198 3925 1285 4010 quod
1307 3927 1377 4011 pari
1401 3927 1536 3992 consilio
1560 3928 1606 3991 in·

372 4033 524 4097 stitutum
556 4032 628 4097 est?
669 4029 723 4097 Sic
755 4052 815 4097 nos
848 4031 1065 4097 sentiebamus
1098 4033 1175 4097 dnm
1203 4054 1286 4117 quae
1312 4034 1485 4119 proposuit
1511 4033 1606 4100 Hart-

372 4159 486 4203 manus
513 4138 724 4224 perspicimus
752 4143 786 4204 et
812 4137 852 4202 ad
878 4159 1007 4203 versum
1032 4137 1305 4223 Aristophaneum
1328 4140 1505 4207 referimus.
1543 4140 1607 4207 Sed

372 4245 422 4308 vir
446 4245 559 4312 doctus
589 4245 676 4311 haud
699 4266 771 4310 raro
794 4244 955 4330 particula
977 4266 1016 4309 ex
1040 4246 1198 4331 ampliore
1216 4246 1363 4312 Platonis
1386 4248 1532 4314 oratione
1555 4247 1606 4312 de-

370 4350 481 4435 libata,
505 4353 539 4418 in
562 4374 600 4417 ea
623 4352 700 4437 quid
723 4351 860 4417 nimium
878 4352 977 4417 luerit
995 4352 1198 4437 coercerique
1218 4358 1374 4438 oporteat,
1398 4354 1606 4439 demonstrat,

372 4479 466 4543 saepe
493 4481 558 4524 non
587 4459 655 4525 sine
678 4459 908 4545 probabilitate
930 4459 963 4524 id
987 4459 1130 4544 quidem,
1160 4459 1216 4524 sed
1239 4465 1276 4524 ut
1299 4482 1369 4525 eam
1391 4464 1515 4527 nullam
1538 4484 1606 4528 esse

371 4570 525 4651 appareat
542 4566 600 4631 ubi
617 4566 737 4631 librum
755 4568 863 4651 ipsum
877 4567 1035 4631 evolveris
1050 4570 1083 4632 et
1096 4570 1202 4631 totum
1216 4568 1447 4633 sententiarum
1461 4572 1605 4635 tenorem

370 4676 559 4758 persecutus
586 4672 694 4738 fueris.
733 4672 832 4737 Velut
858 4673 921 4738 hoc
947 4673 1020 4737 loco
1048 4694 1120 4738 cum
1144 4696 1249 4738 sermo
1273 4674 1335 4739 iste
1357 4675 1391 4739 in
1415 4673 1535 4763 Gorgia
1558 4677 1607 4742 sic

372 4778 522 4845 decurrat

534 4887 666 4970 Σχεδὸν
699 4888 761 4971 γάρ
794 4909 861 4951 που
892 4881 987 4952 οὗτοι
1019 4887 1057 4952 τὸ
1090 4887 1170 4952 αὐτὸ
1199 4886 1480 4974 διαπεπραγμένοι
1509 4891 1606 4974 εἰσὶν,
