3967 5725
377 631 444 694 538
603 633 675 684 LXI.
694 633 810 682 INDEX
828 631 1041 682 LEOTIONUM
1059 624 1292 681 AESTIVARUM
1311 633 1388 682 1905.

470 793 626 877 Reliquus
650 797 699 857 est
721 815 832 857 versus
856 794 990 858 ultimus

541 900 708 982 Improbas
730 900 783 965 ille
799 922 889 982 puer,
911 901 1047 966 maridis
1069 906 1103 965 tc
1125 920 1241 982 quoqne
1263 905 1370 976 mater,

379 1031 445 1092 quo
468 1007 595 1071 videtur
618 1007 804 1089 responderi
827 1007 1050 1093 interroganti.
1087 1005 1151 1072 Sed
1174 1007 1242 1071 eius
1264 1005 1410 1090 responsi
1428 1026 1510 1088 quae
1528 1004 1611 1070 ratio

380 1117 424 1180 sit
450 1136 580 1180 neccsse
607 1119 656 1178 est
684 1114 864 1180 accuratius
892 1117 1083 1198 explicetur,
1114 1137 1210 1198 quam
1238 1114 1398 1177 neminem
1427 1113 1612 1177 criticorum

380 1227 531 1308 putamus
559 1225 646 1285 recte
670 1224 702 1285 et
724 1225 762 1285 ut
784 1221 917 1288 decebat
939 1221 1144 1286 intellexisse.
1181 1219 1297 1306 Repeti
1323 1219 1521 1305 superiorem
1543 1239 1612 1282 sen-

380 1329 515 1394 tentiam
538 1329 630 1392 aiunt
653 1332 685 1392 et
707 1328 792 1393 hanc
814 1328 1019 1393 iterationem
1043 1334 1099 1393 aut
1122 1327 1336 1393 excusandam
1360 1330 1416 1390 aut
1437 1326 1614 1409 exstirpan-

382 1437 454 1501 dam
481 1457 551 1501 esse
578 1436 710 1500 instant.
746 1434 791 1498 llt
818 1439 927 1499 tamen
954 1436 1017 1499 hoc
1043 1435 1185 1521 primum
1213 1433 1426 1499 animadverti
1455 1435 1613 1517 parerat,

381 1548 543 1628 pastorem
570 1565 635 1606 non
663 1542 704 1605 ad
726 1541 761 1604 id
784 1541 871 1625 quod
894 1544 1062 1627 proprium
1086 1548 1136 1606 est
1158 1542 1255 1607 huius
1279 1539 1543 1626 interrogationis
1566 1559 1613 1603 re-

382 1650 553 1735 spondere:
586 1670 689 1732 neque
722 1649 807 1713 enim
840 1648 997 1714 diiudicat
1024 1649 1119 1713 istam
1148 1648 1413 1731 controversiam,
1446 1647 1512 1710 utri
1539 1667 1613 1730 pars

236 1810 239 1819 .
342 1786 368 1826 ια
383 1757 485 1821 maior
512 1755 713 1820 crudelitatis
741 1754 935 1840 assignanda
962 1757 1017 1840 sit3
1046 1756 1101 1821 sed
1130 1757 1276 1841 responsi
1303 1756 1374 1822 loco
1403 1753 1614 1846 principalem
1667 1823 1670 1831 Α
1700 1801 1703 1808 ,

382 1864 481 1928 refert
504 1863 706 1946 sententiam,
729 1884 793 1946 qua
812 1884 906 1927 suum
924 1864 1054 1946 utrique
1072 1863 1159 1948 parti
1178 1863 1294 1928 tribuit
1312 1868 1395 1946 ante,
1418 1861 1511 1946 quasi
1530 1860 1616 1924 dicat

384 1992 454 2035 eam
482 1969 743 2035 distributionem
770 1973 873 2033 ratam
902 1991 971 2035 esse
993 1991 1098 2054 neque
1121 1971 1208 2034 ultra
1232 1972 1342 2054 quaeri
1366 1969 1489 2034 debere.
1525 1967 1615 2052 Ergo
1632 1985 1672 2042 ια

384 2078 492 2142 noluit
519 2077 558 2140 de
585 2076 648 2141 ista
676 2098 773 2160 quam
801 2076 879 2141 fecit
902 2078 1090 2160 quaestione
1113 2078 1249 2158 decerni,
1277 2082 1309 2142 et
1332 2075 1617 2162 interrogationem

385 2184 588 2268 interposuit,
611 2204 677 2246 non
700 2187 737 2247 ut
755 2183 795 2247 ad
814 2205 884 2248 eam
902 2185 1117 2268 responderet,
1142 2185 1197 2249 sed
1215 2189 1253 2248 ut
1271 2207 1309 2249 ea
1326 2185 1432 2248 media
1450 2181 1616 2248 commode

386 2313 545 2356 summam
568 2290 745 2354 sententiae
767 2295 936 2373 reponeret
958 2290 993 2355 in
1017 2312 1117 2373 eaque
1141 2313 1222 2374 quae
1246 2292 1315 2356 sola
1334 2291 1530 2356 satisfaceret
1550 2309 1619 2352 ora-

387 2399 510 2462 tionem
535 2419 608 2469 cum
631 2397 665 2460 vi
687 2397 803 2460 finiret.

477 2503 597 2569 Subtili
620 2504 720 2589 igitur
742 2504 867 2568 ratione
888 2504 1054 2591 Vergilius
1077 2505 1140 2571 boc
1163 2505 1257 2570 colon
1281 2503 1514 2570 exaedificavit:
1538 2524 1619 2587 quae

388 2614 415 2678 si
439 2615 525 2676 recte
549 2609 771 2694 explicuimus,
795 2610 965 2693 apparebit
986 2615 1148 2676 extremus
1172 2634 1282 2677 versus
1306 2616 1432 2676 tantum
1454 2611 1564 2674 abesse
1582 2613 1620 2673 ut

387 2739 641 2803 supervacaneus
665 2721 721 2780 aut
743 2738 842 2801 prava
864 2717 1034 2783 iteratione
1058 2717 1280 2805 vituperabilis
1304 2719 1356 2800 sit,
1380 2702 1417 2782 ut
1439 2717 1620 2782 necessario

348 2854 374 2895 aa
389 2825 581 2891 sententiam
614 2828 647 2889 et
679 2823 857 2889 orationem
890 2823 1031 2909 claudat,
1063 2825 1349 2914 interrogationem
1380 2827 1488 2891 autem
1515 2823 1621 2906 istam,

389 2955 471 3017 quae
494 2932 633 2995 maxime
657 2931 826 2996 offensioni
849 2932 920 3013 fuit,
942 2937 981 2995 ut
1003 2937 1088 2997 recte
1112 2958 1150 2998 ex
1170 2933 1390 3019 superioribus
1409 2932 1552 3017 prodeat,
1575 2931 1622 2995 ita

388 3042 521 3124 perapte
548 3039 722 3102 transitum
749 3060 862 3120 parare
891 3038 930 3102 ad
958 3043 1110 3125 extrema,
1138 3041 1275 3125 denique
1302 3063 1400 3105 unam
1425 3039 1621 3122 eandemque

390 3147 534 3212 canentis
558 3145 787 3230 cogitationem
811 3167 829 3208 a
852 3146 1012 3230 principio
1036 3147 1076 3211 ad
1100 3148 1196 3213 finem
1220 3148 1380 3232 pertinere
1405 3151 1621 3231 quattuorque

389 3276 500 3319 versus
523 3274 582 3318 suo
607 3252 717 3318 ordine
741 3251 877 3316 firmiter
899 3254 1128 3339 constringere.
1171 3253 1293 3331 Quodsi
1316 3256 1388 3337 quis
1412 3261 1521 3318 tamen
1542 3253 1622 3317 haec

389 3361 520 3425 ferenda
548 3381 617 3424 esse
640 3359 820 3444 negaverit,
847 3381 912 3423 non
939 3361 1138 3426 emendando
1161 3366 1319 3446 temptare
1342 3361 1462 3427 tradita
1485 3359 1623 3442 debebit,

390 3467 447 3531 sed
470 3465 702 3551 reprehendere
725 3466 907 3550 exemplum
929 3472 1063 3551 apoeta
1081 3468 1235 3534 selectum
1254 3468 1375 3553 quippe
1393 3468 1480 3551 quod
1498 3467 1624 3551 reliqua

390 3598 431 3639 ex
454 3597 488 3639 sc
511 3573 679 3658 pepererit,
703 3571 815 3637 sedeo
834 3562 982 3656 exemplo
1002 3574 1141 3639 vidimus
1159 3575 1285 3640 nullum
1304 3576 1442 3641 inveniri
1460 3574 1623 3641 efficacius

391 3681 536 3765 potuisse
559 3680 692 3745 adeam
716 3701 785 3743 rem
809 3701 906 3763 quam
928 3685 1025 3763 poeta
1048 3683 1171 3768 agebat.

482 3787 636 3871 Superest
654 3789 690 3850 ut
709 3808 805 3869 quam
824 3786 982 3851 rationem
1002 3790 1080 3853 satis
1100 3789 1306 3853 artificiosam
1325 3789 1520 3855 intercedere
1539 3789 1625 3853 inter

350 3923 378 3963 ac
392 3899 487 3961 istam
511 3893 798 3979 interrogationem
821 3897 854 3958 et
876 3915 1066 3979 responsum
1091 3896 1260 3981 voluimus,
1287 3918 1328 3960 ne
1352 3896 1430 3981 quid
1453 3918 1512 3961 nos
1536 3896 1625 3959 inau-

392 4003 451 4068 diti
475 4022 604 4065 narrare
627 4000 802 4081 videamur,
825 4000 980 4083 exemplis
1002 4002 1193 4085 quibusdam
1213 4003 1364 4069 similiter
1380 4004 1536 4069 formatae
1556 4024 1625 4067 ora-

391 4109 489 4175 tionis
513 4106 747 4173 confirmemus.
785 4104 1000 4172 Callimachus
1025 4108 1137 4175 scribit
1160 4128 1197 4173 lv
1221 4111 1262 4174 79

526 4214 547 4298 ἣ
571 4212 601 4279 δ’
628 4212 874 4296 diocaesarea
897 4225 1001 4300 χοροῦ
1024 4215 1237 4283 ἀπεπαύσατο
1261 4218 1376 4302 νύμφη

438 4323 482 4388 80
528 4322 705 4404 αὐτόχθων
728 4320 841 4403 Μελίη
864 4322 920 4386 καὶ
942 4322 1112 4407 ὑαόχλοον
1135 4326 1208 4409 ἔσχε
1231 4327 1372 4409 παρειήν

528 4430 642 4512 ἥλικος
664 4426 899 4510 ἀσθμαίνουσα
922 4427 998 4511 περὶ
1023 4430 1133 4513 δρυός,
1157 4432 1202 4507 ὡς
1226 4433 1276 4497 l'ds
1297 4436 1413 4516 χαίτην

558 4672 561 4677 ,
679 4602 791 4669 Adfluit
808 4602 930 4659 incautis
947 4606 1100 4661 insidiosas
1118 4609 1212 4663 Amor.

645 4691 792 4747 Desidiam
809 4707 880 4757 puer
897 4694 944 4747 illa
960 4696 1039 4763 sequi
1056 4697 1134 4763 solet,
1153 4697 1213 4751 odat
1230 4703 1346 4768 agentes.

393 4790 463 4847 ibid.
480 4794 531 4843 168

680 4886 727 4940 sie
744 4881 818 4939 mit
835 4876 882 4932 illc
895 4894 980 4949 puer,
999 4875 1039 4928 cic
1052 4892 1126 4944 puer
1144 4876 1189 4931 illc
1207 4883 1305 4931 maaet.
