3967 5725
375 573 439 637 152
573 576 631 626 xn.
651 577 999 628 1unnxnucr10uuru
1016 578 1258 630 mnsuusnuu
1278 578 1407 648 1311113.

508 736 716 818 comptmibns
738 737 812 803 iocis
835 745 1002 819 sommant.
1054 740 1119 820 Qna
1146 741 1315 822 speetaeaio
1338 742 1539 824 obstupefacti
1561 744 1609 807 ad

504 846 679 925 pactionem
701 864 734 909 se
756 851 967 910 concertarent
988 842 1105 913 omissa
1127 847 1292 912 absidiam

372 948 467 1015 Unde
495 950 616 1015 factum
645 955 708 1031 est,
736 956 772 1015 ut
799 950 966 1035 Kempfius
998 954 1197 1038 approbante
1228 952 1357 1020 Gertuio
1385 956 1526 1020 Romani
1554 959 1608 1021 nei

374 1054 456 1142 (sive
478 1060 530 1122 nsi
548 1056 703 1141 Romani)
726 1062 801 1142 post
819 1059 943 1123 consilii
961 1058 1152 1125 Valerianae
1175 1062 1315 1126 orationi
1338 1062 1500 1147 insereret,
1524 1084 1607 1146 quae

373 1164 471 1229 verba
493 1164 664 1229 Beruensis
687 1164 763 1229 libri
785 1169 1007 1231 corrector‘ut
1030 1168 1113 1232 solet
1135 1189 1154 1230 a
1176 1168 1292 1233 Paride
1315 1174 1444 1254 sumpta
1467 1171 1502 1233 in
1524 1192 1605 1234 mar·

374 1270 449 1357 gine
481 1271 599 1336 codicis
632 1271 811 1355 adscripsit.
867 1271 1030 1338 Nimirum
1061 1297 1127 1338 non
1159 1274 1309 1340 videnmt
1340 1277 1428 1341 docti
1459 1277 1607 1342 homines

374 1377 504 1443 initium
534 1378 668 1463 capituli
691 1378 857 1443 Valeriani
885 1404 904 1445 a
931 1379 1046 1457 Paride
1077 1384 1351 1466 praetermissum,
1383 1383 1464 1448 dlad
1491 1405 1609 1466 qaoane

375 1486 548 1551 maioribas
569 1492 598 1551 et
624 1487 751 1551 nmilia
773 1488 946 1572 prudenter
973 1494 1001 1552 et
1027 1491 1111 1554 eaitn
1136 1490 1268 1571 feliciter
1288 1492 1465 1571 provisam
1496 1514 1606 1576 quam-

376 1616 472 1678 quam
494 1594 580 1657 idem
604 1594 682 1659 eatis
705 1592 907 1679 negligenter
929 1616 1034 1660 emmm
1057 1596 1201 1680 retinuit,
1225 1597 1312 1682 quod
1334 1598 1420 1682 apud
1439 1597 1606 1662 Valerium

335 1728 361 1769 ιο
375 1698 415 1763 ad
438 1701 573 1765 maiores
594 1700 686 1783 redit,
714 1700 798 1784 apud
821 1701 928 1786 ipsum
952 1703 1138 1767 nonhabet
1163 1725 1227 1787 quo
1251 1704 1415 1769 referatur.
1462 1703 1512 1768 Ob
1536 1727 1606 1769 eam
1726 1789 1728 1792 ι

374 1811 482 1871 autem
506 1828 633 1871 causam
658 1806 783 1872 Paridis
806 1810 950 1873 narratio
979 1811 1109 1875 omnino
1139 1815 1286 1876 constare
1308 1833 1374 1876 non
1397 1816 1525 1896 poterat
1543 1811 1607 1875 nisi

374 1913 590 1979 Romanmnm
618 1914 833 1997 appellatione
863 1916 982 1981 alicubi
1015 1917 1147 2000 iniecta,
1179 1918 1264 2002 apud
1293 1917 1472 2003 Valerium,
1505 1918 1560 2001 qui
1588 1940 1610 1981 a

374 2020 546 2086 maturitas
574 2022 711 2105 orditur,
743 2021 806 2087 hoc
835 2044 916 2107 opus
944 2046 1011 2088 non
1039 2028 1121 2109 erat,
1154 2047 1191 2089 ac
1218 2047 1258 2089 ne
1286 2029 1338 2091 nsi
1366 2026 1510 2111 quidem,
1542 2047 1607 2110 quo

374 2150 479 2193 carere
503 2128 628 2193 Paridis
653 2129 755 2192 oratio
778 2130 833 2195 rix
857 2134 993 2213 poterat,
1017 2132 1052 2195 in
1074 2131 1246 2196 Valeriana
1269 2133 1454 2218 requiritur,
1482 2134 1538 2217 qui
1561 2132 1608 2196 ita

373 2235 518 2320 loquitur
549 2236 663 2300 callido
692 2257 801 2318 ponere
837 2238 961 2302 consilii
996 2239 1088 2303 nnieo
1118 2242 1371 2320 persmerantiae
1409 2241 1607 2305 imitamento

372 2343 499 2408 uiatores
525 2343 747 2425 spoliaverant,
775 2342 830 2408 ille
858 2365 933 2408 vero
963 2345 1077 2410 callido
1098 2366 1207 2427 penem
1229 2347 1353 2411 mnsdii
1375 2348 1415 2411 R.
1438 2348 1490 2412 asi
1505 2367 1610 2428 panes

373 2451 473 2515 iacere
496 2457 662 2533 coepemnt.

463 2556 609 2622 Tertium
633 2558 777 2623 addimus
801 2558 983 2642 exemplum
1008 2560 1143 2624 rationis
1168 2561 1236 2625 eius
1257 2582 1338 2645 quae
1357 2562 1441 2625 inter
1459 2560 1611 2625 Paridem

374 2664 543 2729 intercedit
571 2668 603 2729 et
631 2663 810 2748 Valerium,
844 2688 1038 2750 quamquam
1070 2666 1154 2731 nihil
1185 2668 1232 2732 ibi
1264 2668 1381 2733 erroris
1415 2673 1521 2733 ortum
1550 2672 1611 2732 est..

334 2770 524 2841 ioValerius
547 2772 648 2858 igitur
666 2790 716 2835 vn
734 2774 799 2857 2,ss
825 2771 915 2859 (325,
929 2772 965 2859 3)
989 2774 1036 2838 ita
1059 2774 1158 2839 refert
1369 2857 1371 2863 Ι

508 2881 604 2945 Nam
625 2881 670 2944 ad
691 2887 817 2947 sanatas
839 2887 909 2946 aeia
932 2883 1159 2964 transprediar.
1207 2882 1286 2949 Cam
1310 2885 1458 2949 adversans
1481 2884 1613 2950 Hanni-

509 2987 608 3052 balem
638 2985 807 3053 Cleandiam
835 2989 991 3053 Neronem
1023 2995 1051 3054 et
1077 2990 1206 3054 Isioinm
1234 2991 1446 3057 Salinatorem
1473 2991 1614 3056 mnsntes

509 3097 640 3160 mitteret
667 3116 772 3177 eospm
798 3101 834 3160 nt
855 3096 1021 3161 oirtntidas
1042 3118 1152 3177 pares,
1179 3099 1227 3162 ita
1254 3099 1434 3163 inimicitis
1460 3100 1614 3162 manime

509 3204 589 3266 inter
607 3222 639 3267 se
658 3202 841 3267 dissidentes
859 3204 980 3281 videret,
1004 3223 1124 3269 samma
1144 3206 1248 3269 stadio
1265 3206 1302 3270 in
1318 3207 1458 3288 pratiam
1476 3205 1613 3269 redaait.

375 3308 466 3374 Paris
481 3312 596 3394 autem,
616 3308 692 3393 quia
706 3309 979 3393 praefatiunculae
992 3312 1145 3394 pepercit,
1160 3311 1277 3396 quibus
1293 3314 1340 3377 uti
1355 3316 1441 3377 amat
1449 3311 1614 3397 Valerius,

375 3415 410 3479 in
432 3415 519 3480 hunc
543 3416 674 3480 modum
697 3416 812 3500 incipit
834 3439 964 3481 narrare
988 3416 1078 3502 (541,
1095 3418 1151 3504 19)

511 3521 591 3588 Onm
619 3523 768 3588 adamans
795 3524 1011 3588 Hannibalem
1036 3523 1082 3590 Ol.
1100 3526 1257 3591 Neronem
1280 3533 1308 3590 et
1329 3527 1457 3590 liniam
1481 3526 1614 3591 Salina

510 3636 604 3695 torem
627 3635 754 3695 senatos
777 3630 913 3695 consoles
936 3633 1069 3696 mitteret
1090 3655 1156 3715 eqs.

466 3753 510 3800 lx.
529 3735 579 3800 De
593 3736 720 3801 Zenone
735 3735 848 3801 Eleate
866 3736 945 3802 haec
960 3738 1059 3802 tradit
1073 3738 1222 3806 Valerius
1241 3741 1314 3805 1113
1335 3745 1396 3805 ext.
1412 3741 1433 3805 2
1448 3739 1537 3826 (131,
1552 3737 1613 3824 22)

336 3871 364 3912 eo
513 3842 592 3909 Cam
616 3849 691 3910 esset
712 3847 748 3909 in
771 3845 969 3926 dispicienda
986 3867 1091 3911 rernm
1109 3853 1228 3912 natma
1247 3851 1406 3913 manimae
1421 3849 1616 3929 prudentiae·

511 3953 604 4033 inane
629 3951 803 4016 excitandis
828 3953 873 4015 ad
897 3954 1032 4035 ciperem
1050 3955 1196 4018 iaoenam
1216 3957 1335 4020 animes
1346 3956 1610 4037 promptissimas,

506 4063 741 4139 praeceptoram
759 4058 855 4141 fidem
874 4060 1010 4141 exemplo
1028 4062 1153 4125 oirtntis
1171 4081 1247 4127 snae
1257 4062 1448 4143 pabtieaait:
1464 4063 1611 4143 patriam
1625 4076 1669 4132 ls

514 4166 597 4228 enim
618 4185 762 4247 epressas,
786 4169 823 4230 in
846 4188 908 4248 aaa
929 4169 999 4248 frat
1021 4187 1130 4232 sermo
1147 4168 1286 4233 libertate
1301 4175 1433 4252 poterat,
1456 4170 1612 4251 1491111111-

513 4276 578 4334 tmn
602 4272 776 4338 miserabili
798 4275 941 4338 semitate
963 4275 1105 4339 obrntnm
1122 4278 1223 4356 petiit,
1247 4283 1337 4341 tanta
1354 4277 1473 4359 fidncia
1491 4275 1612 4357 inpenii

513 4398 550 4441 ac
573 4399 694 4444 mmmm
717 4400 843 4444 sacram
860 4381 967 4461 fretas,
990 4386 1026 4445 at
1042 4385 1213 4462 mmaamit
1230 4389 1259 4448 et
1276 4390 1409 4466 tpranno
1427 4388 1456 4447 et
1473 4382 1612 4447 Phalari

513 4504 646 4548 vesanae
669 4488 780 4552 mentis
800 4488 958 4568 feritatem
983 4509 1005 4551 a
1026 4508 1059 4552 se
1081 4489 1184 4570 deripi
1201 4510 1300 4571 posse.

378 4587 498 4654 Mirum
521 4611 587 4654 non
611 4596 660 4655 est
684 4591 717 4656 in
739 4593 846 4658 verbis
870 4599 960 4658 tanta
987 4594 1107 4676 pimenio
1129 4598 1251 4678 inpenii
1273 4616 1311 4661 ae
1333 4617 1455 4660 mmmm
1484 4616 1611 4661 snornm

377 4696 477 4777 fretas
497 4696 610 4760 doctos
633 4698 779 4764 homines
805 4701 982 4766 offendisse.
1024 4699 1168 4777 Quorum
1188 4703 1356 4787 Kampfius
1381 4703 1466 4786 quod
1490 4708 1614 4782 tanmm

372 4823 438 4886 pro
457 4808 548 4868 tanta
566 4803 665 4868 scribi
684 4806 806 4892 maluit,
830 4828 938 4870 veram
957 4828 1086 4872 causam
1106 4809 1291 4874 offensionis
1310 4831 1376 4874 non
1395 4809 1522 4874 videtur
1540 4809 1613 4872 teti-
