3967 5725
396 673 463 738 420
584 675 653 726 LIV.
673 674 788 725 INDEX
806 673 1021 724 LECTIONUM
1039 672 1280 724 HIBERNARUM
1300 667 1430 738 1901s02.

532 835 625 901 Illud
640 857 795 917 perquam
819 837 923 899 1110111.

656 943 764 1024 Neque
785 941 959 1024 sapatum
982 961 1041 1023 quo
1064 942 1196 1023 recipiat
1217 940 1328 1005 habeut
1343 946 1471 1022 portum
1495 939 1632 1021 corporis

663 1049 723 1116 Ubi
745 1049 877 1114 remisso
899 1047 1041 1112 humana
1063 1049 1129 1112 uita
1152 1068 1262 1130 corpus
1283 1049 1453 1130 requimcot
1474 1046 1578 1111 malis.

538 1157 632 1222 Vides
654 1161 769 1238 quanto
791 1156 866 1221 haec
887 1157 923 1219 iu
946 1176 1048 1220 errore
1069 1161 1243 1220 vescatur:
1260 1159 1389 1235 portum
1412 1173 1475 1219 cese
1497 1153 1634 1234 corporis

533 1269 560 1328 ct
582 1265 767 1346 requiescere
789 1264 824 1326 iu
847 1262 1015 1344 sepulcro
1032 1267 1128 1344 putot
1150 1267 1342 1326 mortuum.

399 1370 534 1456 Semper
557 1370 668 1435 eadem
687 1370 736 1432 vis
755 1369 908 1453 sepulcri:
932 1368 1055 1433 invidet
1075 1368 1230 1452 Thyestes
1249 1368 1341 1432 fratri
1361 1367 1542 1451 sepulcrum
1561 1368 1592 1430 h.
1608 1388 1633 1429 e.

399 1499 470 1542 eam
492 1478 683 1562 particulam
707 1481 811 1540 terrae
835 1476 869 1540 in
888 1497 951 1559 qua
969 1497 1088 1560 corpus
1107 1475 1226 1539 mortni
1246 1475 1429 1558 sepeliatur.
1465 1473 1633 1538 Postremo

399 1584 547 1649 addimus
569 1583 648 1648 haec
671 1584 711 1648 de
729 1581 851 1647 Andria
871 1581 1014 1647 Terentii
1037 1605 1077 1646 ex
1100 1587 1236 1647 venusta
1259 1582 1442 1646 narratione
1466 1580 1505 1644 de
1523 1579 1635 1645 funere

404 1690 572 1774 Chrysidis

360 1821 387 1862 11
447 1798 509 1861 117
534 1798 691 1879 chcrtur,
715 1798 814 1862 imus:
837 1798 958 1861 interca
980 1798 1063 1861 inter
1086 1796 1238 1875 mulieres,

539 1905 625 1986 Quae
647 1904 693 1968 ici
714 1904 856 1982 admunt,
878 1905 959 1985 forte
979 1925 1079 1968 cuam
1102 1905 1221 1986 aspide
1243 1902 1506 1969 adulescentulam
1532 1939 1574 1948 -
1592 1939 1637 1948 —

449 2011 511 2074 127
1033 2011 1148 2075 Funus
1170 2012 1297 2074 interim

536 2118 689 2183 Procedit.
729 2119 896 2200 sequimur.
938 2120 987 2182 ud
1007 2116 1217 2200 sepulcrum
1240 2117 1422 2195 uenimus,-

536 2226 583 2290 Iu
605 2227 727 2307 ipuem
749 2226 982 2307 impositcst;
1005 2225 1105 2306 1101111.

402 2333 432 2396 h.
453 2355 478 2396 e.
502 2332 543 2396 ad
566 2353 639 2397 eum
662 2332 769 2398 locum
794 2333 948 2415 venimus,
970 2331 1028 2397 ubi
1052 2335 1179 2397 mortua
1203 2330 1419 2396 comburenda
1442 2333 1518 2395 erat.

493 2437 616 2516 Quodsi
639 2439 717 2503 satis
742 2439 909 2503 docuimus
934 2438 1117 2522 sepulcrum
1142 2438 1204 2502 dici
1228 2437 1335 2503 locum
1354 2437 1388 2501 in
1408 2459 1471 2522 quo
1491 2440 1638 2501 mortuus

403 2547 549 2629 sepultus
574 2546 617 2608 sit
643 2548 796 2608 autenm
820 2545 855 2608 in
879 2565 942 2628 quo
971 2527 1118 2609 mortuus
1142 2545 1345 2629 sepeliendus
1368 2545 1486 2609 situel
1509 2542 1638 2628 sepeliri

402 2652 522 2737 possit,
549 2650 583 2714 id
611 2651 696 2733 quod
724 2650 785 2714 hac
812 2655 975 2734 postrema
1002 2652 1185 2716 narratione
1208 2651 1399 2716 Terentiana
1422 2652 1474 2715 vel
1500 2652 1639 2714 maxime

403 2758 601 2842 patefactum
625 2760 687 2840 est,
716 2757 780 2821 iam
803 2779 863 2821 nos
885 2758 968 2822 nihil
991 2760 1136 2822 moratur
1159 2780 1223 2842 quo
1251 2758 1357 2823 minus
1381 2780 1509 2823 versum
1531 2748 1639 2822 Plauti

363 2889 390 2929 ro
403 2869 550 2931 accurate
574 2864 829 2949 interpretemur.
872 2863 953 2929 Qum
977 2866 1062 2930 enim
1086 2864 1314 2931 Menaechmus
1338 2866 1443 2932 dicere
1466 2866 1554 2949 velit,
1577 2866 1640 2930 liti·

404 2974 495 3059 gium
518 2993 590 3035 cum
613 2993 721 3054 uxore,
745 2971 832 3055 quod
850 2972 984 3055 parasiti
1003 2974 1098 3036 anxia
1117 2993 1193 3037 cura
1212 2972 1251 3038 de
1270 2994 1349 3038 cena
1367 2973 1538 3056 obiecerat,
1555 2972 1639 3037 nihil

405 3101 439 3145 se
462 3079 631 3163 impedire,
658 3082 771 3163 utpote
800 3080 856 3162 qui
884 3100 1029 3144 seorsum
1060 3079 1100 3143 ab
1124 3101 1224 3144 uxore
1247 3080 1354 3145 locum
1377 3079 1495 3144 habeat
1516 3082 1551 3143 in
1574 3100 1639 3163 quo

407 3207 594 3251 consumere
613 3184 698 3249 diem
716 3187 829 3270 possit,
847 3185 909 3251 hoc
928 3184 983 3251 ille
1001 3186 1142 3272 imagine
1161 3209 1238 3251 usus
1257 3187 1303 3251 ita
1321 3188 1481 3270 exprimit,
1499 3191 1536 3251 ut
1554 3185 1640 3251 dicat

406 3314 440 3357 se
458 3293 541 3358 clam
560 3314 693 3357 uxorem
712 3292 830 3359 habere
848 3293 1031 3377 sepulcrum
1050 3294 1084 3359 in
1103 3315 1167 3377 quo
1188 3293 1335 3378 sepulcro
1353 3294 1540 3359 comburere
1555 3292 1639 3356 diem

405 3400 517 3483 possit.
564 3398 691 3483 Quippe
715 3400 782 3463 dies
807 3402 861 3483 qui
887 3402 1087 3466 consumitur
1110 3404 1159 3464 est
1183 3401 1275 3484 quasi
1298 3400 1395 3465 homo
1424 3401 1480 3484 qui
1504 3402 1641 3465 moritur

406 3508 439 3569 et
466 3506 556 3569 locus
584 3506 641 3569 ubi
669 3507 868 3571 consumitur
892 3510 1075 3590 sepulcrum
1100 3511 1149 3571 est
1174 3508 1208 3571 in
1232 3528 1295 3590 quo
1324 3507 1526 3572 comburitur
1549 3508 1641 3591 quasi

406 3616 561 3676 mortuus.
607 3610 725 3677 Omnia
752 3612 785 3675 iu
813 3611 876 3678 hoc
904 3614 1060 3679 translato
1088 3612 1215 3677 dicendi
1242 3613 1338 3678 modo
1362 3618 1437 3697 apte
1460 3613 1641 3696 cohaerent,

407 3740 507 3802 eaque
525 3720 632 3804 imago
652 3719 822 3783 scitissime
841 3721 1048 3785 continuatur
1067 3743 1085 3784 a
1100 3718 1262 3804 Peniculo,
1281 3742 1354 3784 cum
1369 3721 1479 3786 eodem
1494 3720 1640 3785 adhibito

408 3825 505 3890 simili
529 3826 730 3909 respondeat,
761 3828 788 3890 si
812 3848 861 3890 res
885 3826 932 3890 ita
956 3848 990 3890 se
1013 3826 1131 3890 habeat
1154 3830 1191 3890 ut
1213 3826 1280 3891 dies
1305 3826 1509 3911 in'sepulcro
1533 3827 1641 3893 nescio

367 3957 394 3998 11
408 3954 472 4016 quo
506 3933 741 3997 comburendus
779 3934 835 4017 sit,
871 3933 1108 4018 properandum
1144 3954 1212 3997 esse
1245 3937 1282 3998 ut
1314 3956 1412 4020 rogus
1444 3934 1641 4016 incendatur,
1657 3946 1696 4005 lo

408 4040 560 4123 qnoniam
584 4040 651 4104 dies
677 4040 734 4124 qui
756 4044 872 4125 agatur
895 4041 959 4104 iam
981 4061 1083 4123 paene
1105 4044 1253 4105 mortuus
1278 4040 1328 4104 sit.
1366 4040 1454 4117 Quae
1478 4040 1505 4105 si
1528 4040 1643 4124 proba-

409 4146 518 4212 biliter
542 4146 705 4231 disputata
729 4151 814 4230 sunt,
837 4168 1036 4231 consequens
1059 4150 1109 4211 est
1129 4150 1166 4211 ut
1184 4146 1359 4229 scpulcmm
1377 4169 1590 4233 agnoscamus
1611 4153 1643 4213 et

409 4256 494 4317 recte
522 4255 680 4337 scriptum
709 4256 741 4317 et
768 4254 984 4318 necessarium
1013 4274 1081 4317 esse
1109 4254 1144 4318 in
1171 4253 1232 4317 hac
1263 4255 1422 4319 sententia
1451 4276 1555 4339 neque
1577 4254 1642 4319 alio

409 4360 505 4425 modo
529 4361 633 4443 accipi
655 4381 750 4445 posse
774 4382 870 4443 quam
894 4359 1042 4426 diximus,
1079 4357 1117 4423 Id
1140 4381 1269 4443 quoque
1288 4361 1459 4446 opinamur
1481 4383 1644 4447 apparere,

408 4488 475 4530 non
498 4488 567 4532 esse
596 4468 683 4551 quod
711 4489 783 4534 cum
807 4466 985 4533 Ritschelio
1013 4472 1047 4531 et
1069 4464 1232 4531 Schoellio
1259 4465 1298 4530 de
1325 4450 1475 4533 mutilata
1498 4469 1644 4533 oratione

410 4574 580 4660 cogitetur,
599 4596 673 4640 cum
692 4574 771 4640 haec
785 4596 868 4658 quae
887 4575 1022 4640 dicimus
1040 4596 1105 4639 una
1122 4574 1281 4639 sententia
1294 4574 1526 4659 complectatur
1538 4596 1644 4659 neque

411 4679 613 4765 intelligatur
636 4682 715 4765 quid
739 4682 784 4747 ibi
808 4682 980 4746 desiderari
1004 4680 1100 4745 dicas.

501 4784 700 4853 Sententiam
725 4792 757 4853 et
780 4792 923 4853 tenorem
951 4788 1108 4853 emtionis
1137 4788 1390 4871 explanavimus:
1417 4791 1542 4854 restant
1566 4810 1645 4853 non·

411 4894 499 4958 nulla
532 4894 566 4958 in
594 4894 699 4959 verbis
732 4898 765 4960 et
796 4894 831 4958 in
862 4915 1011 4959 mensura
1039 4895 1189 4959 versiculi
1222 4895 1400 4959 accuratius
1428 4895 1644 4979 expendenda.
