3967 5725
793 652 843 701 nn
863 652 979 701 ovmn
997 651 1128 703 nasus,
1515 650 1582 715 105

348 814 501 897 spicimus
526 814 560 876 in
582 811 643 876 hac
666 812 850 877 narratione
873 816 1110 896 pentametrum
1131 813 1282 877 idoneum
1301 814 1357 897 qui
1376 814 1410 877 in
1428 813 1516 878 illius
1534 817 1582 880 lo·

349 942 422 985 curn
447 919 604 1004 succedat,
626 918 713 983 haud
737 918 960 984 cunctabimur
984 920 1103 1005 eligere
1126 942 1253 985 versum
1278 920 1343 983 208

462 1078 467 1088 ,
532 1026 578 1089 Et
600 1026 675 1091 leuis
698 1028 820 1108 orpeutr'
842 1026 999 1090 lurumiuo
1022 1030 1139 1091 crimen
1162 1034 1236 1106 erut

350 1136 406 1217 qui
430 1118 553 1217 etipse
578 1154 651 1197 oum
670 1154 729 1197 suo
748 1132 932 1197 hexametro
952 1156 1018 1197 non
1036 1133 1128 1198 valde
1148 1136 1373 1199 convenienter
1392 1136 1583 1199 coniunctus

349 1244 399 1304 est
434 1237 523 1325 (nam
556 1240 643 1323 quod
672 1241 746 1304 iuro
775 1240 924 1304 dicuntur
953 1245 985 1303 et
1013 1242 1143 1325 crimen,
1171 1242 1214 1304 in*
1233 1264 1270 1305 ea
1296 1245 1388 1326 parte
1414 1243 1505 1307 nulla
1531 1243 1596 1306 vis'

349 1347 526 1411 sententiae
546 1344 609 1431 est)
629 1347 737 1411 sedin
760 1348 852 1411 illum
875 1346 981 1411 locum
1006 1347 1181 1412 translatus
1202 1369 1342 1430 pcmruos
1365 1370 1436 1413 cum
1460 1351 1585 1432 urpeuti

348 1455 507 1518 lururuiuu
530 1454 609 1518 scite
633 1458 833 1538 comparatas
856 1454 957 1520 offert.
1005 1453 1074 1519 Hos
1098 1454 1178 1519 duos
1197 1458 1417 1539 pentametros
1435 1456 1493 1519 ubi
1511 1457 1582 1521 loca

350 1565 533 1644 permutare
556 1562 742 1626 iusserimus
767 1561 823 1624 sed
846 1562 891 1625 ita
909 1565 946 1625 ut
964 1561 1065 1646 priori
1085 1559 1179 1649 (204)
1199 1562 1428 1627 adhaerescunt
1445 1585 1483 1628 ea
1501 1586 1583 1647 quae

350 1690 423 1732 cum
456 1690 493 1731 eo
527 1668 699 1732 coniuncta
731 1690 800 1731 esse
830 1667 969 1732 diximus
997 1666 1087 1752 (205.
1106 1666 1201 1755 206),
1227 1671 1256 1734 is
1284 1669 1362 1734 ordo
1390 1670 1499 1753 prodit
1527 1672 1583 1754 qui

348 1778 478 1858 poetam
500 1796 568 1838 non
590 1773 741 1839 dedeceat
763 1778 796 1838 et
820 1796 884 1858 quo
908 1774 1066 1859 quidquid
1090 1776 1282 1841 incommodi
1307 1780 1377 1839 erat
1398 1777 1433 1840 in
1451 1777 1583 1861 vulgata
1598 1803 1626 1841 ro

351 1882 433 1946 serie
456 1880 528 1946 tolli
552 1880 706 1945 videatur.

425 1988 487 2051 197
537 1988 648 2053 Pluris
670 2008 740 2071 opes
763 2009 847 2052 uuuc
868 1995 949 2073 suut,
972 2010 1068 2070 quoru
1084 1991 1188 2071 prisci
1210 1993 1358 2071 temporis
1379 1994 1484 2074 cuuis,

579 2094 667 2159 Duru
685 2096 823 2177 populus
839 2116 972 2178 pauper,
997 2098 1072 2160 dum
1094 2118 1176 2162 coru
1199 2098 1302 2161 Romu
1323 2099 1394 2178 fuit.

533 2202 622 2266 Duru
646 2223 720 2267 cuso
743 2204 962 2285 Murtipeuuuc
985 2205 1126 2284 cupiebat
1141 2225 1248 2286 puruu
1275 2206 1445 2285 Quirinum

425 2309 491 2372 200
581 2310 628 2373 Et
650 2310 746 2373 dubet
768 2311 914 2392 erripuum
936 2310 1083 2391 llumiuis
1103 2311 1178 2376 ulcu
1201 2318 1310 2395 torum,

536 2416 680 2499 Iuppiter
703 2423 838 2498 uupusto
860 2419 915 2481 riu
938 2424 1018 2483 totus
1039 2419 1142 2484 310001
1164 2420 1200 2482 iu
1223 2420 1299 2483 cede

580 2524 681 2605 Juque
703 2523 790 2588 Iouis
813 2525 924 2589 deutra
945 2525 1040 2606 fictile
1059 2526 1181 2607 fulmen
1204 2531 1279 2604 erut,
1315 2510 1318 2513 ⁴

294 2645 335 2701 24
424 2630 489 2694 203
535 2630 717 2695 Fraudibus
740 2632 895 2695 oruubuut
917 2654 997 2714 quoe
1019 2652 1103 2697 uuuc
1128 2631 1286 2713 Capitolio
1307 2634 1440 2715 perimis

423 2737 488 2802 208
579 2738 626 2801 Er
643 2738 718 2802 leuis
741 2741 863 2821 urpeuti
886 2739 1042 2804 lururuiuo
1065 2742 1183 2804 crimcu
1205 2745 1288 2816 erut·

423 2845 486 2910 207
536 2844 616 2910 Iuro
640 2844 736 2910 dubet
751 2846 881 2928 populis
897 2848 1001 2928 posito
1025 2847 1114 2913 ruodo
1131 2852 1262 2928 praetor
1284 2851 1392 2912 urutro
1600 2873 1628 2911 so

424 2952 490 3016 204
581 2953 790 3035 Puseebutque
812 2975 887 3019 suus
909 2957 976 3036 ipse
998 2961 1122 3019 scrutor
1143 2975 1228 3019 oues·

425 3058 490 3124 205
537 3060 603 3124 Nec
619 3061 733 3141 pudor.
749 3063 786 3124 iu
808 3061 926 3143 stipulo
946 3062 1109 3143 pluciduru
1133 3064 1246 3142 cepisse
1268 3063 1397 3142 quietern

580 3167 627 3230 Er
647 3169 777 3248 fueuuuu
800 3171 903 3250 cupiti·
920 3170 1118 3250 supposuisse
1137 3170 1209 3249 fuit.

426 3272 491 3338 209
537 3275 584 3338 At
599 3281 767 3356 postquam
789 3277 920 3356 fortuuu
943 3277 1002 3340 loci
1023 3281 1118 3358 caput
1139 3276 1249 3340 extulit
1269 3277 1364 3340 liuius
1381 3313 1425 3321 —

354 3380 404 3445 De
429 3381 554 3466 origine
577 3381 650 3445 vitii
673 3381 756 3446 nihil
779 3377 928 3447 dicimus:
957 3384 991 3445 in
1020 3404 1083 3465 (1111
1106 3403 1140 3446 re
1164 3387 1297 3466 apparet
1319 3382 1437 3446 bonam
1462 3386 1587 3466 partem
1659 3375 1662 3379 ’

354 3489 443 3552 casui
472 3491 504 3576 et
532 3487 632 3552 errori
661 3489 775 3570 tribui,
803 3512 868 3573 quo
896 3496 1010 3553 uotum
1038 3492 1089 3553 est
1116 3489 1150 3552 in
1173 3489 1344 3554 Fastorum
1372 3489 1464 3553 libris
1492 3510 1588 3572 saepe

353 3596 451 3658 etiam
472 3595 616 3681 singulos
635 3618 746 3660 versus
765 3595 964 3661 intercidisse
984 3595 1039 3679 (cf.
1058 3619 1088 3679 p.
1108 3593 1175 3682 98).
1213 3595 1283 3672 Quo
1307 3596 1401 3660 initio
1426 3597 1453 3660 si
1476 3616 1588 3658 versus

354 3703 494 3766 omissus
508 3701 543 3765 in
557 3703 702 3788 margine
717 3724 783 3766 non
798 3723 855 3766 suo
870 3702 942 3766 loco
958 3703 1120 3786 repositus
1136 3707 1213 3786 erat,
1227 3705 1261 3767 in
1276 3704 1336 3767 hac
1349 3703 1527 3767 necessaria
1541 3701 1588 3764 vi·
1623 3732 1625 3739 1

350 3807 544 3877 ’0111100100
564 3813 739 3874 metrorum
758 3811 883 3893 reliqua
901 3809 995 3874 facile
1010 3810 1235 3893 sequebantur.
1268 3809 1307 3872 In
1320 3809 1588 3892 interpunctione,

354 3937 437 4000 quae
461 3915 559 4002 vulgo
578 3917 613 3979 in
631 3915 682 3981 his
701 3916 846 3980 versibus
865 3939 978 4000 parum
998 3919 1151 4000 11111011,
1175 3916 1261 4001 quod
1280 3917 1479 3999 novavimus‚
1501 3915 1586 3978 vide·
1601 3940 1631 3979 so

353 4024 450 4086 batur
481 4023 552 4107 ipsa
585 4025 816 4088 sententiarum
849 4025 973 4088 ratione
1007 4028 1039 4086 et
1070 4023 1219 4087 iunctura
1251 4022 1341 4106 posci
1375 4043 1411 4086 10
1447 4021 1587 4107 probari.

354 4129 420 4194 Son
441 4153 480 4194 m.
500 4129 607 4215 Aprili
626 4155 652 4195 a.
672 4148 959 4195 nnoccnxxxxur.
