3967 5725
393 656 460 719 454
586 659 657 709 LVI.
676 658 790 709 INDEX
811 655 1025 710 LECTIONUM
1043 658 1286 710 HIBERNARUM
1306 656 1439 727 1902l03.

392 818 509 883 similis
532 819 718 902 sententiae,
742 840 838 902 quem
862 817 1007 884 aNonio
1027 843 1057 904 p.
1079 819 1152 903 146,
1171 819 1214 884 30
1237 819 1371 884 allatum
1395 841 1494 904 supra
1511 843 1542 904 p.
1560 819 1628 885 450

392 927 610 1010 apposuimus.
652 924 753 1002 Quem
785 926 849 990 iam
883 926 1134 1011 disceptabimus
1167 927 1287 1010 paucis.
1329 926 1380 991 Ex
1406 924 1501 991 Accii
1527 927 1628 1012 igitur

391 1031 679 1120 Agamemnonidis
702 1032 781 1098 haec
803 1033 993 1100 afferuntur:
1016 1034 1205 1098 inimicitias
1227 1032 1455 1115 Pelopidarum
1477 1035 1628 1100 eatiaaas

391 1141 459 1204 iam
481 1145 572 1221 atque
594 1140 784 1206 oblitteratas
806 1142 958 1205 maneria
979 1161 1136 1206 reaooara.
1169 1139 1313 1216 Quorum
1336 1141 1495 1204 sententia
1517 1145 1628 1225 aperta

392 1250 441 1311 est
467 1267 572 1330 neque
600 1245 654 1311 hic
682 1247 811 1330 quidem
835 1247 1063 1328 Pelopidarum
1085 1247 1274 1312 inimicitiae
1297 1268 1378 1330 quae
1401 1247 1549 1312 dicantur
1571 1248 1628 1313 ob·

392 1375 530 1419 semum.
568 1351 608 1417 In
634 1354 742 1418 verbis
769 1353 882 1418 haeret
909 1353 1033 1437 aliquid
1057 1353 1268 1419 dubitationis
1292 1357 1426 1438 propter
1447 1353 1627 1439 discrepan-

391 1459 471 1523 tiam
498 1459 669 1524 librorum:
697 1482 772 1524 nam
799 1461 962 1525 siveram
985 1463 1048 1543 est,
1077 1461 1164 1545 quod
1188 1464 1348 1526 testantur
1371 1460 1466 1546 docti,
1489 1461 1525 1526 in
1546 1461 1626 1526 Har·

389 1565 496 1630 leiano
525 1567 634 1632 codice
661 1566 766 1651 prima
793 1589 892 1632 manu
920 1571 1085 1633 exaratum
1113 1568 1294 1650 essequod
1317 1589 1415 1652 supra
1438 1569 1663 1652 scripsimus8

391 1674 543 1738 aatiootas
570 1675 636 1738 iam
663 1680 754 1755 atque
780 1674 982 1754 oblitteratas,
1010 1696 1077 1739 non
1099 1673 1210 1740 licebit
1232 1696 1302 1739 eam
1326 1674 1551 1741 auctoritatem
1573 1696 1627 1740 ne·

352 1806 378 1847 10
391 1780 524 1865 gligere,
547 1780 603 1845 sed
624 1783 734 1845 tamen
752 1783 870 1846 mirum
888 1785 945 1865 est,
970 1803 1043 1846 oum
1061 1781 1140 1847 haec
1159 1780 1337 1865 probabilis
1356 1781 1516 1865 scriptura
1535 1785 1626 1868 esset,

391 1887 575 1952 correctrioi
602 1910 700 1951 manu
728 1887 763 1952 in
791 1887 901 1953 eodem
931 1888 1039 1953 codice
1067 1888 1216 1953 effectum
1240 1911 1309 1954 esse
1332 1890 1466 1953 extincta
1489 1894 1555 1954 tam
1577 1889 1627 1953 ob-

390 1995 556 2073 litteratas,
585 1994 672 2078 quod
699 1995 806 2079 ipsum
834 1995 911 2060 ferri
938 2017 1004 2059 non
1032 1999 1148 2079 potest.
1186 1993 1250 2059 Sed
1271 1998 1321 2060 est
1343 1995 1424 2060 haec
1447 1999 1626 2060 ceterorum

391 2099 605 2188 scriptura*),
628 2103 680 2166 cui
703 2103 732 2167 si
755 2102 834 2186 quid
857 2102 1063 2167 tribuendum
1087 2102 1140 2186 sit,
1162 2101 1310 2167 malimus
1335 2123 1408 2166 cum
1432 2100 1625 2178 Quicherato

390 2208 530 2273 scribere
550 2211 845 2275 maiesataam
864 2209 934 2289 obl,
958 2211 1035 2293 quia
1054 2211 1120 2274 iam
1138 2230 1205 2273 non
1222 2209 1329 2274 minus
1349 2212 1432 2294 apte,
1456 2208 1511 2273 sed
1528 2207 1627 2292 paulo

390 2314 527 2381 fortasse
550 2317 657 2400 aptius
681 2338 755 2381 cum
778 2316 968 2382 oblitteratas
991 2339 1087 2399 quam
1110 2337 1182 2381 cum
1201 2317 1351 2382 eatimotos
1371 2314 1626 2402 coniungitur*).

390 2421 454 2486 Sed
480 2422 655 2487 Harleiano
688 2423 792 2488 codici
825 2424 852 2488 si
884 2423 963 2488 fidas
992 2426 1054 2506 est,
1087 2422 1176 2487 illam
1208 2423 1401 2507 scripturam
1432 2423 1625 2514 retineamus

351 2604 353 2607 ¹
390 2534 527 2612 oportet.
565 2526 714 2594 Ceterum
737 2530 776 2593 de
799 2550 837 2595 ea
859 2553 893 2594 re
916 2533 991 2594 utut
1014 2529 1184 2614 iudicatur,
1206 2529 1247 2593 ad
1270 2532 1373 2594 totam
1396 2529 1533 2594 formam
1557 2551 1626 2595 ora-

388 2636 488 2700 tionis
507 2640 563 2700 aut
581 2636 759 2700 sententiae
777 2635 860 2699 nihil
879 2636 953 2701 inde
972 2637 1193 2722 ambiguitatis
1212 2636 1390 2701 redundare
1408 2640 1553 2720 apertum
1567 2642 1624 2703 est.

390 2741 454 2808 Sed
476 2743 574 2807 verba
595 2740 688 2807 Accii
711 2742 849 2807 editores
872 2741 973 2809 Nonii
997 2746 1029 2806 et
1048 2742 1246 2811 Ribbeckius
1270 2742 1349 2808 duce
1368 2742 1486 2808 Vossio
1507 2744 1541 2807 in
1560 2746 1624 2808 tres

349 2876 376 2915 ro
390 2872 500 2916 versus
525 2849 763 2916 distribuendos
788 2849 960 2915 duxerunt:

876 2959 1065 3024 inimicitias
1088 2958 1280 3041 Pelopidam

521 3065 690 3130 Eattoctos
713 3066 779 3129 iam
802 3071 893 3147 otqae
916 3066 1106 3131 oblitteratas
1128 3067 1280 3131 memorio

521 3170 692 3237 Rmooclro.

387 3277 428 3344 In
451 3279 567 3363 quibus
590 3279 745 3343 trimetris
768 3279 852 3343 nihil
875 3283 924 3344 est
947 3280 1035 3362 quod
1057 3279 1149 3344 valde
1168 3281 1377 3363 vituperetur,
1401 3281 1458 3345 sed
1477 3284 1623 3346 constare

387 3407 454 3451 non
474 3389 624 3470 poterant
641 3387 705 3450 nisi
724 3386 952 3469 Pelopidamm
969 3387 1100 3452 nomine
1119 3388 1154 3451 in
1172 3388 1306 3452 alteram
1324 3387 1463 3453 formam
1482 3388 1623 3474 genetivi

389 3496 523 3558 mutato.
542 3491 636 3568 Quod
651 3514 706 3558 cur
720 3493 934 3578 improbabile
948 3492 1131 3558 habendum
1147 3495 1190 3558 sit
1204 3516 1301 3577 supra
1316 3518 1346 3579 p.
1361 3493 1427 3559 450
1441 3496 1623 3579 expositum

388 3603 446 3664 ast.
484 3599 711 3682 Perpernam
730 3606 838 3666 autem
856 3600 884 3667 si
903 3622 1076 3685 servamus,
1099 3600 1287 3685 quadratio
1307 3602 1429 3687 suadet,
1448 3605 1555 3666 actum
1574 3608 1624 3668 est

389 3705 427 3770 de
446 3705 512 3770 illis
529 3707 676 3771 versibus
695 3710 728 3772 et
747 3712 997 3773 consentaneum
1016 3710 1067 3773 est
1085 3707 1195 3772 conari
1213 3729 1272 3772 nos
1292 3712 1405 3792 poetae
1420 3709 1507 3773 aliud
1522 3732 1622 3795 genus

388 3817 565 3878 metrorum
588 3814 728 3878 reddere.
764 3812 802 3878 Id
825 3814 1342 3901 quodnullonegotioefficitur‚
1365 3816 1541 3899 siquidem
1566 3839 1623 3882 sua

347 3947 374 3987 so
388 3924 504 4004 sponte
525 3919 604 3985 haec
625 3920 733 4004 verba,
755 3942 821 3985 non
840 3925 952 3986 coacta
969 3921 1081 3985 critico
1100 3922 1191 3986 iussu
1209 3923 1408 3987 mensionem
1425 3923 1623 3989 trochaicam

389 4026 497 4090 subire
519 4026 724 4092 manifestum
748 4030 805 4111 est,
829 4028 896 4092 sive
917 4028 980 4092 hoc
999 4028 1095 4092 modo
1114 4030 1151 4092 ut
1169 4028 1331 4114 integrum
1351 4030 1551 4095 octonarium
1570 4052 1623 4095 ex·

388 4132 509 4216 cipiant
531 4134 657 4218 reliqua

521 4216 716 4306 I'aimiortias
738 4240 970 4324 Pelopidarum
992 4245 1144 4307 extimam
1166 4243 1233 4306 iam
1256 4248 1347 4324 atque
1370 4244 1560 4310 oblitteratas

522 4347 682 4413 Metaoria
703 4368 852 4415 renovare

476 4559 539 4628 *13)
558 4559 600 4611 Ex
623 4564 653 4615 tri
674 4562 774 4613 natum
796 4577 883 4616 coma
902 4560 1047 4616 Urbinatis
1072 4560 1191 4629 codicis,
1215 4576 1249 4615 cx
1272 4578 1327 4629 quo
1350 4560 1423 4615 nihil
1443 4560 1621 4616 efficiendum

387 4649 457 4701 erat.
489 4647 634 4701 Mirabilia
652 4652 719 4703 sunt
736 4665 810 4717 quae
828 4648 1001 4703 Ribbeckius
1021 4649 1115 4704 coroll.
1131 4666 1200 4703 com.
1216 4668 1298 4704 nxxrv
1317 4649 1422 4705 scribit.

476 4736 539 4805 ⁸1⁶)
558 4735 599 4790 cf.
614 4736 709 4792 Cicero
723 4737 754 4791 in
768 4738 845 4793 Verr.
860 4758 906 4792 111
920 4744 964 4807 21,
978 4743 1013 4792 56
1031 4756 1065 4793 me
1079 4740 1145 4794 baec
1158 4740 1280 4808 caspiam
1294 4740 1378 4793 mimis
1392 4740 1510 4808 oatiqaa
1523 4746 1550 4794 et
1563 4740 1620 4793 iam

387 4825 505 4879 obsoleta
527 4825 679 4880 rideantur.
712 4826 801 4881 Varro
821 4827 856 4883 de
874 4827 892 4882 l.
907 4827 937 4882 L.
951 4846 980 4881 1x
996 4832 1029 4881 16
1052 4828 1092 4883 sic
1114 4830 1187 4883 mim
1210 4828 1370 4883 obsolesomt
1393 4844 1426 4882 aa
1443 4834 1541 4897 postca
1563 4828 1621 4882 iam

386 4912 543 4969 oblitterata
561 4913 675 4979 facilius
693 4917 795 4987 corripi
807 4923 946 4986 poterunt.
