3967 5725
806 628 858 677 DE
876 626 996 677 ovmn
1012 626 1145 678 rasus.

430 790 494 853 201
544 789 978 871 commemorem
1000 794 1046 853 est
1064 789 1289 869 oioprorimc
1312 790 1403 853 icaro:

586 894 1391 978 Ireprrbancnoli,quioqsises:omeatobet,

358 1004 572 1090 intelligimus
594 1006 724 1087 poetam
747 1002 808 1067 hac
830 1002 939 1085 lepida
956 1001 1072 1080 forma,
1094 1023 1168 1067 cum
1188 1002 1296 1066 nescio
1314 1023 1412 1085 quem
1430 1003 1523 1085 quasi
1540 1025 1601 1086 per

359 1132 542 1175 sermonem
565 1111 721 1195 appellat,
748 1110 834 1173 riam
857 1110 951 1172 istam
976 1129 1059 1192 quae
1081 1108 1195 1173 dextro
1218 1109 1293 1173 iano
1315 1114 1428 1192 portae
1452 1107 1600 1174 Carmen·

359 1218 435 1283 talis
459 1218 556 1282 ducat
579 1217 760 1281 describere
782 1216 823 1279 ab
847 1238 948 1299 eaque
971 1216 1026 1280 via
1047 1215 1187 1280 ineunda
1209 1217 1330 1300 quippe
1352 1217 1438 1280 male
1455 1218 1600 1281 ominata

352 1325 525 1390 dehortari
556 1322 649 1388 velle.
696 1321 759 1387 Sed
790 1325 854 1387 iam
882 1323 1066 1407 quaerimus
1093 1322 1173 1405 quid
1200 1320 1318 1387 Ovidio
1345 1322 1475 1388 consilii
1501 1323 1601 1389 fuerit

359 1432 440 1496 haec
462 1431 651 1517 exponenti,
674 1432 730 1514 qui
753 1430 812 1494 bas
835 1452 886 1494 res
910 1429 1061 1494 videficet
1081 1452 1149 1494 non
1170 1430 1259 1513 ipsas
1282 1434 1396 1513 suapte
1418 1449 1514 1495 causa
1535 1434 1600 1493 ret·

358 1538 474 1603 tulisse
496 1537 676 1603 censendus
699 1542 756 1601 est
797 1537 843 1601 Et
864 1541 984 1619 tamen,
1008 1537 1037 1623 si
1059 1559 1180 1620 revera,
1202 1536 1474 1619 quemadmodum
1497 1540 1548 1601 est
1565 1538 1601 1600 in

360 1644 450 1709 Petri
473 1646 661 1727 exemplari,
683 1644 745 1709 boc
768 1644 933 1708 distichon
955 1643 1179 1726 excipiebatur
1199 1644 1240 1707 ab
1264 1644 1322 1708 illo
1344 1665 1440 1708 versu

349 1772 352 1777 ¹
433 1752 500 1816 205
552 1752 594 1818 Ut
615 1752 707 1817 celeri
721 1772 822 1833 possa
847 1750 1028 1816 0111111111
1050 1753 1174 1833 1119111
1194 1771 1354 1832 rapacem,
1615 1778 1642 1818 11

360 1859 483 1923 frustra
506 1860 757 1943 circumspicias,
780 1857 860 1941 quid
881 1859 1021 1922 moverit
1044 1880 1133 1940 eum,
1154 1862 1193 1921 ut
1213 1862 1342 1942 portam
1366 1856 1601 1923 Carmentalem

361 1965 415 2029 vel
446 1967 533 2031 viam
565 1968 660 2030 istam
690 1988 788 2049 quam
816 1965 970 2029 describit
996 1969 1110 2049 portae
1138 1962 1350 2029 Carmentalis
1377 1964 1456 2029 mali
1482 1966 1601 2029 ominis

361 2094 433 2137 esse
465 2077 498 2137 et
529 2073 692 2137 vitandam
725 2072 854 2146 diceret.
901 2070 936 2136 Si
967 2071 1031 2137 hoc
1063 2070 1195 2136 volebat
1225 2069 1361 2136 Ovidius
1392 2070 1480 2155 quod
1506 2070 1601 2135 Livio

361 2182 493 2245 auctore
517 2178 700 2265 constabat,
726 2178 845 2243 Fabios
868 2178 925 2241 illa
947 2179 1001 2243 ria
1023 2178 1154 2262 exiisse,
1180 2180 1266 2243 certe
1288 2176 1384 2264 bor(
1410 2175 1452 2265 ')
1474 2177 1603 2243 111011-

361 2308 483 2351 meram
510 2289 633 2370 11119111
659 2287 822 2351 dicturum
850 2286 950 2350 brisso
973 2286 1085 2351 credas
1107 2282 1318 2372 (cf.11393),
1345 2306 1541 2369 quamquam
1564 2288 1603 2348 ut

361 2416 476 2458 verum
507 2394 666 2459 fateamur
696 2415 736 2457 ne
764 2416 801 2459 eo
831 2392 961 2478 quidem
990 2392 1183 2457 desiderium
1209 2393 1347 2478 legentis
1374 2393 1452 2457 satis
1479 2393 1603 2475 expleri

363 2500 582 2565 concedimus:
610 2522 697 2565 nunc
724 2502 808 2565 nibil
835 2505 898 2585 est,
926 2521 991 2583 quo
1019 2505 1134 2584 portae
1161 2497 1339 2565 Carmentis
1367 2499 1489 2565 mentio
1516 2500 1603 2563 facta

363 2629 437 2671 cum
461 2610 509 2673 rei
527 2612 636 2693 gestae
655 2608 857 2693 expositione
876 2610 1087 2672 connectatur
1104 2629 1208 2691 neque
1228 2605 1379 2672 credibile
1397 2628 1467 2670 esse
1485 2606 1601 2670 aiimus

363 2718 429 2779 tam
459 2716 597 2780 laceram
625 2719 659 2779 et
685 2716 900 2799 interruptam
929 2714 1081 2778 namandi
1108 2716 1223 2779 seriem
1251 2716 1410 2800 integram
1432 2716 1466 2778 et
1488 2737 1507 2778 1
1528 2713 1602 2778 dex·

364 2822 499 2887 terrimo
522 2827 619 2907 poeta
638 2823 690 2887 cui
709 2823 818 2887 omnia
836 2844 894 2887 suo
913 2826 1027 2888 tenore
1045 2822 1145 2887 fluere
1162 2823 1269 2887 solent
1287 2819 1465 2907 profectam
1484 2818 1601 2908 esse*).
1616 2842 1643 2892 11

365 2928 453 3005 Quae
481 2929 557 2994 dum
585 2931 740 2994 miramur
770 2930 896 2995 erudito
925 2930 1043 2994 editori
1067 2929 1198 3013 probari
1219 2929 1379 3012 potuisse,
1407 2928 1602 2993 advertimus

366 3034 406 3100 ab
435 3058 473 3101 eo
502 3037 583 3100 duos
611 3058 723 3101 versus
751 3037 808 3120 qui
836 3037 883 3101 ibi
907 3037 1005 3123 vulgo
1028 3035 1220 3122 legebantur
1244 3057 1302 3100 suo
1325 3036 1483 3100 arbitratu
1506 3036 1603 3100 inter-

365 3146 477 3226 ceptos
501 3165 577 3208 esse.
623 3142 709 3208 Nam
737 3144 833 3228 plena
857 3144 961 3208 oratio
984 3144 1019 3208 in
1042 3145 1163 3208 maiore
1188 3143 1316 3226 quidem
1340 3147 1432 3226 parte
1456 3141 1602 3208 codicum

364 3254 491 3315 servato
513 3254 547 3315 et
570 3251 748 3334 antiquitus
772 3251 906 3337 vulgata
928 3249 1008 3316 baec
1031 3255 1080 3315 est

438 3357 501 3421 201
553 3356 731 3422 Carmentis
746 3365 860 3440 portae
882 3359 988 3423 dextro
1012 3364 1057 3422 111
1078 3359 1132 3422 rio
1148 3360 1300 3440 proximo
1322 3360 1415 3422 ioue:

592 3465 646 3529 Ire
662 3486 722 3546 per
744 3464 826 3528 11111
846 3465 929 3544 noli,
951 3466 1093 3546 quisqam
1116 3486 1164 3530 es:
1187 3486 1276 3530 omen
1298 3465 1396 3530 babet

438 3570 504 3634 203
550 3569 610 3636 1111
632 3571 718 3636 fame
741 3571 840 3636 refert
862 3569 981 3636 Fabios
1005 3573 1108 3637 exisse
1131 3576 1301 3639 trecentos

591 3679 690 3744 Porta
712 3681 806 3761 vacat
829 3679 937 3761 culpa,
960 3680 1017 3743 sed
1040 3683 1149 3744 tamen
1172 3701 1267 3744 omen
1288 3679 1394 3744 hebet.

553 3786 593 3852 m
615 3786 705 3850 celeri
721 3806 823 3868 possm
848 3784 1027 3851 Cremeram
1051 3788 1173 3869 11119111
1194 3806 1339 3867 raperere
1364 3790 1422 3850 111.

365 3891 410 3956 Et
434 3894 506 3975 quis
529 3914 596 3957 non
620 3893 718 3956 sentit
740 3892 792 3957 his
816 3891 933 3956 additis
957 3893 1103 3957 versibus
1126 3893 1231 3958 lucem
1250 3915 1289 3957 ex
1312 3892 1454 3958 tenebris
1476 3892 1601 3977 fulgere
1615 3923 1642 3964 ³0

366 4003 398 4063 et
422 4021 461 4063 ex
484 3999 597 4064 insana
619 4000 744 4064 ratione
767 4001 831 4063 iam
855 4000 996 4083 prudens
1020 4002 1160 4064 auctoris
1185 3999 1356 4065 eonsilium
1374 4004 1492 4084 patere,
1524 3995 1601 4062 Non

311 4121 352 4179 14
365 4106 431 4170 iam
454 4127 547 4171 veros
571 4128 640 4171 1111
663 4105 723 4170 hos
744 4108 823 4171 duos
843 4128 953 4170 versus
973 4106 1119 4191 dicimus,
1143 4107 1197 4171 sed
1216 4106 1297 4170 illud
1315 4083 1522 4190 affirmamus,
1544 4127 1602 4189 po-

365 4212 468 4277 tuisse
495 4213 641 4297 exemplo
670 4235 753 4297 esse,
782 4236 846 4297 quo
875 4213 971 4278 modo
1001 4212 1600 4298 1111111111111111111111111111

365 4320 516 4404 potuerit
559 4319 646 4397 Quos
674 4343 784 4385 versus
814 4320 869 4403 qui
894 4321 1021 4404 spurios
1044 4342 1111 4386 esse
1136 4320 1198 4383 sibi
1222 4322 1458 4403 persuaserant,
1487 4319 1600 4383 saltem

365 4425 506 4490 indicare
533 4426 658 4491 hiatum
686 4427 860 4511 debebant,
888 4450 952 4512 quo
980 4427 1072 4491 hiatu
1100 4425 1215 4491 similis
1239 4429 1415 4491 sententiae
1439 4425 1602 4491 distichon

366 4531 517 4598 haustum
546 4537 637 4598 esset.
678 4531 829 4617 Namque
858 4534 937 4598 haec
960 4539 1009 4599 est
1032 4533 1138 4598 Ovidii
1162 4533 1359 4598 consuetudo
1383 4537 1419 4597 ut
1442 4556 1461 4596 1
1484 4533 1601 4598 descri-

456 4707 522 4778 ³²20)
540 4707 606 4762 Non
624 4708 763 4763 nescimus
778 4709 891 4762 Petrum
912 4688 968 4762 ¹non
987 4709 1028 4762 ita
1046 4725 1109 4763 roro
1129 4709 1159 4762 in
1176 4709 1221 4762 his
1239 4709 1320 4763 libris
1338 4711 1440 4779 poetae
1454 4705 1601 4777 negligen-

366 4796 438 4851 tiam
460 4797 611 4853 incurasse.
645 4798 722 4864 Quae
747 4799 814 4851 dum
838 4797 990 4868 diligenter
1012 4802 1045 4853 nt
1068 4815 1120 4868 par
1142 4799 1198 4852 fuit
1219 4799 1411 4870 exsequimur,
1434 4795 1601 4848 videbamur

365 4885 448 4940 nobis
467 4886 581 4954 quidem
600 4903 811 4954 nonnumquam
829 4885 999 4958 intelligere,
1018 4905 1073 4942 non
1093 4889 1197 4942 iustam
1216 4905 1277 4943 esse
1295 4884 1552 4956 reprehensionem.
