3967 5725
406 630 472 696 306
571 638 696 689 XLVIII.
715 639 830 689 INDEX
849 639 1063 691 LEOTIONUM
1081 640 1324 694 HIBERNARUM
1344 644 1475 714 lesssss.

406 797 503 884 (nihil
522 801 590 864 erat
609 801 694 865 enim
713 799 902 885 simplicius,
925 803 1015 866 velut
1033 803 1178 886 ἀφιπτοι
1198 802 1275 868 dicit
1295 804 1327 869 ol
1346 803 1488 888 ἀπείρως
1507 803 1643 891 ἔχοντες

405 905 564 995 ἱππικῆς),
583 908 639 972 sed
656 907 858 992 probabilius
876 930 945 974 esse
964 910 1099 994 ἄπειρος
1118 910 1152 973 in
1171 909 1242 974 istis
1257 911 1505 994 interpretandis
1520 913 1638 1000 glossis

404 1015 560 1098 posuisse,
579 1015 736 1099 quiahoc
754 1015 860 1099 ipsum
878 1038 998 1081 nomen
1017 1017 1051 1080 in
1070 1038 1164 1081 versu
1183 1015 1344 1082 Ranarum
1364 1017 1494 1104 legerat.
1532 1020 1638 1097 Quare

403 1120 558 1205 Hesychii
584 1122 710 1208 glossae
734 1123 761 1186 si
785 1122 863 1207 quid
886 1123 1091 1188 tribuendum
1116 1124 1168 1206 sit,
1192 1123 1386 1189 stabilivisse
1409 1127 1518 1210 potius
1543 1127 1638 1193 istam

403 1250 515 1294 vocem
542 1229 696 1294 videatur.
738 1228 802 1295 Sed
828 1230 956 1295 omissis
979 1229 1031 1295 his
1054 1230 1150 1316 nugis
1173 1229 1388 1314 Hesychianis
1412 1233 1441 1297 si
1464 1236 1639 1320 quaeritur,

404 1336 481 1420 quid
505 1338 549 1401 sit
572 1335 659 1421 quod
684 1339 819 1420 ἄπειρος
842 1338 962 1402 criticis
980 1359 1047 1402 non
1066 1339 1123 1401 uni
1142 1337 1198 1401 sed
1216 1337 1363 1421 pluribus
1382 1340 1583 1425 improbetur
1601 1347 1638 1407 ut

402 1465 462 1526 pro
496 1444 607 1530 spurio
636 1448 692 1508 aut
721 1444 893 1528 depravato
922 1445 1075 1528 habeant,
1108 1444 1185 1528 quid
1217 1445 1503 1529 respondebimus?
1545 1447 1637 1535 Quid,

401 1551 465 1616 nisi
492 1551 627 1641 mirifice
654 1551 754 1616 videri
783 1551 896 1618 doctos
924 1553 1079 1616 alucinari
1108 1551 1195 1636 quod
1224 1574 1289 1616 non
1316 1551 1427 1616 vident
1454 1553 1634 1639 Dionysum
1652 1567 1692 1622 15

402 1680 474 1722 cum
497 1658 660 1723 iuberetur
683 1659 780 1723 remis
805 1681 909 1746 agere,
932 1659 973 1724 od
997 1660 1041 1744 μὴ
1065 1662 1269 1743 φλυαρήσεις
1291 1655 1377 1743 ἔχων
1400 1657 1472 1726 ἀλλ’
1500 1660 1637 1745 ἀντιβὰς

361 1786 388 1827 ιο
402 1763 490 1852 ἐλᾷς
513 1766 707 1850 προθύμως,
731 1765 935 1850 respondisse
958 1766 1047 1851 quod
1070 1787 1087 1829 e
1110 1787 1144 1830 re
1163 1769 1231 1830 erat
1251 1766 1319 1849 ‘qui
1336 1770 1450 1849 potero
1470 1770 1636 1855 remigare,

401 1894 474 1938 cum
498 1874 559 1938 sim
577 1872 747 1957 imperitus
766 1871 960 1960 (remigandi
979 1871 1126 1960 scilieet),
1144 1873 1242 1938 maris
1260 1873 1416 1956 narisque
1433 1873 1528 1957 plane
1547 1877 1635 1961 igna-

399 1979 489 2044 rnsl'
525 1979 611 2044 Nam
640 1980 779 2065 ἀτειρον
804 1980 930 2065 liquido
956 1985 1091 2065 apparet
1114 1984 1146 2044 et
1169 1980 1252 2046 hanc
1276 1979 1341 2044 vim
1364 1978 1481 2044 habere
1505 1978 1556 2066 (ut
1579 1982 1636 2047 ille

400 2087 479 2152 dicit
501 2089 560 2152 τὸν
583 2089 722 2172 ἀπειρον
745 2097 805 2152 τοῦ
829 2087 1011 2174 κυβερνᾶν)
1037 2092 1068 2152 et
1091 2092 1157 2152 tam
1177 2087 1362 2172 appositum
1382 2108 1450 2152 esse
1469 2087 1545 2152 huic
1565 2111 1634 2154 sen·

399 2195 534 2277 tentiae,
561 2198 598 2258 ut
626 2195 678 2258 vel
705 2217 764 2280 per
791 2218 824 2260 se
852 2195 958 2260 solum
986 2195 1171 2260 satisfacere
1198 2198 1310 2279 posset
1337 2191 1419 2280 (πῶς
1448 2196 1636 2278 δυνήσομαι

399 2300 554 2366 ἐλαύνειν
577 2302 714 2387 ἄπειρος
737 2300 809 2387 ὧν),
834 2301 911 2366 huic
935 2306 1041 2366 autem
1066 2303 1193 2388 egregie
1216 2301 1342 2366 adnecti
1366 2300 1423 2365 illa
1446 2300 1636 2368 ἀθαλάττω-

398 2431 465 2490 τος,
483 2408 710 2490 ἀσαλαμίνιος,
729 2431 810 2492 quae
828 2409 977 2495 graviora
998 2415 1081 2492 sunt,
1102 2409 1254 2492 quoniam
1271 2407 1450 2493 remigandi
1465 2408 1634 2493 imperitus

398 2537 467 2580 esse
490 2516 609 2600 possis,
637 2517 764 2580 etiamsi
787 2517 884 2579 maris
907 2516 1063 2599 navisque
1086 2517 1218 2600 ignarus
1241 2536 1307 2578 non
1330 2512 1421 2599 sis*).
1458 2513 1546 2580 Haec
1569 2517 1633 2580 tria

397 2644 473 2687 vero
492 2625 612 2706 pariter
630 2644 669 2686 ex
689 2621 784 2706 alpha
804 2623 963 2706 privativo
982 2622 1121 2687 formata
1139 2623 1218 2687 scite
1237 2643 1334 2685 unam
1350 2623 1465 2686 seriem
1479 2622 1634 2702 efficiunt,

396 2729 492 2812 plane
516 2729 554 2792 dc
578 2751 668 2794 more
691 2750 756 2812 quo
780 2733 876 2812 poeta
898 2730 950 2793 vel
972 2731 1007 2793 in
1030 2729 1091 2793 hac
1114 2728 1223 2793 fabula
1246 2727 1360 2794 scribit
1382 2727 1477 2815 (838)

355 2856 383 2897 so
612 2832 724 2919 ἔχοντ’
747 2835 908 2920 ἀχάλινον
931 2833 1069 2920 ἀκρατὲς
1092 2835 1272 2920 ἀθύρωτον
1295 2837 1407 2919 στόμα.

397 2942 485 3019 Quae
509 2944 565 3026 qui
588 2945 770 3022 contulerit,
794 2942 965 3029 intelliget,
988 2949 1109 3028 quanto
1134 2932 1230 3028 opere
1253 2943 1303 3008 illi
1325 2944 1433 3009 versui
1457 2944 1633 3030 offecerint,

395 3051 453 3133 qui
480 3072 539 3135 pro
568 3051 702 3136 ἄπειρος
730 3072 884 3136 reponere
913 3055 970 3115 aut
992 3050 1046 3116 ἀεί
1066 3076 1116 3128 τις
1141 3056 1196 3115 ant
1219 3051 1351 3135 ἀγρεῖος
1374 3051 1517 3115 animum
1540 3052 1632 3116 indu·

394 3159 508 3223 xerint.
544 3158 614 3224 Nos
643 3158 838 3224 admiramur
864 3162 992 3243 poetam
1022 3162 1143 3242 quanto
1173 3158 1285 3225 seitius
1312 3159 1489 3223 orationem
1512 3158 1631 3223 forma-

394 3266 478 3329 verit
509 3287 605 3349 quam
638 3265 796 3352 philologi
830 3267 888 3349 qui
916 3287 997 3350 quae
1026 3266 1155 3349 fingrmt
1182 3264 1370 3349 plerumque
1397 3266 1543 3349 impediti
1570 3288 1630 3331 nec

393 3374 473 3437 satis
500 3371 603 3437 libero
632 3375 740 3438 animo
768 3374 865 3438 nimis
893 3394 987 3457 saepe
1013 3394 1079 3437 non
1102 3372 1245 3437 sentiunt
1267 3375 1397 3455 poetam
1420 3392 1485 3434 non
1510 3373 1629 3437 decere.

483 3479 532 3544 De
554 3478 718 3563 Hesychio
742 3480 883 3545 diximus
911 3484 943 3544 ct
967 3478 1113 3564 exemplo
1137 3478 1316 3563 patefacere
1341 3477 1523 3543 studuimus
1547 3502 1631 3564 quae

393 3585 519 3651 cautela
541 3591 625 3651 esset
647 3588 683 3651 in
705 3586 823 3673 glossis
847 3588 916 3651 eins
939 3587 980 3651 ad
1004 3587 1197 3670 scriptorum
1216 3585 1473 3650 emendationem
1490 3585 1629 3651 referen-

392 3694 449 3758 dis.
488 3692 551 3758 Sed
577 3694 658 3759 haec
684 3715 735 3758 res
763 3717 828 3759 non
852 3694 948 3758 unius
971 3697 1021 3757 est
1043 3691 1213 3776 Hesychii,
1241 3713 1352 3757 verum
1376 3692 1476 3776 serpit
1498 3693 1630 3779 longius

391 3806 424 3865 et
447 3800 487 3866 ad
509 3800 619 3886 plures
643 3802 871 3886 grammaticos
890 3801 1040 3885 pertinet,
1064 3822 1201 3884 quorum
1220 3798 1414 3864 testimoniis
1434 3800 1547 3864 confisi
1567 3798 1628 3864 Co·

350 3928 377 3968 ιο
391 3908 484 3973 hetus
512 3908 661 3993 inprimis
685 3912 718 3972 et
740 3911 816 3993 post
838 3930 911 3971 eum
935 3906 991 3972 alii
1013 3908 1117 3972 multa
1139 3909 1173 3971 in
1197 3906 1307 3971 multis
1331 3906 1542 3990 scriptoribus
1565 3930 1626 3972 suo

391 4016 547 4080 arbitratu
579 4016 728 4081 novanda
760 4014 927 4079 duxerunt.
968 4012 1038 4079 Nos
1072 4014 1110 4078 de
1138 4012 1354 4097 Aristophane
1382 4012 1559 4098 loquimur,
1592 4020 1626 4079 et

390 4121 528 4207 exempli
560 4143 657 4187 causa
683 4144 783 4187 unum
811 4122 908 4186 etiam
935 4122 1043 4187 locum
1071 4142 1302 4205 proponemus,
1335 4122 1425 4184 cuius
1453 4120 1625 4207 integritas

389 4230 490 4313 probe
518 4229 724 4313 expendenda
752 4230 835 4293 alius
863 4229 1065 4313 grammatici
1093 4228 1155 4292 fide
1184 4229 1374 4293 continetur.
1417 4226 1501 4292 Sunt
1527 4229 1627 4292 verba

388 4335 543 4419 Aeschyli
565 4337 599 4401 in
623 4335 831 4400 Ranis1083

692 4435 763 4529 κᾷτ’
790 4442 826 4508 ἐκ
849 4444 977 4509 τούτων
1001 4443 1020 4526 ἡ
1045 4447 1140 4521 πόλις
1164 4444 1256 4527 ἡμῶν

692 4550 978 4635 ὑπογραμματέων
1002 4550 1217 4633 ἀνεμεστώθη

477 4708 540 4777 *17)
559 4706 600 4761 Ex
624 4707 659 4761 iis
678 4724 751 4776 quae
774 4708 875 4762 mulier
899 4708 968 4763 dicit
991 4708 1020 4762 in
1045 4708 1149 4763 Eoelcs.
1170 4712 1202 4761 37
1228 4706 1243 4762 ὁ
1268 4707 1320 4779 γὰρ
1339 4706 1424 4775 ἀνήρ,
1449 4704 1626 4777 Σαλαμίνιος

386 4795 440 4865 γάρ
465 4796 552 4863 ἐστιν,
577 4788 721 4868 ξοξάνειμ
742 4798 808 4868 ἐγώ,
832 4796 883 4868 τὴν
902 4796 987 4871 νύχθ’
1010 4795 1076 4868 ὅλην
1096 4796 1199 4866 ἤλαυνέ
1218 4793 1248 4866 μ’
1271 4798 1301 4852 ἐν
1320 4805 1378 4860 τοῖς
1397 4798 1567 4867 στρώμασιν,
1591 4796 1623 4850 in

386 4884 574 4955 ambiguitate
592 4885 722 4956 obscena,
742 4887 777 4943 de
796 4903 861 4941 vera
878 4887 905 4940 vi
926 4887 1001 4943 vocis
1020 4904 1076 4942 non
1094 4886 1214 4941 multum
1234 4886 1360 4940 discitur.
