3967 5725
747 656 797 705 aa
815 654 1014 707 rnnocnrrr
1031 651 1180 707 mrmro
1199 656 1261 707 ΧΠ.
1610 654 1631 719 3

390 837 502 881 vocem
525 816 566 879 ad
588 816 774 881 τεύθονται
798 815 938 881 additam
962 837 1032 880 csse
1050 816 1173 901 volunt,
1195 820 1234 880 ut
1251 816 1409 901 explorati
1428 816 1513 881 tides
1531 817 1631 903 rigni·

390 922 546 988 ficeretur.
585 921 679 999 Quod
698 943 794 1006 quam
812 922 1028 988 necessarium
1046 922 1155 1007 fuerit,
1177 924 1320 987 nondum
1339 925 1531 1007 quaerimus.
1565 921 1630 989 Sed

391 1028 440 1092 illi
468 1030 615 1114 opinioni
637 1028 818 1094 Meinekius
847 1031 961 1095 sariam
983 1029 1157 1094 verborum
1181 1030 1293 1095 obesae
1315 1030 1465 1116 putabat,
1492 1051 1560 1096 non
1583 1031 1632 1095 in·

390 1135 473 1201 iuria
496 1136 633 1201 fortasse
656 1136 691 1199 in
714 1136 774 1201 hac
797 1136 1023 1223 ambiguitate,
1046 1137 1116 1220 ipse
1139 1158 1213 1202 cum
1236 1136 1391 1222 ἐτήτυμοι
1409 1137 1630 1221 reponendum

390 1243 552 1327 suaderet,
580 1242 827 1329 ἀργυραμοιβοί
849 1248 887 1307 ut
909 1246 1026 1309 erroris
1047 1246 1202 1309 immunes
1226 1243 1420 1328 dicerentur,
1447 1244 1534 1309 idem
1556 1266 1630 1310 con·

391 1350 500 1415 cilium
524 1349 579 1415 aed
603 1351 748 1416 oratione
771 1351 878 1415 minus
900 1349 1065 1434 probabili
1086 1354 1253 1416 assecutus
1272 1355 1328 1414 est.
1364 1348 1449 1416 Aliis
1467 1352 1547 1417 haec
1565 1352 1630 1417 duo

390 1461 520 1540 φαῦλος
539 1460 572 1525 et
590 1457 750 1541 ἐτήτυμος
768 1457 880 1541 inpar
899 1457 1060 1541 quoddam
1079 1458 1313 1523 contrariorum
1327 1456 1532 1544 coniuganda
1544 1460 1630 1523 ride·

390 1564 521 1649 bantur,
551 1564 606 1648 qui
635 1586 709 1630 cum
737 1564 784 1628 ita
811 1563 959 1632 scribunt
981 1565 1109 1649 χρυσὸν
1131 1562 1292 1630 πείθοντ’
1317 1563 1492 1649 ἣφαῦλος
1514 1564 1536 1649 ἣ
1558 1564 1629 1648 ἐτή-

389 1694 496 1754 τυμος
519 1674 577 1735 aut
599 1671 726 1757 χρυσὸν
749 1672 935 1737 πεύθονται
959 1676 1093 1755 φαῦλον
1115 1672 1171 1736 καί
1195 1668 1368 1754 ἐτήτυμον,
1391 1693 1451 1737 nec
1474 1672 1631 1738 orationis

389 1777 537 1843 decorem
564 1798 669 1862 neque
698 1778 888 1843 emendandi
915 1777 1180 1863 probabilitatem
1208 1779 1287 1843 satia
1310 1781 1436 1863 curant,
1464 1778 1520 1843 sed
1542 1778 1629 1862 quod
1643 1805 1670 1845 ιο

390 1885 522 1970 gravius
546 1888 604 1968 est,
628 1889 816 1969 comparant
840 1907 920 1969 quae
944 1887 978 1949 in
1002 1885 1089 1950 bunc
1111 1885 1244 1950 modum
1269 1887 1449 1969 comparari
1472 1889 1509 1950 ut
1530 1907 1630 1970 oppo

391 1995 453 2057 sita
483 1994 639 2057 sermonis
662 1993 844 2077 proprietas
867 1993 1006 2057 vetabat.
1042 1991 1189 2057 Fuerunt
1210 1993 1308 2057 etiam
1331 1993 1388 2076 qui
1410 1993 1535 2077 χρυσὸν
1558 1992 1630 2077 ἐτή-

389 2122 497 2183 τυμον
517 2098 581 2164 dici
601 2100 775 2183 crederent,
799 2103 837 2165 ut
853 2098 1017 2182 Reirkius,
1036 2100 1093 2183 qui
1112 2120 1184 2164 cum
1204 2099 1250 2163 ita
1267 2100 1497 2183 interpretatur
1514 2120 1630 2168 aarum

391 2227 509 2287 purum
532 2206 696 2287 explorant
718 2208 892 2289 ανςαιίαιτί
915 2228 954 2272 uc
975 2208 1018 2271 sit
1035 2208 1189 2284 νίίίοεανα,
1212 2210 1359 2289 apertum
1378 2211 1428 2271 est
1445 2227 1504 2271 nec
1521 2207 1629 2291 ipsum

394 2312 494 2397 fugit,
521 2312 631 2397 inepte
658 2312 692 2377 in
720 2312 782 2379 hac
811 2314 956 2378 oratione
984 2314 1028 2398 μὴ
1056 2318 1186 2395 φαῦλος
1213 2313 1311 2377 verba
1337 2312 1424 2377 addi:
1452 2313 1561 2397 itaque
1583 2314 1629 2397 μὴ

393 2424 520 2505 φαῦλοι
549 2418 794 2505 ἀργυραμοιβοί
820 2422 977 2504 scriptum
1001 2420 1103 2485 fuisse
1126 2418 1277 2504 coniecit,
1303 2441 1369 2484 non
1391 2419 1532 2502 feliciuS,
1559 2422 1629 2505 opi-

388 2548 517 2609 namur,
546 2548 642 2610 quam
671 2526 852 2591 Mainekius
880 2526 1036 2611 ἐτήτυμοι
1064 2526 1317 2611 ἀργυραμοιβοί.
1360 2524 1422 2591 Sed
1450 2526 1489 2591 ab
1517 2525 1628 2591 eadem

389 2634 542 2718 opinione
572 2633 790 2699 Buechelcrus
825 2635 989 2720 profectus
1024 2632 1164 2711 videtur3
1203 2633 1230 2698 is
1260 2634 1344 2697 enim
1374 2638 1412 2697 ut
1441 2633 1629 2698 πείθονται

389 2741 516 2823 χρυσὸν
545 2738 709 2825 ἐτήτυμον
731 2744 818 2805 recte
842 2741 906 2806 dici
924 2745 1049 2825 posset,
1077 2742 1120 2824 μὴ
1144 2745 1273 2824 φαῦλος
1295 2739 1392 2804 verba
1414 2739 1497 2804 falso
1520 2738 1630 2804 addita

389 2869 460 2911 esse
484 2848 613 2932 statrit3
637 2846 754 2931 quibus
779 2850 948 2914 summotis
970 2850 1079 2914 locum
1103 2869 1240 2913 vacuum
1264 2849 1435 2931 τρίβοντες
1456 2846 1671 2943 participioao

389 2953 556 3039 attribuit3
579 2955 612 3017 id
637 2956 723 3040 quod
747 2956 858 3020 abesse
877 2977 942 3019 non
960 2977 1057 3039 posse
1076 2954 1201 3019 cenauit
1220 2955 1262 3018 ob
1281 2976 1350 3019 cam
1370 2975 1506 3037 oausam,
1529 2954 1629 3041 baotp

388 3082 567 3144 pronomen
590 3065 627 3126 ut
649 3061 783 3127 haberet
806 3083 869 3146 quo
893 3063 1059 3126 niteretur.
1096 3060 1221 3127 Notum
1244 3065 1293 3126 est
1316 3064 1349 3125 et
1372 3060 1413 3125 ab
1437 3062 1508 3145 ipso
1532 3061 1629 3126 adno-

389 3171 478 3232 tatur
506 3171 649 3252 τρίβειν,
681 3169 900 3254 ταρατρίβειν
928 3170 963 3232 in
991 3168 1273 3235 commemoranda
1299 3167 1434 3255 βασάνῳ
1462 3189 1528 3233 non
1555 3189 1629 3232 raro

391 3275 499 3357 posita
521 3274 618 3339 verba
641 3295 724 3353 esee3
752 3275 786 3340 id
810 3296 938 3358 quoque
961 3273 1184 3357 manifestum,
1212 3274 1291 3338 scite
1313 3273 1376 3338 hoc
1399 3272 1628 3338 adminiculum

391 3381 488 3466 ὁτιοίῃ
517 3381 702 3465 pronomini
730 3383 844 3465 parari.
887 3379 950 3445 Sed
973 3380 1118 3445 dativum
1142 3380 1341 3464 pronominis
1365 3382 1543 3444 necessario
1567 3380 1631 3444 boc

391 3488 516 3554 adiecto
541 3489 713 3573 participio
737 3487 969 3552 sublevandum
988 3486 1097 3571 fuisse,
1119 3488 1152 3552 id
1176 3508 1236 3551 nos
1257 3508 1352 3572 aegre
1371 3489 1440 3551 viro
1459 3488 1629 3573 ingenioso

389 3595 609 3680 concedimus3
640 3597 696 3678 qui
725 3595 811 3679 quod
839 3593 953 3659 scribit
978 3594 1181 3659 ‘reddentur
1205 3595 1291 3681 λίθῳ
1315 3596 1441 3679 χρυσόν
1465 3595 1520 3678 qui
1543 3592 1630 3658 dicat

389 3723 517 3767 onmem
537 3701 687 3768 dictionis
707 3702 877 3767 sanitatem
895 3700 1048 3786 perdere,'
1068 3702 1208 3767 fatemur
1227 3724 1286 3766 nos
1305 3723 1419 3785 parum
1437 3700 1629 3786 intelligere,

389 3809 468 3892 quid
495 3807 558 3873 boc
585 3813 754 3892 tantopere
782 3832 801 3873 a
829 3809 993 3874 communi
1016 3830 1077 3872 usu
1101 3809 1210 3873 dativi>
1225 3807 1336 3873 Graeci
1361 3808 1545 3886 abhorreat,
1571 3812 1628 3872 aut

389 3937 446 3978 cur
473 3938 611 4000 pravum
640 3917 683 3980 sit
711 3917 775 3980 dici
803 3916 930 4001 χρυσὸν
957 3916 1044 4001 λίθῳ
1072 3916 1277 3996 πεύθεσθαι,
1306 3936 1380 3978 cum
1402 3935 1469 3978 non
1490 3936 1626 3998 pravum
1641 3941 1669 3979 ao

389 4022 441 4105 ait,
460 4021 547 4105 quod
566 4020 697 4088 Platoni
716 4023 847 4106 placuit,
867 4025 955 4109 λίθῳ
973 4023 1165 4104 βασανίζειν
1183 4023 1243 4086 τὸν
1260 4023 1396 4106 χρυσόν.
1433 4019 1522 4086 Haec
1541 4021 1627 4084 enim

387 4128 486 4192 rerba
505 4129 632 4193 etiamsi
652 4151 717 4194 non
737 4128 869 4194 candem
888 4129 954 4192 vim
969 4128 1119 4211 habeant,
1137 4151 1187 4192 res
1207 4149 1288 4211 quac
1302 4127 1504 4212 significatur
1517 4127 1626 4191 eadem

389 4238 450 4317 est,
474 4256 579 4318 neque
607 4235 788 4300 mirandum
816 4235 957 4316 videtur,
985 4235 1072 4319 quod
1099 4234 1132 4298 id
1161 4257 1224 4318 quo
1249 4235 1328 4299 haec
1350 4236 1469 4310 πύστις
1492 4238 1548 4297 aut
1570 4233 1627 4297 illa

388 4342 536 4424 βάσανος
555 4343 746 4426 instituitur,
764 4342 861 4406 dandi
880 4365 956 4414 casu
975 4340 1081 4406 verbis
1100 4341 1237 4405 additur.
1273 4341 1325 4405 Ex
1342 4340 1403 4406 hac
1421 4342 1522 4426 igitur
1534 4344 1627 4425 parte

389 4446 580 4513 Buecheleri
607 4450 792 4514 coniectura
814 4452 911 4534 auget
935 4449 1113 4514 orationem
1138 4470 1175 4512 co
1199 4471 1263 4533 quo
1287 4447 1382 4514 facile
1405 4468 1563 4531 caremue3
1586 4469 1624 4510 ex

388 4555 489 4620 altera
516 4556 619 4619 eidem
649 4555 763 4639 demit,
792 4578 887 4639 quae,
916 4556 1053 4621 sirecte
1081 4557 1344 4639 interpretamur,
1373 4555 1495 4638 optime
1517 4552 1625 4617 locum

388 4661 473 4724 tueri
496 4661 654 4726 videntur.
691 4661 777 4727 Nam
800 4663 878 4726 licet
900 4660 1079 4727 rectissime
1103 4662 1262 4745 dicantur,
1289 4684 1370 4746 quae
1394 4661 1448 4723 ille
1473 4660 1627 4744 coniungi

387 4767 507 4853 voluit,
529 4770 655 4854 χρυσὸν
682 4769 780 4854 ὁτοίῃ
804 4769 990 4833 πείθονται
1014 4769 1190 4853 ἐτήτυμον,
1215 4769 1398 4852 quomodo
1422 4766 1511 4829 velut
1534 4763 1627 4830 acho

388 4875 485 4938 liasta
507 4873 692 4941 Platonicus
720 4879 848 4941 locutu!
877 4879 926 4938 est
951 4875 995 4958 (p.
1011 4874 1090 4961 410)
1116 4878 1218 4941 λίθου
1242 4874 1339 4957 γένος
1361 4865 1389 4961 ᾧ
1411 4873 1448 4935 τὸ
1472 4871 1626 4952 καθαρὸν

1370 4977 1407 5028 1*
