3967 5725
372 651 416 714 10
540 655 663 705 XXXIV.
683 655 797 704 INDEX
816 653 1030 706 LECTIONUM
1047 653 1287 705 HIBERNARUM
1307 652 1439 723 mellea.

507 816 584 879 τόδε
606 814 719 899 μέντοι
743 810 781 880 εὖ
805 806 867 879 οἶδ’
895 814 956 896 ότι,
980 813 1100 898 ἐάνπερ
1120 817 1212 880 είσίω
1231 816 1278 891 είς
1296 816 1511 899 δικαστήριον
1528 815 1605 899 περὶ

505 921 634 987 τούτων
667 922 758 998 τινὸς
789 921 999 986 κινδυνεύων
1030 921 1049 986 δ
1082 916 1125 988 σὺ
1147 921 1277 1006 ιλέγεις,
1309 924 1455 1005 πονηρός
1487 924 1536 997 τίς
1568 920 1602 1006 μ’

505 1025 597 1092 ἔσται
621 1028 639 1094 ὁ
664 1029 815 1112 εἰσάγων.

363 1134 420 1199 lta
443 1137 528 1199 enim
551 1134 630 1201 haec
654 1137 774 1218 scripta
798 1138 873 1199 sunt
896 1135 930 1199 in
953 1134 1118 1201 codicibus
1139 1134 1315 1200 Oxoniensi
1333 1139 1366 1200 et
1384 1134 1519 1219 Veneto,
1536 1136 1604 1199 *boc

363 1242 491 1326 estiis,
518 1264 654 1326 quorum
677 1242 850 1326 praecipua
871 1241 951 1306 fides
975 1246 1037 1326 est3
1060 1241 1117 1307 ubi
1140 1242 1234 1307 facile
1258 1243 1388 1325 quidem
1410 1245 1479 1307 erat
1502 1263 1561 1326 pro
1584 1241 1603 1307 ὃ

368 1369 524 1433 reponere
548 1342 606 1432 ὧν,
629 1350 715 1432 quod
739 1348 837 1413 babet
860 1371 960 1413 unum
983 1371 1024 1413 ex
1047 1349 1242 1435 apographis
1266 1353 1298 1413 et
1321 1371 1394 1414 cum
1415 1335 1606 1413 Heindoriio

369 1455 471 1519 edidit
491 1454 674 1521 Schamius.
717 1453 781 1520 Sed
803 1477 862 1519 nec
886 1459 955 1520 erat
978 1456 1065 1539 quod
1088 1454 1258 1521 relativum
1281 1476 1355 1520 cum
1379 1477 1455 1520 casu
1478 1456 1606 1520 demon·

369 1564 496 1628 strativi
525 1567 756 1647 exaequaretur
779 1566 812 1627 et
835 1563 853 1627 ό
876 1568 1010 1648 apparet
1032 1585 1100 1629 non
1122 1564 1163 1628 ad
1185 1564 1327 1648 τούτων,
1351 1563 1438 1647 qnod
1461 1562 1606 1644 debebat,

368 1669 425 1733 sed
448 1670 488 1735 ad
512 1673 603 1746 τινός
625 1691 695 1733 esse
714 1670 999 1735 accommodatum.
1042 1668 1168 1735 Similia
1186 1670 1266 1734 baec
1284 1673 1359 1734 sunt
1378 1669 1411 1732 in
1430 1655 1605 1733 Theaeteto

322 1800 354 1841 ,ro
369 1773 440 1861 (97,
460 1776 518 1862 34)

504 1882 588 1968 ἡνίκ’
617 1879 681 1948 οὖν
704 1882 858 1962 ἐδόξαζον
876 1886 992 1968 μόνον,
1017 1885 1098 1948 ἄλλο
1118 1909 1149 1949 τι
1168 1876 1276 1971 ᾧτῶν
1295 1885 1406 1949 ἄλλων
1424 1881 1603 1966 διαφέρεις,

503 1992 633 2055 τούτων
657 1990 798 2067 οὐδενὸς
820 1991 972 2074 ἡπτόμην
995 2000 1035 2076 τῇ
1058 1992 1206 2077 διανοίμ;

368 2096 432 2162 Pro
457 2088 709 2185 ptHemdorfius
732 2119 844 2162 rursus
868 2089 917 2161 ὧν
940 2098 1098 2182 poposcit,
1122 2097 1208 2182 quod
1226 2097 1305 2161 haec
1324 2097 1481 2162 orationis
1498 2096 1604 2160 forma

367 2194 430 2269 vix'
452 2204 575 2288 recipit.
621 2204 838 2269 Buttmannus
867 2208 900 2269 et
924 2203 1155 2270 Stallbaumius
1184 2204 1341 2291 singulari
1369 2226 1502 2269 numero
1526 2202 1606 2266 rela-

366 2294 470 2376 tivum
490 2304 542 2400 (ᾧ)
563 2311 602 2376 ad
621 2312 904 2377 sedecorelatum
925 2312 1128 2390 defensitant,
1152 2311 1206 2377 sed
1225 2316 1263 2375 ut
1281 2311 1376 2377 facile
1395 2295 1605 2395 intelligatur,

367 2440 423 2483 eos
441 2441 549 2483 veram
569 2419 724 2483 orationis
738 2420 877 2483 formam
891 2441 956 2483 non
971 2420 1188 2503 perspexisse:
1207 2419 1325 2483 etenim
1341 2417 1496 2502 scriptum
1511 2438 1606 2501 opor-

366 2526 432 2588 tuit
455 2515 515 2602 οἷς
537 2537 604 2590 τῶν
626 2526 738 2591 ἄλλων
761 2522 952 2609 bracteas,
965 2526 1117 2591 τούτων
1140 2526 1278 2601 οὐδενὸς
1300 2524 1452 2609 ἡπτόμην
1474 2534 1514 2610 τῇ
1533 2525 1605 2588 δια-

368 2634 444 2715 νοίᾳ
471 2628 695 2717 (cf.97‚13),
727 2631 824 2715 idque
851 2632 945 2696 unice
973 2631 1209 2696 restituendum
1237 2636 1334 2716 esset,
1366 2633 1395 2696 si
1423 2630 1494 2715 quis
1523 2629 1605 2695 illud

368 2737 525 2821 quidquid
548 2743 596 2803 est
620 2738 856 2804 ἀνακοίοόθου
881 2737 1012 2803 tolerari
1035 2738 1150 2822 nollet3
1175 2740 1230 2802 sed
1247 2739 1394 2804 videmus
1414 2740 1603 2821 scriptorem

320 2836 394 2932 -ιοῷ
418 2867 483 2909 non
512 2843 552 2908 ad
575 2845 705 2912 τούτων
729 2828 784 2912 sed
808 2845 847 2911 ad
871 2845 1023 2929 οὐδενός,
1052 2847 1123 2930 pari
1146 2845 1241 2911 modo
1265 2851 1303 2911 ut
1326 2846 1360 2910 in
1383 2844 1603 2929 superioribus

368 2953 523 3034 exemplis
547 2953 588 3016 ad
610 2952 686 3017 τινα
708 2953 760 3017 vel
782 2957 882 3038 τινός,
906 2954 1083 3038 adaptasse.
1126 2952 1231 3029 Quare
1251 2953 1445 3019 Scbanzium
1467 2973 1534 3017 non
1556 2953 1603 3017 in·

366 3043 543 3144 telligimus
563 3061 621 3143 qui
639 3059 702 3126 boo
718 3062 791 3126 loco
805 3059 846 3124 ab
862 3060 1061 3125 emendando
1077 3061 1243 3144 abstinuit,
1261 3060 1327 3125 illis
1341 3059 1603 3143 aequabilitatem

366 3188 464 3249 quam
492 3167 627 3251 putabat
656 3168 811 3233 orationis
836 3166 1087 3252 recuperandam
1111 3168 1244 3232 curavit.
1284 3166 1415 3232 Platoni
1438 3166 1603 3252 iungimus

365 3271 584 3356 Aristotelem,
608 3274 664 3356 qui
688 3295 761 3337 oum
784 3275 831 3338 ita
854 3273 968 3338 scribit
990 3272 1066 3358 περὶ
1090 3284 1198 3358 ψυχῆς
1221 3293 1260 3339 111
1275 3275 1340 3358 ap.
1355 3272 1420 3337 428
1436 3274 1487 3336 al

501 3381 530 3444 εί
553 3380 595 3463 δή
619 3378 710 3444 ἐστιν
727 3379 748 3463 ἡ
768 3383 935 3465 φαντασία
953 3379 1038 3446 καθ’
1055 3381 1098 3463 ἣν
1117 3381 1257 3465 λέγομεν
1276 3379 1453 3467 φάντασμά
1470 3403 1503 3443 τι
1521 3378 1602 3462 ἡμῖν

500 3489 677 3570 γίγνεσθαι
705 3485 760 3551 καί
788 3489 832 3571 μὴ
860 3493 894 3552 εί
912 3512 943 3552 τι
967 3488 1050 3552 κατὰ
1071 3490 1264 3573 μεταφορὰν
1288 3486 1442 3570 λέγομεν,
1470 3488 1530 3570 μία
1553 3473 1604 3562 τίς

499 3591 569 3658 ἐστι
597 3593 726 3658 τούτων
753 3595 895 3678 δύναμις
924 3595 943 3678 ἢ
971 3592 1051 3676 ἕξις,
1079 3593 1166 3659 καθ’
1193 3595 1240 3678 ἣν
1262 3595 1421 3678 κρίνομεν
1444 3590 1499 3656 καί
1523 3592 1600 3676 ἄλη·

500 3701 647 3782 θείομεν
670 3700 690 3784 ἢ
713 3702 908 3784 ψευδόμεθα

364 3829 431 3874 non
461 3808 549 3893 fugit
581 3807 641 3870 Ad.
664 3806 838 3871 Torstrilrii
867 3807 1082 3894 diligentiam,
1114 3830 1180 3873 non
1213 3805 1289 3872 καθ’
1325 3806 1368 3889 ἣν
1396 3804 1436 3869 ad
1463 3808 1523 3888 μία
1550 3831 1601 3884 τις

320 3937 352 3978 ao
366 3915 509 3997 δύναμις
532 3915 587 3980 sed
611 3914 651 3978 ad
674 3914 804 3979 codrior
827 3913 963 3980 relatum
984 3913 1063 3980 καθ’
1086 3913 1347 3991 describendum
1365 3912 1481 3999 fuisse,
1505 3913 1601 3997 idque

364 4021 393 4085 is
416 4019 588 4086 Aristoteli
616 4020 705 4085 reddi
734 4022 829 4087 iussit
852 4043 925 4086 cum
948 4026 980 4085 et
1003 4022 1087 4086 ratio
1111 4025 1258 4105 posceret
1280 4023 1312 4084 et
1336 4019 1534 4086 Themistius
1557 4019 1601 4083 le

364 4128 450 4213 gisse
473 4128 642 4193 videretur.
685 4126 749 4193 Sed
768 4127 965 4192 Themistius
990 4150 1063 4193 cum
1087 4127 1279 4192 sententiam
1302 4127 1337 4192 in
1359 4127 1447 4193 hunc
1469 4126 1599 4192 modum

363 4235 595 4319 interpretatur
608 4237 667 4317 μία
681 4259 731 4312 τις
740 4234 783 4300 ἂν
793 4240 843 4318 είη
853 4247 921 4300 τῶν
930 4235 1107 4318 δυνάμεων
1116 4237 1169 4300 καὶ
1180 4246 1248 4300 τῶν
1257 4232 1357 4312 ἕξεων
1367 4245 1434 4300 τῶν
1443 4243 1600 4318 κριτικῶν

363 4332 406 4406 al
410 4365 426 4418 ς
441 4341 652 4426 ἀληθεύομεν
665 4340 685 4424 ἢ
700 4343 903 4426 ψευδόμεθα,
918 4364 981 4426 qua
995 4341 1058 4406 fide
1072 4341 1230 4407 credimus
1245 4364 1312 4406 non
1326 4340 1435 4405 eadem
1449 4338 1506 4404 illa
1516 4359 1598 4422 quae

362 4469 423 4513 nos
441 4449 568 4534 legisse,
592 4470 674 4533 quae
692 4450 892 4532 praesertim,
910 4452 993 4514 teste
1012 4446 1172 4513 Guilelmo
1191 4447 1328 4530 Biehlio,
1347 4450 1380 4510 et
1397 4445 1598 4529 Philoponus

362 4553 479 4641 legerit
507 4558 540 4619 et
567 4554 757 4640 Sophonias.
799 4552 884 4630 Quid
899 4577 986 4628 ¹vero
1016 4555 1103 4640 quod
1130 4554 1260 4619 Platoni
1288 4554 1400 4617 damus
1428 4550 1599 4617 Aristoteli

361 4660 550 4747 ademptum
573 4661 743 4726 volumus?

368 4757 371 4760 ¹
452 4766 514 4852 His
533 4789 593 4832 nos
612 4769 766 4852 exemplis
786 4769 900 4834 adduci
914 4768 1125 4853 patiebamur,
1143 4768 1178 4831 in
1191 4767 1252 4831 bac
1266 4767 1410 4830 oratione
1425 4765 1598 4851 scriptores

360 4873 463 4938 etiam
481 4879 609 4958 praeter
627 4875 818 4940 severiorem
838 4875 990 4960 loquendi
1009 4896 1153 4939 normam
1167 4871 1315 4937 nonnihil
1330 4871 1393 4936 sibi
1406 4873 1599 4958 permisisse,
