3967 5725
357 652 407 702 DE
417 651 562 702 GENERE
573 649 728 714 QUODAM
737 649 891 701 DIOENDI
900 649 1053 701 GRAECIS
1063 649 1298 712 ROMANISQUE
1308 649 1504 701 FAMILIARI.
1525 648 1589 712 447

356 813 523 896 formarit,
555 814 593 876 ut
619 811 822 896 loquentium
854 816 961 896 partes
994 832 1225 896 usquequaque
1245 812 1347 875 -uuilo
1374 811 1506 897 negotio
1535 815 1591 875 aut

357 919 569 1004 ambiguitate
593 918 767 983 internosci
790 921 936 1002 possent3
969 940 1067 1002 quare
1089 939 1156 982 non
1178 921 1248 982 erat
1271 917 1358 1001 quod
1381 917 1590 983 artificiosum

357 1028 425 1090 eius
450 1029 637 1090 contextum
661 1024 779 1109 ineptis
804 1026 1000 1089 ornamentis
1025 1024 1241 1110 deturparent.

446 1131 617 1198 Peccatum
646 1135 695 1197 est
721 1132 756 1195 in
783 1153 821 1197 eo
845 1153 960 1218 genere
982 1133 1079 1196 etiam
1104 1131 1196 1215 alibi,
1223 1130 1312 1196 velut
1335 1131 1534 1197 Ribbeckius
1557 1134 1592 1197 in

357 1238 496 1326 Vergilii
514 1239 654 1305 carmine
672 1238 820 1304 bucolico
835 1257 907 1323 vm,
926 1243 1137 1323 posteaquam
1156 1239 1341 1304 edocuimus
1361 1236 1410 1327 (in
1422 1240 1590 1324 ,prooemio

174 1382 177 1463 Ι
357 1351 433 1412 aest.
448 1370 474 1411 a.
492 1346 587 1429 1888,
603 1345 654 1431 13,
669 1343 727 1430 Op.
743 1368 789 1412 ac.
803 1345 838 1410 P.
853 1364 865 1409 1
880 1369 910 1431 p.
926 1345 990 1410 398
998 1343 1037 1433 a.)
1057 1347 1250 1411 sententiam
1269 1368 1418 1411 versuum
1436 1345 1509 1430 105,
1527 1347 1589 1412 106

356 1476 422 1518 non
435 1474 530 1538 posse
544 1453 607 1517 nisi
621 1453 661 1517 ad
671 1451 903 1537 Amaryllidem
917 1453 1030 1518 referri
1044 1453 1320 1538 pharmaceutriae
1334 1453 1591 1539 respondentem,

356 1561 432 1626 ilico
455 1581 665 1645 personarum
688 1561 775 1625 notis
797 1560 929 1625 adiectis
949 1583 1077 1626 carmen
1096 1561 1372 1647 elegantissimum
1391 1560 1589 1625 deformavit.

357 1666 419 1732 Sed
446 1666 597 1732 nolumus
624 1666 707 1731 hanc
729 1689 797 1732 rem
819 1689 906 1733 nuno
928 1670 1079 1753 persequi
1101 1669 1244 1755 longius3
1272 1690 1382 1733 rerum
1407 1669 1440 1732 in
1465 1689 1502 1733 eo
1525 1670 1590 1733 iam

355 1775 453 1839 finem
476 1774 652 1839 disserendi
674 1774 830 1840 faciemus
854 1779 891 1840 ut
914 1798 995 1859 quae
1020 1775 1214 1860 disputando
1233 1776 1406 1855 effecimus,
1428 1775 1589 1840 voluimus
1605 1798 1630 1839 ιο

356 1881 485 1965 quidem
513 1884 598 1945 certe
627 1880 767 1966 efficere,
794 1903 859 1946 uno
888 1886 1065 1967 conspectu
1092 1903 1319 1967 proponamus.
1365 1880 1480 1966 Itaque
1507 1883 1590 1949 hanc

302 1983 340 2038 1⁶
353 1991 479 2073 partem
502 2009 597 2071 quam
622 1989 832 2053 tractavimus
855 1992 1008 2073 putamus
1027 1988 1095 2055 hoc
1112 1989 1209 2054 modo
1228 2011 1247 2053 a
1266 1986 1418 2054 Cicerone
1437 1990 1589 2073 scriptam

354 2094 454 2159 fuisse
478 2097 510 2158 et
533 2094 596 2160 hoc
618 2094 714 2160 modo
736 2116 832 2181 posse
856 2095 1023 2160 commode
1046 2095 1106 2159 edi.

515 2201 569 2267 Ito
591 2205 721 2267 caritate
742 2223 799 2268 nos
820 2204 951 2285 eupiunt
971 2223 1068 2285 repes,
1083 2202 1226 2267 -eonsitio
1249 2203 1424 2284 optimates,
1452 2202 1590 2267 libertate

509 2310 635 2392 populi,
662 2315 698 2374 nt
723 2312 760 2374 in
787 2311 998 2392 mmporando
1026 2310 1156 2392 difficile
1185 2311 1229 2374 od
1252 2309 1426 2391 eiiqendnen
1448 2311 1491 2373 sit
1512 2309 1591 2390 qnid

353 2424 472 2491 expoliri
516 2418 655 2482 monime
676 2417 771 2482 vetis’
819 2415 946 2483 ‘Oredo’
967 2419 1072 2498 inqnit
1095 2418 1160 2482 ‘sed
1181 2417 1352 2498 enpediri
1374 2436 1454 2498 qnae
1473 2421 1592 2481 restant

514 2525 569 2589 oin
586 2530 734 2607 poterunt
755 2524 785 2589 si
806 2525 862 2589 tec
883 2525 1062 2589 inchoatam
1089 2524 1272 2606 reliqueris!
1320 2523 1498 2587 ‘Imitemur
1520 2544 1590 2605 erpo

514 2631 666 2711 Aratum,
694 2633 750 2712 qni
772 2633 898 2714 moenis
920 2633 958 2696 de
979 2631 1069 2696 retns
1091 2631 1191 2696 dione
1217 2631 1380 2696 esordiens
1402 2651 1424 2694 o
1447 2630 1520 2695 Ioue
1541 2633 1590 2696 in-

515 2739 693 2822 cipiendum
710 2739 825 2820 putot?
862 2739 943 2820 ‘Quo
962 2738 1036 2804 Iove
1053 2744 1109 2803 ont
1126 2739 1204 2820 qnid
1221 2738 1310 2804 tiebat
1328 2737 1416 2802 illins
1438 2739 1591 2804 carminis

513 2846 618 2911 ornile
638 2845 713 2911 hoec
734 2846 869 2912 oratio?
908 2846 1070 2913 ‘Tontnrn’
1090 2846 1194 2929 inqnit
1217 2845 1263 2911 ‘nt
1279 2847 1340 2911 rite
1357 2845 1397 2911 ab
1415 2866 1448 2911 eo
1466 2845 1629 2911 dicendine

509 2954 674 3035 principio
692 2954 856 3035 cupiemus
873 2975 963 3035 quern
978 2976 1078 3019 nnwm
1092 2954 1232 3019 omninno
1247 2954 1373 3017 deornm
1387 2957 1416 3017 et
1428 2953 1589 3017 hominnm

514 3081 615 3143 repen
637 3080 701 3126 esse
723 3081 829 3125 omnes
851 3060 932 3126 docti
954 3062 1130 3141 indoctique
1152 3058 1364 3125 consentiant?
1405 3059 1515 3141 ‘Quid'
1540 3061 1589 3123 in-

514 3168 582 3249 qnit
599 3167 729 3233 Laetius
747 3167 800 3231 ‘iis
824 3167 910 3233 effici
932 3168 1014 3232 vis?
1052 3167 1097 3231 Et
1119 3167 1172 3231 itte
1190 3165 1290 3246 ‘Qtrid
1306 3185 1407 3230 censes
1424 3166 1490 3229 nisi
1508 3165 1590 3246 qnod

515 3281 559 3340 est
584 3280 657 3340 onte
683 3274 806 3339 coins?
845 3275 910 3340 sine
940 3273 1015 3338 hoec
1046 3274 1091 3338 ed
1121 3273 1288 3337 ntitituten
1315 3274 1397 3337 vitoe
1424 3273 1589 3337 constituto

514 3388 587 3447 sunt
605 3403 627 3447 e
641 3381 840 3464 pnnoipitns
856 3402 961 3446 rernm
973 3380 1185 3463 publicorum,
1202 3384 1238 3444 nt
1254 3400 1310 3444 ren
1321 3384 1489 3461 putaretur
1506 3398 1589 3443 nnns

515 3510 579 3555 esse
599 3490 636 3554 in
659 3488 741 3554 coeio
763 3490 819 3570 qni
836 3493 915 3553 nntn
931 3494 967 3552 nt
984 3489 1033 3552 cit
1049 3493 1145 3553 toturn
1164 3485 1330 3569 Olympum
1345 3485 1502 3550 Homerios
1519 3506 1589 3550 eon·

514 3602 640 3662 verteret
662 3598 804 3678 idemque
826 3602 855 3661 et
870 3616 926 3660 rea
944 3600 973 3660 et
988 3600 1083 3678 poter
1105 3594 1266 3659 tubnnnr
1289 3594 1416 3657 dennm
1439 3594 1588 3671 onninrn,

516 3725 633 3787 moeno
647 3706 816 3770 anmatos
830 3709 874 3769 est
886 3702 1035 3784 cantione
1048 3706 1135 3767 testes
1150 3751 1174 3765 ..
1188 3702 1236 3765 itu
1249 3701 1436 3765 consensisse
1447 3704 1587 3781 pentes..

514 3812 597 3877 nitit
623 3832 686 3877 esse
713 3810 825 3877 metius
851 3811 1001 3893 qinoniorn
1028 3809 1100 3874 deos
1127 3828 1232 3874 omnes
1259 3812 1378 3871 censent
1404 3806 1500 3871 nnins
1522 3806 1588 3887 reni

515 3920 652 3999 nornine,
674 3919 739 3984 siue
762 3917 847 3982 ....’
895 3914 960 3982 Sor.
981 3939 1022 3980 m.
1041 3914 1212 3980 Decembri
1235 3937 1261 3978 a.
1281 3927 1443 3977 nocoocr.
1602 3934 1628 3974 n
