3967 5725
386 607 452 672 506
620 611 693 662 LIX.
712 611 827 661 INDEX
845 558 1060 664 culmorum
1077 611 1310 663 AESTIVARUM
1330 612 1406 662 1904.

1803 694 1804 734 ι

385 769 579 837 Benedictus
602 770 734 837 Niesius
757 772 912 837 successit
934 773 1046 838 eadem
1069 773 1228 856 scriptura
1250 771 1383 836 invente
1405 774 1438 836 et
1460 794 1617 838 commen·
1803 739 1804 828 l

386 878 461 943 data
487 878 521 942 in
545 877 655 943 Herm.
674 897 725 943 ΧΠ
743 879 823 964 398;
851 882 883 944 et
910 879 938 944 is
966 880 1055 945 solus
1083 883 1193 965 aperte
1222 880 1352 945 locutus
1376 883 1425 944 est
1449 901 1521 943 cum
1545 902 1618 945 con-

385 984 531 1050 tenderet
556 1007 656 1071 prave
685 986 749 1050 dici
776 987 873 1071 νίκην
902 980 1019 1069 φέρειν
1047 984 1095 1070 ἐφ’
1127 986 1216 1071 ἡμῖν,
1244 987 1402 1051 sermonis
1429 985 1501 1071 lege
1527 987 1618 1071 posci

384 1092 466 1177 ἡμῖν
493 1091 610 1177 φέρειν
637 1096 744 1177 νιίιηυ.
784 1091 912 1158 Horum
941 1093 1088 1179 opinioni
1115 1093 1250 1158 accessit
1277 1091 1452 1175 Kuibelius,
1480 1093 1536 1158 sed
1563 1093 1654 1178 itas

385 1223 452 1265 non
474 1203 512 1264 ut
534 1199 573 1264 de
597 1199 723 1265 dicendi
745 1221 808 1264 usu
831 1201 929 1266 verba
950 1201 1081 1283 faceret,
1104 1221 1216 1265 verum
1240 1221 1279 1264 ex
1304 1201 1464 1264 sententia
1482 1199 1619 1284 probare

386 1306 484 1371 vellet
510 1305 595 1391 φημὶ
619 1306 737 1391 φέρειν
756 1306 986 1395 ¹paedagogum
1016 1307 1179 1372 decentius
1203 1307 1308 1371 dicere
1333 1307 1374 1372 ob
1398 1329 1469 1372 eam
1492 1327 1619 1372 oausam

386 1414 463 1498 quia
481 1413 563 1478 hanc
582 1414 833 1480 admonitionem
851 1414 983 1499 proprie
1002 1415 1042 1479 ad
1061 1413 1155 1479 deum
1173 1412 1253 1479 hoec
1267 1435 1356 1478 sacra
1369 1413 1619 1499 praecipientem

385 1511 690 1607 redire'appareret3
714 1543 812 1605 quam
834 1521 953 1586 referre
976 1521 1017 1585 ad
1032 1519 1216 1606 Apollinem
1240 1522 1316 1605 quia
1336 1521 1542 1607 paedagogus
1565 1543 1619 1605 pa-

384 1650 458 1693 rum
482 1628 521 1693 de
543 1627 594 1692 dei
617 1627 707 1693 iussu
726 1627 859 1694 edoctus
877 1650 944 1693 non
962 1629 1130 1712 potuisset,
1155 1628 1194 1692 de
1212 1649 1245 1692 se
1264 1627 1368 1692 dicere
1388 1649 1471 1711 quae
1490 1626 1620 1692 volebat

345 1764 372 1805 ιι
387 1736 425 1800 de
449 1735 517 1801 deo.
553 1733 628 1800 Non
653 1734 837 1801 dubitamus
861 1737 940 1820 quin
962 1739 1048 1800 recte
1068 1735 1166 1801 scribi
1184 1735 1328 1819 potuerit
1346 1735 1433 1819 quod
1451 1732 1618 1799 Kaibelius

386 1841 526 1926 exempli
549 1864 645 1907 causa
665 1843 846 1928 proposuit,
873 1853 976 1908 ταῦτα
1000 1845 1062 1927 γὰρ
1087 1841 1182 1929 φέρει
1205 1844 1304 1927 νίκην
1325 1864 1371 1925 τε,
1397 1843 1502 1927 φησίν
1525 1837 1619 1927 (θεὸς

386 1946 532 2036 scilicet),
555 1947 611 2014 ιιοιὶ
634 1949 763 2034 κράτος.
799 1949 849 2014 De
872 1950 1061 2036 paedagogo
1084 1953 1192 2014 autem
1215 1950 1243 2013 si
1267 1949 1384 2036 agitur,
1406 1969 1466 2012 nos
1484 1949 1531 2012 ita
1549 1969 1618 2014 scn-

385 2057 484 2122 timus
516 2079 589 2122 eum
617 2057 722 2143 magis
749 2057 860 2122 decere
889 2057 1067 2142 simplicem
1095 2058 1274 2121 orationem
1303 2077 1400 2140 quam
1427 2054 1619 2139 pendentem

385 2184 425 2227 ex
456 2161 519 2227 hoc
550 2164 723 2249 magnifico
756 2167 845 2249 φημί
874 2163 963 2248 quod
995 2164 1188 2249 gravitatem
1219 2183 1320 2247 paene
1351 2163 1438 2227 ultra
1470 2161 1619 2228 servilem

385 2269 511 2335 habeat.
547 2268 662 2354 Itaque
684 2271 768 2335 redit
791 2271 1013 2336 controversia
1035 2270 1120 2336 unde
1142 2270 1287 2356 profecta
1309 2272 1358 2335 est
1376 2269 1417 2333 ad
1434 2270 1620 2354 perquiren-

386 2376 461 2440 dum
486 2379 644 2443 sermonis
667 2399 803 2462 morem3
826 2398 901 2441 nam
925 2399 965 2442 ax
987 2399 1026 2442 ea
1048 2381 1139 2462 parte
1162 2378 1190 2441 si
1213 2375 1295 2441 nihil
1319 2376 1427 2441 obstat
1446 2377 1619 2461 quominus

384 2487 564 2568 perstemus
586 2485 621 2547 in
643 2483 801 2549 librorum
825 2484 996 2569 scriptura,
1018 2506 1084 2550 non
1103 2505 1162 2548 nos
1180 2483 1350 2549 lenociniis
1370 2485 1534 2568 speciosae
1553 2483 1620 2568 opi-

385 2591 525 2656 nationis
557 2591 721 2676 corrumpi
750 2590 918 2674 patiemur.
965 2589 1050 2667 Quid
1082 2612 1159 2677 ergo
1192 2594 1242 2656 est
1274 2590 1361 2674 quod
1393 2600 1497 2656 ταῦτα
1525 2589 1619 2674 φέρει

385 2698 484 2780 νίκην
510 2695 561 2780 ἐφ’
595 2696 675 2781 ἡμῖν
701 2697 809 2761 minus
836 2700 924 2762 recte
952 2697 1017 2763 dici
1044 2698 1241 2763 affirmemus
1270 2719 1367 2783 quam
1394 2698 1482 2781 quod
1509 2701 1559 2762 est
1585 2697 1620 2762 in

344 2831 371 2873 ιο
386 2801 529 2888 Odyssea
550 2821 612 2868 XVI
633 2801 698 2870 375
722 2805 797 2871 λαοὶ
820 2803 857 2871 d’
880 2804 992 2872 οὐκέτι
1015 2806 1152 2889 πάμπαν
1174 2804 1233 2890 ἐφ’
1255 2806 1335 2890 ἡμῖν
1359 2801 1422 2891 ἦρα
1445 2803 1619 2889 φέρουσιν,

385 2932 523 2995 quorum
550 2912 670 2977 similia
696 2917 809 2977 notum
834 2919 884 2979 est
907 2914 1035 2999 saepius
1058 2915 1092 2977 in
1115 2913 1311 2979 carminibus
1334 2911 1516 2977 Homericis
1539 2912 1619 2998 legi:

385 3018 420 3082 in
446 3018 566 3102 quibus
593 3019 621 3083 si
649 3023 734 3105 sunt,
762 3043 844 3105 quae
871 3021 924 3087 ἐπὶ
951 3044 1012 3106 per
1038 3022 1165 3085 tmesim
1193 3044 1213 3085 ο
1235 3021 1294 3085 s'uo
1317 3020 1416 3085 verbo
1440 3020 1620 3084 seiunctum

384 3124 507 3190 habant
534 3124 588 3214 (cf.
612 3125 803 3193 Buttmanni
829 3128 960 3215 lexilog.
984 3145 997 3191 1
1020 3151 1051 3212 p.
1072 3128 1137 3193 143
1156 3125 1249 3214 sqq),
1277 3148 1338 3193 nec
1364 3126 1427 3191 hoc
1454 3128 1489 3190 in
1512 3125 1620 3191 omnia

384 3232 470 3297 cadit
493 3237 526 3298 et
549 3233 576 3298 si
599 3238 721 3319 tamen,
747 3256 789 3299 ne
816 3236 863 3300 sic
892 3235 1023 3319 quidem
1051 3257 1117 3300 non
1139 3234 1263 3318 aliquid
1285 3233 1472 3299 adminiculi
1496 3230 1619 3316 Sopho-

383 3339 471 3405 cleae
494 3340 633 3404 orationi
656 3341 802 3405 afferunt.
839 3340 1021 3425 Aeschylus
1044 3345 1151 3406 autem
1175 3340 1304 3425 scripsit
1326 3340 1362 3405 in
1375 3337 1618 3426 Agamemnone

386 3446 472 3511 1402
493 3468 539 3530 sq.
563 3444 682 3534 (1448)

688 3558 738 3631 τίς
761 3554 804 3621 ἂν
826 3554 864 3620 έν
888 3556 979 3639 τάχει
1002 3556 1046 3639 μὴ
1069 3555 1278 3640 περιώδυνος

732 3658 815 3747 μηδὲ
838 3664 1057 3747 δεμνιοτήρης
1079 3663 1139 3727 τὸν
1162 3659 1213 3727 ἀεὶ
1236 3662 1294 3745 μό-

732 3774 786 3834 λοι
809 3768 977 3853 φέρουσ’
1000 3768 1058 3852 ἐφ’
1085 3768 1179 3853 ἡμῖν

344 3902 372 3943 ιο
688 3874 777 3960 μοῖρ’
804 3875 982 3942 ἀτέλευτον
1004 3874 1122 3942 ὕπνον.

384 3980 551 4047 Credimus
560 3982 645 4047 enim
657 4003 730 4047 cum
740 3980 970 4048 &Hermanno
980 3982 1117 4067 aliisque
1125 3981 1228 4047 doctis
1236 3981 1468 4067 interpretibus
1476 3979 1620 4066 scripsis-

385 4112 419 4154 se
437 4093 567 4174 poetam
585 4089 641 4174 ita,
660 4090 788 4174 quando
805 4089 893 4174 qnod
911 4088 1052 4154 traditur
1070 4089 1107 4155 ἐν
1125 4090 1207 4173 ἡμῖν
1220 4088 1377 4155 absonum
1392 4109 1462 4153 esse
1476 4090 1618 4173 apparet.

473 4195 564 4262 Haec
592 4196 753 4282 simplicia
776 4201 865 4262 sunt:
893 4196 1098 4282 impeditiore
1121 4218 1204 4280 quae
1225 4196 1377 4279 deinceps
1400 4195 1619 4276 dissertamus,

382 4304 524 4388 primum
546 4304 626 4369 haec
644 4325 725 4388 quac
748 4304 835 4369 idem
857 4303 1065 4391 paedagogus
1084 4304 1119 4368 in
1138 4302 1250 4368 eodem
1264 4303 1401 4390 prologo
1420 4324 1440 4365 a
1459 4322 1555 4367 versu
1577 4299 1619 4365 15

385 4410 519 4494 exponit

512 4517 554 4583 15
599 4527 665 4583 νῦν
687 4512 761 4601 οὖν,
781 4513 916 4603 Ὀρέστα
937 4518 992 4583 καὶ
1016 4518 1059 4582 σὺ
1083 4518 1218 4601 φίλτατε
1241 4513 1346 4594 ξένων

600 4624 754 4709 Πυλάδη,
777 4627 812 4690 τέ
831 4626 894 4709 χρὴ
917 4624 1004 4708 δρᾶν
1026 4622 1065 4689 έν
1087 4622 1177 4709 τάχει
1199 4620 1415 4707 βουλευτέον·

600 4732 646 4810 ὡς
668 4729 750 4815 ἡμῖν
771 4732 835 4815 ἤδη
858 4731 1011 4816 λαμπρὸν
1033 4731 1130 4815 ἡλίου
1153 4728 1251 4807 σέλας

601 4836 665 4927 ἑῷα
686 4849 776 4903 ιιινεῑ
796 4834 962 4923 φθέγματ’
988 4835 1140 4922 ὀρνίθων
1163 4844 1253 4921 σαφῆ
