3967 5725
668 587 718 635 nn
735 588 965 639 mmvniuno
985 589 1144 639 vinnam
1162 590 1318 640 uuxnro.
1551 588 1616 652 155

381 748 458 834 logo
481 748 503 810 4
526 749 745 829 quotidinaum
772 749 828 814 boe
847 750 1064 831 patrocinium
1094 750 1305 831 defendendae
1327 752 1477 816 edomans
1498 757 1527 817 te
1541 772 1617 833 poe-

381 857 460 920 ticae
487 858 520 919 et
548 877 629 939 quae
656 860 822 939 praeterea
851 856 1032 921 consimilia
1061 855 1204 922 Heraeus
1233 857 1345 922 attulit
1373 862 1405 922 et
1433 856 1617 944 Madvigius

381 979 478 1045 quom
500 962 556 1026 ille
578 962 730 1027 laudavit.

471 1068 605 1133 Licebat
628 1068 765 1154 denique
789 1074 934 1155 repetere
956 1070 1049 1135 illum
1072 1071 1204 1135 modum
1228 1059 1422 1137 abundantis
1452 1073 1618 1158 orationis,

382 1176 439 1259 qui
462 1175 568 1240 verbis
592 1176 708 1240 similis
732 1177 977 1263 significationis
1001 1180 1101 1242 altero
1125 1177 1165 1243 ab
1189 1177 1290 1242 altero
1310 1178 1524 1261 pendentibus
1541 1200 1617 1244 con-

381 1281 512 1367 tinetur,
536 1305 632 1368 quem
656 1284 718 1367 ipsi
743 1283 830 1367 olim,
853 1284 991 1367 profecti
1011 1308 1030 1349 a
1048 1284 1152 1349 Taciti
1176 1284 1297 1369 dialogi
1319 1285 1401 1349 locis
1425 1285 1617 1369 quibusdam

381 1390 415 1453 in
438 1390 677 1456 dubitationem
701 1390 833 1473 vocatis,
859 1392 983 1473 ingredi
1003 1393 1129 1473 fumum
1152 1394 1333 1474 auspicatus
1354 1412 1433 1471 men,
1457 1398 1618 1458 medae

381 1497 456 1563 libri
482 1497 576 1563 buius
605 1498 770 1563 editionem
791 1499 918 1579 festino,
947 1496 1130 1563 Catulliano
1158 1520 1253 1563 versu
1281 1499 1330 1564 nil
1352 1500 1489 1564 nimiam
1511 1501 1617 1566 studeo

383 1602 501 1671 Caesar
523 1604 581 1669 tibi
603 1605 677 1671 celle
692 1605 818 1687 placere
840 1605 1054 1690 plurimisque
1078 1606 1249 1689 exemplis,
1272 1599 1333 1671 nec
1355 1606 1460 1671 solum
1482 1606 1618 1692 Latinis,

380 1712 480 1777 etiam
504 1710 643 1797 Graecis,
667 1713 827 1777 declarare
852 1712 1044 1778 studuimus.
1086 1712 1181 1790 Quod
1203 1734 1306 1798 genus
1328 1717 1367 1777 ut
1390 1713 1476 1797 apud
1493 1719 1616 1780 veteres
1631 1740 1657 1782 ro

382 1820 544 1903 frequenti
566 1842 627 1885 usu
646 1820 850 1906 vulgabatur,
872 1822 919 1884 ita
938 1819 1016 1884 olim
1036 1819 1188 1904 collectis,
1211 1820 1240 1884 si
1258 1821 1322 1886 hoc
1340 1841 1435 1905 agere
1454 1820 1618 1905 vellemus,

382 1928 485 1991 multa
508 1931 614 1991 essent
637 1947 719 2011 quae
743 1927 944 2011 adderentur,
968 1927 1024 1991 sed
1047 1927 1159 2011 paucis
1181 1931 1288 1992 tamen
1312 1931 1440 1992 utemur
1463 1927 1618 2013 exemplis

382 2056 448 2098 non
473 2033 541 2098 sine
565 2034 700 2099 consilio
725 2034 859 2099 selectis.
903 2033 966 2111 Qui
987 2035 1073 2099 enim
1091 2034 1171 2098 haec
1189 2034 1363 2098 attenderit
1382 2056 1464 2118 quae
1483 2032 1618 2100 Plautus

382 2140 496 2205 scribit
519 2140 554 2205 in
572 2141 762 2206 Trinummo
786 2141 932 2219 1112,ἵὸ
957 2142 1002 2206 Id
1023 2162 1071 2206 me
1093 2143 1330 2206 emesenam
1352 2146 1388 2206 sd
1403 2144 1517 2223 patiar
1538 2143 1618 2224 fieri,

381 2268 420 2313 ae
442 2251 587 2314 animum
610 2250 782 2329 induceris,
807 2249 926 2333 quibus
949 2270 1018 2313 non
1040 2248 1211 2313 dissimilia
1230 2252 1306 2311 sunt
1328 2249 1364 2313 in
1387 2247 1461 2313 bell.
1484 2247 1620 2332 Hispan.

383 2376 407 2420 c.
424 2355 488 2439 9,1
512 2377 577 2421 aaa
599 2377 662 2421 esse
685 2357 923 2422 commissurum
948 2354 1114 2421 Caesarem
1136 2362 1173 2419 at
1193 2358 1230 2419 ia
1247 2360 1338 2419 tuate
1357 2356 1417 2421 loci
1435 2356 1620 2438 difficaltate

326 2464 367 2521 20
381 2465 426 2527 ad
447 2463 622 2529 subsidium
645 2465 830 2529 mittendum
853 2464 1117 2540 commercaris
1141 2466 1197 2527 aut
1216 2484 1298 2546 quac
1316 2461 1452 2527 Plautus
1471 2462 1506 2526 in
1523 2461 1618 2527 Pseu-

381 2571 458 2636 dulo
481 2589 495 2635 1
514 2570 544 2656 4,
560 2570 580 2635 6
603 2572 869 2653 Neque‘ecordiri
882 2573 1028 2652 primum
1045 2572 1129 2635 aad
1147 2572 1282 2653 occipias
1299 2570 1400 2649 babes
1424 2569 1618 2654 quibuscum

383 2679 527 2743 conferre
554 2678 631 2743 licet
660 2679 745 2763 apud
775 2680 882 2763 ipsum
912 2678 1078 2744 Valerium
1111 2678 1185 2761 145,
1204 2678 1246 2742 28
1277 2678 1401 2743 Nasica
1426 2679 1618 2742 madrariam

381 2786 532 2849 cdionem
562 2786 664 2850 ordiri
694 2788 805 2867 eoepit;
837 2807 918 2869 quae
949 2782 1067 2849 Caesar
1096 2783 1169 2848 bell.
1201 2782 1431 2868 Gall.135,3
1463 2783 1619 2867 Sequanis
1632 2811 1658 2851 so

378 2895 576 2976 permitteret,
603 2899 639 2958 at
660 2914 735 2975 quos
757 2893 808 2958 illi
830 2893 976 2958 deducat
996 2893 1152 2958 voluntate
1174 2895 1242 2956 eius
1262 2893 1391 2958 reddere
1412 2892 1478 2956 dlis
1501 2892 1618 2969 liceret·

381 3001 434 3064 vel
451 3001 563 3065 Livius
586 3001 765 3084 v1140,16
789 3002 878 3065 cuius
901 3001 1046 3081 despicio
1062 3021 1125 3081 pro
1146 3000 1232 3064 cobis
1254 3001 1372 3082 experti
1393 2999 1488 3064 nolite
1510 3000 1619 3063 aded-

381 3127 436 3174 sas
456 3129 509 3174 ecs
531 3109 606 3173 velle
623 3109 775 3188 experiri
799 3112 855 3172 aut
871 3106 1011 3172 Plancus
1030 3129 1078 3190 ep.
1098 3108 1138 3172 ad
1156 3107 1230 3172 fam.
1245 3125 1270 3170 x
1286 3107 1372 3191 17,2
1391 3127 1460 3171 eum
1473 3108 1618 3189 primm

377 3236 468 3296 posse
490 3216 615 3298 inpredi
637 3217 734 3297 eoepit
756 3219 788 3279 et
806 3233 831 3278 x
850 3215 902 3297 21,
918 3214 938 3280 5
961 3235 1017 3279 aec
1034 3221 1124 3279 tenta
1143 3199 1275 3279 munau
1286 3214 1425 3296 perditis
1441 3212 1619 3278 bominibus

382 3324 458 3387 duri
478 3343 571 3406 posse
592 3325 711 3400 sirium,
739 3321 819 3386 haec
847 3323 903 3406 qui
931 3322 1117 3405 attenderit,
1146 3321 1308 3407 intelliget
1336 3343 1355 3384 a
1382 3319 1473 3385 nullo
1501 3341 1618 3405 genere

381 3429 563 3495 litterarum
595 3430 658 3494 hoc
689 3429 846 3515 quidquid
879 3434 930 3493 est
963 3429 1179 3493 abundantiae
1210 3428 1352 3493 alienum
1385 3428 1485 3491 fuisse
1514 3448 1618 3510 neque

382 3538 466 3602 hanc
489 3558 608 3602 meram
631 3539 862 3623 negligentiam
891 3536 1025 3600 habebit
1053 3536 1109 3599 sed
1136 3535 1280 3600 studium
1308 3540 1462 3621 agnoscet
1489 3555 1563 3599 cum
1586 3534 1619 3598 vi

381 3645 521 3730 quadam
545 3645 729 3710 cumulandi
753 3643 881 3708 similia.
919 3641 1077 3718 Quocirca
1095 3663 1176 3725 quae
1195 3643 1315 3724 scripta
1334 3645 1411 3705 sunt
1429 3643 1462 3705 in
1482 3639 1619 3724 epistola

384 3751 551 3818 Corneliae
576 3750 795 3816 Gracchorum
818 3748 863 3836 (p.
881 3750 942 3814 177
968 3747 1080 3834 Roth.)

517 3861 674 3941 ecquando
701 3860 819 3924 desidet
842 3859 974 3940 familia
1001 3863 1109 3922 noste
1132 3855 1296 3921 iradnire?
1329 3855 1486 3936 emdeado
1509 3855 1619 3919 modus
1632 3880 1659 3920 so

518 3969 547 4032 ei
564 3969 611 4032 rei
629 3967 737 4032 bebai
749 3965 887 4048 poterit?
910 3966 1067 4047 Quando
1086 3965 1261 4029 desinemus
1278 3967 1307 4026 ei
1323 3961 1467 4026 babentes
1485 3967 1514 4025 et
1523 3982 1619 4043 prue-

517 4075 617 4139 beaies
631 4073 779 4139 molestiis
793 4071 958 4138 desistere?
977 4072 1134 4153 meando
1145 4068 1515 4152 perpddeseet'miseeudc
1529 4074 1620 4150 utem

511 4180 729 4263 permeandi
750 4179 929 4262 rmublico?

382 4309 522 4372 quorum
540 4288 682 4352 nativam
702 4288 880 4351 orationem
894 4285 935 4350 H.
945 4283 1101 4350 Iordanus
1117 4283 1226 4372 (Viud.
1242 4305 1334 4348 serm.
1349 4283 1418 4347 Lat.
1433 4306 1464 4367 p.
1479 4281 1534 4369 12)
1553 4305 1620 4348 non

383 4395 452 4459 iure
479 4395 616 4480 taxavit,
643 4416 717 4459 vere
745 4393 866 4478 scripta
893 4415 961 4458 esse
989 4393 1197 4457 arbitramur:
1227 4414 1301 4456 nam
1330 4390 1418 4475 quod
1444 4391 1620 4455 dmiaemus

382 4503 532 4569 molestiis
559 4503 702 4567 desistere
730 4501 912 4584 coniunxit,
940 4501 1001 4564 etsi
1024 4520 1132 4564 severe
1155 4498 1312 4564 iudicanti
1335 4498 1527 4562 contrariam
1551 4519 1620 4561 sen-

383 4611 519 4675 tentiam
542 4609 650 4687 habet,
673 4607 839 4674 desinendi
861 4608 927 4672 vim
951 4606 1144 4693 geminando
1164 4605 1303 4669 adauxit.
1345 4604 1458 4689 Nuper
1476 4603 1535 4668 Th.
1549 4603 1620 4666 Bir-

383 4721 436 4782 tus
460 4715 629 4782 Claudiani
658 4716 853 4784 carminibus
880 4714 1062 4781 luculenter
1085 4713 1180 4776 editis
1202 4712 1279 4777 huic
1301 4715 1416 4796 poetae
1439 4731 1506 4773 non
1529 4708 1620 4773 dubi-

382 4825 466 4890 tavit
488 4824 650 4889 vindicare
669 4821 759 4911 (xxn
773 4819 854 4909 331)
