3967 5725
524 605 575 654 os
593 603 691 655 voca
703 604 975 720 ‘consecrasse
993 607 1032 656 ru
1050 606 1228 659 roucours
1247 573 1455 660 emenone,
1542 606 1607 672 209

370 765 436 830 hoc
465 769 515 829 est
540 769 652 830 nostro
680 786 825 832 sermone
852 766 930 831 otae
955 773 1050 833 etwas
1077 767 1305 847 αυοαανίοίιίονι,
1337 768 1389 833 vel
1416 751 1500 834 haec
1522 769 1609 853 ἀμι-

372 875 501 956 μήτως
523 868 648 955 ἔγραψε
670 895 768 958 prave
791 873 936 939 crederes
959 895 1028 938 esse
1051 875 1238 940 inimitabili
1260 876 1358 960 υιοάο,
1383 876 1438 941 sed
1457 878 1607 944 astitero

372 981 539 1063 μιμήσεως
570 975 724 1063 ἔγραψεν.
765 979 811 1044 Et
841 980 905 1047 hoc
936 981 1020 1046 idem
1052 980 1200 1066 plurimis
1233 982 1388 1068 exemplis
1416 1004 1608 1070 cognoscere

371 1084 615 1171 licet-quorum
634 1108 737 1172 pauca
755 1087 877 1173 afferre,
900 1092 1026 1154 tantum
1045 1093 1082 1153 ut
1100 1110 1203 1175 genus
1221 1090 1329 1174 ipsum
1347 1088 1501 1174 loquendi
1520 1113 1609 1176 aper-

372 1192 439 1256 tius
462 1193 652 1280 declaretur,
674 1193 708 1258 in
730 1198 842 1259 nostra
865 1216 961 1260 causa
983 1195 1099 1262 inutile
1121 1217 1187 1261 non
1210 1196 1279 1270 erit.

506 1302 551 1386 μή
579 1325 629 1378 τις
656 1300 848 1378 ἀσκέπτους·
867 1301 951 1386 ἡμᾶς
978 1304 1077 1380 ὄντας
1104 1306 1280 1389 θορυβήσῃ
1309 1302 1402 1369 Plato
1432 1308 1609 1384 Πολιτείας

595 1425 632 1471 1v
650 1430 682 1493 p.
704 1408 782 1492 199,
804 1409 845 1472 12
858 1408 959 1473 Beklr.

507 1513 675 1592 ἀσκέπτως
702 1511 787 1600 ἔχων
810 1525 871 1581 τοῦ
895 1515 1070 1600 ἀμείνονός
1092 1540 1127 1582 τε
1150 1515 1205 1582 καὶ
1228 1527 1289 1583 τοῦ
1313 1520 1464 1604 χείρονος
1487 1517 1609 1607 Gorgia

570 1622 738 1707 .119,14

506 1728 612 1805 οὕτως
635 1728 819 1813 ἀλογίστως
841 1729 896 1796 καὶ
920 1730 1088 1808 ἀσκέπτως
1106 1729 1160 1796 καὶ
1180 1731 1312 1816 εὐήθως
1330 1733 1385 1804 καί
1404 1732 1609 1818 ἀδιανοήτως
1622 1757 1649 1798 ιο

596 1836 769 1902 διάκεισθε
791 1837 891 1922 Hipp.
908 1837 982 1902 mai.
1001 1838 1081 1922 453,
1102 1838 1143 1903 12

506 1944 637 2026 ἀπειροι
670 1944 708 2009 δέ
740 1942 795 2008 καὶ
823 1944 959 2031 ἀόρατοι
987 1946 1110 2022 παντὸς
1137 1954 1240 2011 κακοῦ
1268 1945 1425 2031 Polybius
1452 1948 1608 2031 1121‚2;

594 2050 775 2135 111108,6

503 2156 652 2239 πολέμου
666 2156 723 2223 καί
737 2158 862 2243 ἀγορᾶς
875 2159 1006 2246 ἀθεάτῳ
1020 2161 1058 2225 τὸ
1073 2160 1230 2243 παράπαν
1243 2158 1307 2224 Dio
1323 2158 1531 2244 Chrysost.4,
1544 2161 1608 2226 113

690 2263 747 2330 καί
769 2264 979 2351 προσηύξατο
1484 2285 1486 2294 ’

503 2371 689 2448 ἀκλαυστος
707 2370 906 2450 ἀστένακτος
924 2372 1069 2458 Euripid.
1089 2371 1209 2437 Alcest.
1227 2372 1290 2438 173
1305 2372 1335 2437 h.
1351 2395 1376 2438 e.
1394 2374 1463 2438 sine
1480 2374 1607 2459 οάιίοίυ,

593 2480 662 2543 sine
682 2481 815 2562 cerniim
839 2480 921 2545 conf.
944 2480 1090 2565 ἄδακρύς
1113 2503 1147 2544 τε
1170 2480 1224 2544 καί
1249 2477 1447 2557 ἀστένακτος
1470 2478 1607 2565 Dionys·

456 2635 460 2639 .
595 2585 698 2653 Halic.
717 2587 779 2651 v8

565 2744 570 2754 .
691 2696 733 2758 σὺ
758 2692 787 2759 δ’
815 2694 877 2759 οὐκ
900 2692 952 2779 ἀρ’
980 2691 1113 2778 ἔμελλες
1136 2695 1282 2770 ἄπυστος

504 2801 566 2885 δήν
590 2803 702 2883 ἔμεναι
727 2800 912 2868 callimach.
931 2803 962 2886 4,
981 2801 1046 2866 215
1099 2872 1101 2879 ¹
1621 2827 1646 2867 ao

689 2910 770 2975 ὅσον
793 2907 823 2974 δ’
850 2907 904 2975 ἐπὶ
927 2908 1064 2995 δέρματι
1086 2918 1215 2994 μοῦνον

502 3016 652 3099 νηδυίων
675 3018 846 3094 ἄψαυστος
868 3017 934 3083 ὑπὸ
958 3018 1065 3101 ζώνην
1088 3019 1171 3101 θόρε
1190 3019 1310 3101 χαλκός
1328 3015 1480 3101 Apollon.
1499 3015 1596 3081 Rhod

589 3121 711 3209 Argon.
732 3142 758 3187 11
779 3123 842 3189 113
865 3124 897 3189 h.
917 3148 942 3189 e.
967 3124 1051 3190 ὥστε
1074 3135 1141 3190 τῶν
1165 3121 1388 3190 ἐντοσθιδίων
1411 3124 1454 3207 μή
1479 3132 1606 3201 ψαῦσαι

591 3229 690 3295 schol.

366 3334 491 3413 Quibus
520 3342 663 3403 extremo
691 3338 764 3403 loco
793 3338 962 3403 adiioimus
991 3360 1073 3422 quae
1103 3338 1181 3405 dicit
1204 3338 1329 3403 Taurus
1357 3336 1443 3422 apud
1466 3333 1606 3401 Gellium

368 3440 409 3507 N.
428 3441 466 3507 A.
486 3462 500 3508 1
518 3444 548 3529 9,
568 3446 588 3509 8
608 3446 663 3511 isti
681 3447 737 3528 qui
753 3452 874 3527 repenle
886 3446 1020 3527 μοάίόυτ
1038 3445 1145 3511 iniciis
1163 3446 1208 3511 ud
1220 3444 1420 3528 philosophos
1438 3443 1605 3522 oliverium,

366 3571 430 3615 που
452 3557 496 3616 esi
517 3552 572 3617 ἀοι
594 3554 682 3634 satio,
705 3553 789 3635 ηαοά
809 3558 883 3617 σαντί
904 3554 1032 3617 manino
1053 3551 1259 3636 ἀθεώρητοι,
1284 3553 1439 3635 ἀμουσοι,
1463 3550 1605 3635 ἀνιωμέ-

367 3681 488 3742 τρητοι.
525 3657 713 3724 Adhorum
732 3659 834 3745 igitur
853 3659 1096 3723 similitudinem
1116 3658 1172 3722 illa
1190 3679 1272 3742 quae
1292 3658 1410 3742 scripta
1428 3662 1504 3723 sunt
1518 3659 1604 3743 apud

365 3762 577 3831 Plutarchum
596 3764 679 3831 ἀλλά
699 3770 829 3831 σιωπᾶν
848 3766 997 3851 ἀρρήτως
1016 3766 1043 3830 si
1062 3765 1319 3850 interpretamur,
1339 3768 1472 3850 apparat
1486 3786 1523 3828 ca
1537 3786 1603 3829 non

365 3871 484 3936 distare
516 3871 567 3937 vel
599 3873 639 3937 ab
671 3872 724 3937 his
757 3895 839 3957 quae
866 3871 985 3939 Graece
1015 3873 1079 3939 dici
1106 3875 1255 3957 poterant
1284 3880 1413 3936 σιωπᾶν
1440 3872 1599 3950 ἀναυδον,
1615 3894 1641 3935 ao

366 3988 495 4043 σιωπᾶν
517 3978 670 4063 ᾶφώνως,
688 3981 740 4045 vel
759 4002 779 4044 a
796 3984 909 4045 nostro
927 4002 1017 4045 more
1035 3980 1113 4046 liobe
1128 3979 1333 4063 ροτολιινίοςοιι
1351 3977 1429 4043 cane
1445 3998 1485 4043 au
1502 3979 1603 4061 reden,

364 4085 532 4170 ομνοολιλοε,
555 4090 592 4150 ut
614 4086 699 4150 nihil
721 4088 764 4151 sit
788 4087 875 4171 quod
897 4086 976 4151 haec
998 4087 1152 4171 loquendi
1176 4086 1258 4151 ratio
1281 4084 1426 4149 rideatur
1444 4088 1501 4148 eut
1519 4085 1603 4149 vitu-

364 4197 508 4278 peretur,
545 4215 627 4277 quee
665 4197 786 4259 certam
818 4192 932 4258 Graeci
964 4194 1129 4263 sermonis
1156 4192 1419 4259 consuetudinem
1453 4195 1602 4257 sectatur.

364 4298 479 4383 Neque
511 4301 617 4387 magis
650 4300 847 4365 abundantia
879 4300 1035 4365 orationis
1066 4300 1223 4385 culpanda
1252 4303 1314 4383 est,
1347 4320 1427 4382 quae
1457 4302 1488 4363 at
1517 4320 1603 4363 nunc

365 4427 457 4470 suam
484 4408 551 4471 vim
578 4408 676 4472 habet
704 4411 736 4472 et
764 4430 783 4471 a
806 4406 1002 4475 Graecorum
1029 4428 1117 4472 more
1145 4407 1277 4471 minime
1308 4405 1412 4471 aliena
1435 4409 1497 4470 est:
1526 4415 1602 4490 σιγή

364 4512 520 4595 πτήξειαν
549 4515 679 4600 ἀφωνοι
707 4515 753 4580 ait
782 4513 958 4600 Sophocles
979 4516 1021 4579 rin
1047 4514 1145 4579 Aiace
1168 4512 1279 4599 (171),
1306 4512 1391 4578 idem
1419 4514 1454 4577 in
1478 4510 1601 4596 Oedipo

367 4617 434 4686 001
453 4619 549 4709 (130)
568 4621 852 4707 παραμειβόμεσθ’
875 4621 1041 4707 ἀδέρκτως
1061 4622 1203 4706 ἀφωνως
1222 4620 1350 4705 ἀλόγως
1368 4621 1405 4685 τὸ
1425 4629 1483 4696 τᾶς
1502 4618 1601 4703 εὐφή-

363 4753 429 4813 μου
453 4732 558 4813 στόμα
582 4730 764 4814 φροντίδος
787 4729 901 4813 ίέντες,
926 4751 1006 4813 quae
1030 4750 1096 4793 non
1118 4750 1184 4793 uno
1207 4729 1337 4793 nomine
1356 4726 1454 4813 digna
1473 4728 1601 4791 suntin

364 4834 425 4903 hac
453 4836 661 4921 disceptanda
689 4838 907 4903 controversia
935 4858 1021 4921 quae.
1034 4836 1261 4924 attendantur.
1298 4832 1411 4919 Neque
1437 4832 1601 4897 astrictius

418 4951 542 4992 Vehlenl
556 4952 667 5001 spumare
681 4952 712 4992 IL
1350 4944 1383 4991 14
1545 4937 1547 4941 ¹
