3967 5725
571 662 620 710 nn
638 658 867 711 summosano
886 659 1032 711 innuen
1049 660 1189 710 rumcrs
1210 658 1378 711 ocrsvro
1544 656 1608 721 109

374 828 568 887 wnrrnentns.
616 820 669 885 Sic
692 821 777 885 enim
801 818 974 886 Suetonius
997 821 1125 885 locutis
1149 824 1199 884 est
1221 822 1278 884 rit.
1297 819 1437 886 Neronis
1462 820 1503 885 37
1528 822 1610 885 rnori

370 930 470 995 ,inssis
492 950 556 993 non
574 928 712 1009 amplias
730 948 825 1009 qnnnn
843 929 994 993 marani
1013 928 1152 1009 mutinen
1171 928 1275 1009 dabat,
1298 927 1355 992 ubi
1374 928 1408 991 in
1426 927 1519 992 libris
1540 929 1609 1012 qui-

374 1035 510 1100 busdam
531 1034 751 1118 deterioribus,
775 1057 855 1118 quos
875 1034 1015 1099 Rothius
1035 1034 1135 1116 affert,
1158 1038 1216 1097 aut
1234 1036 1370 1098 dnnrnrn
1394 1037 1450 1098 aut
1476 1038 1610 1098 arante

374 1142 523 1207 borarnrn
555 1142 711 1205 insertum
743 1141 875 1227 legitur,
908 1163 1045 1224 quorum
1076 1140 1139 1204 hoc
1168 1139 1204 1204 F.
1221 1139 1261 1204 A.
1280 1139 1420 1206 Wolfius
1450 1142 1610 1225 probavit,

375 1254 548 1331 utrumque
572 1271 630 1313 suo
652 1249 720 1312 iure
739 1249 862 1332 sprevit
881 1246 1030 1329 Rothius,
1054 1252 1086 1311 et
1104 1250 1169 1312 iam
1189 1248 1266 1312 olim
1285 1248 1442 1312 Ernestus
1460 1249 1610 1313 borarnrn

356 1357 514 1439 -spatinni
542 1377 611 1419 esse
638 1355 788 1419 borarnnr
816 1355 935 1437 nlipnn
960 1359 1047 1419 recte
1075 1354 1252 1419 adnotarat.
1298 1354 1484 1439 Eodemque
1512 1356 1610 1421 modo

375 1462 548 1526 Suetonius
571 1464 688 1526 iterum
717 1461 846 1545 scripsit
870 1462 924 1525 vit.
943 1461 1118 1526 Domitian.
1139 1462 1159 1525 3
1182 1464 1264 1526 inter
1290 1464 1387 1526 initia
1408 1464 1612 1543 principatus
1656 1501 1658 1506 ·

375 1571 487 1634 cotidie
508 1575 654 1635 secretam
677 1570 739 1633 sibi
761 1570 911 1633 borurnrn
933 1589 1054 1634 snrnne
1075 1569 1190 1634 solebat
1211 1589 1267 1633 nec
1288 1572 1454 1651 quiequam
1473 1570 1612 1651 amplias

244 1755 247 1759 ¹
374 1698 470 1758 qnam
485 1696 607 1741 rnnseas
621 1682 762 1757 captura
777 1680 809 1739 et
823 1676 877 1740 hic
891 1676 1021 1760 quidem
1035 1698 1171 1761 magnus
1186 1673 1394 1740 Casaubonus
1410 1678 1560 1742 bnannrn
1575 1701 1615 1740 m

376 1784 474 1848 scribi
497 1784 606 1867 iussit,
628 1782 769 1847 Wolfius
797 1787 904 1847 autem
932 1789 1079 1847 secretam
1101 1783 1264 1848 berarium
1287 1784 1414 1866 maluit,
1443 1805 1524 1867 quae
1546 1806 1610 1847 rox
1625 1814 1651 1853 a

375 1890 471 1954 nihili
495 1894 557 1974 est,
584 1894 719 1973 uterque
747 1893 874 1973 practer
901 1912 1025 1954 morem
1053 1891 1144 1954 inre
1168 1890 1308 1974 simplici
1332 1895 1364 1953 ct
1387 1894 1498 1975 aperta
1519 1891 1611 1973 lapsi.

375 1997 510 2063 Minucii
533 2018 628 2061 nemo
653 2018 775 2060 memor
797 1996 860 2059 tuit
888 1997 923 2060 in
947 1995 1102 2061 Suetonio
1126 1997 1221 2060 utin
1243 1996 1386 2061 Minucio
1415 2019 1510 2062 nemo
1534 1995 1611 2061 Sue-

375 2106 472 2169 tonii:
495 2108 645 2189 putamus
670 2107 777 2167 autem
801 2104 880 2167 haec
902 2105 965 2168 tria
993 2106 1141 2189 exempla
1171 2102 1317 2169 codicum
1345 2104 1536 2168 auctoritate
1558 2104 1612 2167 fir·
1632 2164 1634 2167 Α

334 2253 336 2255 -
376 2216 462 2277 mata
486 2212 565 2275 satis
589 2210 652 2275 sibi
677 2211 814 2274 invicem
838 2210 990 2294 praesidii
1013 2212 1175 2295 praebere.
1221 2209 1283 2274 Sed
1307 2210 1429 2275 Wolfio
1458 2214 1497 2274 ut
1519 2210 1612 2273 satis-

376 2319 447 2399 fiat,
480 2319 536 2402 qui
570 2317 739 2383 dubitabat
768 2340 834 2382 non
864 2319 968 2403 magis
1000 2340 1096 2401 quam
1126 2318 1276 2382 bmnrnrn
1305 2320 1443 2399 spatinrn
1474 2317 1514 2381 ab
1544 2316 1611 2380 ullo

377 2426 533 2507 scriptore
557 2426 688 2503 dierunt,
711 2445 868 2489 annornrn
886 2427 1025 2506 spatinrn
1043 2424 1188 2509 positum
1207 2446 1286 2508 esse,
1307 2425 1370 2488 hoc
1388 2444 1612 2502 memoramus,

376 2529 545 2615 Iustinum,
569 2554 763 2615 quamquam
782 2554 1025 2615 nonnumquam
1043 2534 1211 2597 interiectis
1226 2534 1343 2612 paneis
1366 2532 1473 2596 diebus
1491 2530 1613 2610 scribit,

376 2641 415 2701 ut
437 2638 548 2702 Livius
578 2638 669 2722 loqui
698 2638 793 2722 solet,
822 2660 916 2721 saepe
944 2643 1053 2702 tamen
1081 2643 1113 2703 et
1136 2640 1264 2723 saepius
1287 2639 1423 2703 fortasse
1446 2639 1613 2703 interiectis

377 2745 484 2809 diebns
504 2744 630 2828 dixisse,
649 2745 746 2828 velut,
769 2767 809 2809 ue
829 2744 1049 2810 desiderentur
1067 2745 1130 2810 loci
1149 2764 1189 2808 111
1209 2745 1237 2828 l,
1252 2744 1287 2829 ὃς
1309 2764 1333 2806 v
1354 2746 1404 2828 10,
1419 2744 1451 2828 83
1475 2762 1564 2808 xvrn
1584 2746 1613 2827 l,

380 2852 434 2936 113
454 2871 542 2916 xv1u
558 2852 586 2930 7,
601 2852 631 2916 4.
647 2853 677 2930 9,
695 2853 806 2918 multis
826 2852 907 2936 aliis,
926 2853 1010 2918 idem
1029 2856 1184 2918 interiecto
1202 2859 1335 2936 ternpore
1353 2850 1456 2939 (xvur
1470 2851 1501 2936 3,
1517 2850 1611 2940 18)*)

378 2964 411 3022 et
433 2959 528 3041 tapeti
553 2959 719 3025 Gallornrn
742 2963 797 3042 qni
819 2966 892 3025 ante
914 2981 1033 3026 menses
1055 2961 1191 3026 &marn
1215 2961 1418 3025 incenderant
1441 2957 1503 3046 (xx
1522 2958 1553 3045 5,
1567 2958 1612 3046 4).

313 3146 314 3149 Ἴ
380 3066 479 3149 Apud
501 3065 681 3131 Minucium
706 3072 812 3132 autem
835 3068 863 3131 si
886 3068 1097 3150 relinquenda
1120 3071 1196 3132 sunt
1214 3068 1312 3132 verba
1329 3067 1614 3132 traditaborarnrn

378 3173 488 3238 saltern
505 3176 660 3255 permisso
688 3180 866 3256 ammenta,
889 3195 926 3238 eo
950 3175 1055 3260 magis
1078 3178 1224 3259 apertum
1247 3177 1296 3238 est
1319 3175 1352 3236 in
1375 3175 1522 3257 proxima
1546 3196 1614 3237 sen-

378 3280 481 3344 tentia
510 3281 557 3344 vel
585 3287 620 3345 nt
654 3278 759 3365 (netad
788 3279 872 3367 cod.)
906 3282 1042 3363 enemplo
1073 3283 1264 3346 crederemus
1292 3280 1466 3367 particulas
1495 3281 1542 3345 nel
1571 3287 1612 3359 nt,

379 3387 495 3469 quibus
513 3386 728 3451 Baehrensius
748 3388 893 3452 abutitur
914 3392 952 3452 ut
970 3389 1109 3473 refingat
1132 3410 1302 3453 numerum
1320 3389 1407 3452 beris
1425 3388 1614 3469 addendum,

378 3492 434 3557 alii
464 3492 557 3557 aliter
586 3497 765 3574 mutarunt,
795 3492 998 3577 temptandas
1028 3515 1094 3557 non
1125 3515 1207 3572 esse,
1238 3517 1319 3578 quae
1350 3499 1381 3558 et
1413 3494 1613 3578 probabilem
1694 3485 1697 3489 ’

380 3600 573 3664 sententiam
597 3599 719 3664 habent
743 3605 775 3664 et
799 3601 944 3683 exemplo
969 3601 1151 3682 firmantur,
1179 3598 1341 3665 Ciceronis
1365 3600 1403 3664 de
1426 3623 1461 3665 re
1484 3602 1614 3685 publica

380 3704 422 3790 (η
439 3706 494 3789 40,
508 3705 566 3794 67)
590 3713 634 3772 est
655 3708 713 3772 tibi
735 3727 772 3771 en
794 3708 837 3771 iis
859 3709 938 3786 ipsis
966 3709 1021 3788 qni
1047 3708 1165 3772 adsunt
1191 3707 1270 3772 bella
1297 3709 1386 3790 copia
1413 3707 1461 3772 nel
1487 3714 1522 3771 nt
1544 3729 1564 3770 a
1588 3714 1615 3770 te

379 3816 447 3894 ipso
469 3814 604 3878 ordiare.

469 3937 503 3982 Π.
527 3920 743 4004 Posteaquam
768 3919 921 3984 Octavius
945 3941 969 3983 c.
991 3919 1033 3982 19
1057 3942 1159 4003 usque
1182 3942 1201 3983 a
1224 3919 1324 3983 Thale
1347 3919 1474 3984 Milesio
1501 3920 1540 3984 de
1563 3920 1613 3984 de·
1628 3953 1655 3992 30

380 4049 472 4091 orum
495 4031 611 4092 natura
634 4027 902 4112 philosophorum
928 4028 1103 4092 sententias
1127 4028 1335 4109 enumeravit,
1358 4026 1516 4091 rationem
1540 4049 1614 4092 con-

380 4134 511 4198 cludens
534 4134 586 4198 his
609 4134 717 4198 verbis
742 4134 859 4197 desinit
883 4134 968 4217 20,1

514 4241 659 4323 Exposui
685 4243 845 4323 opiniones
874 4243 1015 4306 ornninrn
1036 4243 1134 4322 fenne
1149 4242 1405 4323 pbilosophorum
1432 4242 1544 4323 qnibns
1564 4244 1615 4306 in-

515 4348 642 4413 lustrior
663 4349 765 4430 picria
789 4354 840 4431 est,
863 4349 954 4412 denrn
976 4370 1077 4412 nnnrn
1099 4348 1208 4413 rnnltis
1230 4349 1299 4413 lieet
1321 4350 1498 4430 ἀεςίᾳηαεεθ
1515 4350 1616 4413 norni-

516 4456 616 4533 nibns,
639 4461 674 4519 nt
695 4457 798 4536 quinis
825 4442 992 4520 arbitretur
1020 4461 1077 4520 ant
1101 4475 1186 4519 nnnc
1214 4456 1399 4520 ebrntianos
1415 4456 1615 4537 pntnsopnos

515 4582 578 4626 esse
600 4568 656 4626 ant
672 4562 871 4646 philosophos
891 4563 991 4642 fnisse
1013 4564 1080 4626 iarn
1103 4568 1177 4626 tnnc
1199 4562 1393 4628 christianos.

471 4737 534 4806 *20)
555 4737 609 4806 [Ita
623 4737 754 4791 Valerius
768 4737 907 4791 Maximus
927 4755 1099 4806 quamquam
1117 4757 1168 4791 vm
1182 4744 1207 4803 4,
1224 4740 1370 4807 lpnrnnio
1384 4739 1482 4792 deinde
1500 4744 1616 4804 ternpore

378 4825 528 4890 interiecto,
547 4826 658 4894 saepius
677 4827 816 4880 interiecto
835 4832 960 4896 tempore,
979 4827 1118 4881 interiecto
1139 4827 1237 4880 deinde
1255 4833 1371 4895 ternpore
1385 4829 1422 4895 (p.
1439 4829 1504 4890 302,
1519 4829 1548 4889 ὃς
1563 4831 1616 4876 342

357 4969 359 4975 ,
379 4913 527 4982 2Kompf,
543 4913 611 4985 al.).]
