3967 5725
456 702 459 711 ,
483 651 534 699 DE
552 648 762 699 PRAECEPTO
783 646 938 710 QUODAM
958 644 1129 696 ANONYMI
1147 643 1234 693 ΠΕΡΙ
1251 640 1465 709 missuum.
1527 636 1594 705 569

358 814 410 876 vel
433 832 478 875 or.
497 828 607 878 XXXVI
626 809 667 873 61

494 920 524 982 εἰ
547 914 584 981 δὲ
607 916 750 1001 ἀτεχνῶς
773 914 904 998 ὑψηλόν
926 938 960 979 τε
984 911 1040 979 καὶ
1064 910 1214 995 ἐξίτηλον
1232 910 1337 995 ἀπέβη
1356 914 1394 976 τὸ
1413 922 1473 978 τοῦ
1492 917 1595 997 λόγου

494 1034 600 1109 σχῆμα
620 1072 687 1105 ...,
707 1023 777 1087 οὐκ
797 1019 852 1104 ἐμὲ
872 1021 967 1098 ἀξιον
986 1022 1169 1102 αἰτιᾶσθαι,
1193 1019 1255 1101 τὴν
1274 1019 1315 1084 δὲ
1334 1023 1596 1103 Βορυσθενιτῶν

494 1130 642 1213 ἀξίωσιν,
666 1131 709 1205 ὡς
732 1131 806 1193 τότε
830 1127 950 1193 ἐκεῖνοι
974 1126 1084 1211 λέγειν
1106 1125 1322 1210 προσέταξαν,

360 1240 510 1303 volumus
534 1238 628 1303 nobis
651 1239 736 1302 viam
756 1237 880 1300 munire
900 1235 939 1299 ad
959 1234 1202 1318 disceptandum
1220 1235 1328 1297 locum
1348 1234 1508 1318 quendam
1527 1237 1596 1301 eins

362 1346 507 1429 oratoris,
531 1368 626 1429 quem
646 1369 664 1410 a
682 1343 859 1408 novissimo
879 1342 1002 1407 editore
1021 1364 1135 1426 parum
1153 1346 1240 1405 recte
1259 1344 1432 1405 tractatum
1451 1343 1597 1408 videmur

360 1453 455 1518 nobis
479 1452 536 1519 illa
559 1451 783 1517 observatione
811 1454 939 1514 utentes
968 1450 1068 1513 tutari
1094 1452 1191 1533 atque
1215 1449 1385 1532 explicare,
1398 1470 1502 1534 posse.
1539 1450 1598 1515 Le

363 1565 484 1646 guntur
507 1559 586 1623 haec
608 1560 641 1623 in
667 1558 812 1623 oratione
835 1558 873 1621 de
897 1578 1025 1621 secessu
1048 1574 1097 1619 xx
1117 1557 1134 1618 7

499 1664 570 1733 ἀλλ’
600 1667 650 1732 ὅτι
674 1690 712 1749 γε
731 1665 772 1730 ού
790 1666 890 1740 τόπος
914 1662 1006 1728 ἐστὶν
1024 1662 1042 1727 ὁ
1060 1662 1214 1748 παρέχων
1232 1663 1313 1729 οὐδὲ
1330 1667 1368 1730 τὸ
1387 1664 1597 1751 ἀποδημῆσαι

496 1775 592 1859 τὸμὴ
612 1771 712 1858 φαῦλ’
735 1773 815 1837 ἀττα
834 1772 990 1854 πράττειν
1010 1770 1089 1835 οὐδὲ
1111 1771 1172 1848 (τὸ)
1193 1772 1240 1847 εἰς
1254 1774 1430 1854 Κόρινθον
1449 1773 1469 1858 ἣ
1485 1776 1597 1857 Θήβας
1612 1805 1643 1847 ια

498 1879 783 1964 ἀνακεχωρηκέναι
812 1878 862 1962 [τὸ
887 1874 937 1962 δέ]
966 1878 1026 1942 τὸν
1053 1880 1262 1961 βουλόμενον
1288 1881 1371 1964 πρὸς
1398 1880 1487 1969 αὐτῷ
1511 1877 1598 1949 εἶναι

499 2026 543 2035 -
562 1986 617 2051 καὶ
642 1988 704 2070 γάρ
730 1986 767 2050 ἐν
788 1988 914 2069 Θήβαις
936 1986 991 2049 καλ
1011 1984 1048 2049 ἐν
1066 1985 1239 2068 Μεγάροις
1262 1987 1316 2050 καὶ
1335 1998 1504 2071 πανταχοῦ
1528 2006 1598 2074 σχε-

501 2096 562 2160 δὸν
586 2090 626 2159 οὗ
650 2117 701 2169 τις
718 2092 761 2157 ἀν
780 2091 910 2176 ἀπέλθη
930 2101 987 2175 τῆς
1000 2089 1162 2167 Ἑλλάδος
1180 2089 1234 2156 καλ
1254 2100 1312 2174 τῆς
1326 2090 1470 2171 Ἰταλίας
1488 2091 1597 2161 ἔνεστι

498 2206 536 2268 τύ
559 2226 594 2266 τε
617 2200 733 2285 ἀργεῖν
756 2200 866 2264 καὶτὸ
886 2199 1062 2284 ῥᾳθυμεῖν.

364 2308 419 2376 Sic
448 2309 533 2374 enim
557 2308 724 2373 Arnimius
752 2306 853 2372 edidit
879 2307 992 2390 quiet
1021 2305 1082 2383 (τὸ)
1107 2305 1244 2371 inseruit
1269 2306 1308 2370 de
1331 2328 1390 2372 suo
1414 2312 1447 2372 et
1470 2308 1522 2393 [τὸ
1546 2310 1599 2394 δὲ]

364 2438 445 2501 quae
474 2417 594 2500 scripta
622 2418 698 2479 sunt
726 2415 760 2478 in
786 2412 879 2477 libris
907 2412 1059 2477 resecuit:
1088 2433 1151 2496 quo
1180 2413 1267 2478 facto
1290 2411 1439 2500 (missum
1462 2415 1598 2481 fecimus

364 2524 524 2588 inutiliter
547 2522 691 2587 additum
715 2519 902 2606 articulum)
926 2541 985 2585 nec
1008 2519 1164 2585 orationis
1187 2519 1323 2585 formum
1346 2543 1450 2606 neque
1474 2528 1598 2589 senten·

363 2633 443 2696 tiam
470 2635 619 2695 constare
647 2628 814 2713 arbitrere3
841 2650 908 2692 non
935 2626 1039 2713 magis
1067 2627 1242 2711 probamus
1270 2628 1358 2711 quod
1380 2627 1465 2693 idem
1488 2631 1523 2693 in
1546 2632 1599 2695 ud-

363 2738 529 2803 notetione
545 2737 744 2821 memoravit,
759 2737 980 2819 insequentem
997 2735 1188 2799 sententiam
1202 2733 1257 2800 καὶ
1272 2735 1336 2818 γάρ
1352 2734 1389 2800 ἐν
1401 2739 1525 2820 Θήβαις
1539 2743 1598 2804 κτλ

365 2847 434 2930 ‘per
452 2844 691 2911 anacoluthiam
709 2844 859 2929 epodosis
877 2842 961 2909 looo’
978 2865 1059 2907 esse:
1078 2842 1173 2908 nobis
1193 2842 1322 2928 quidem
1341 2844 1421 2909 haec
1439 2847 1599 2911 sententia
1613 2876 1644 2918 ro

364 2955 503 3037 perpete
523 2953 714 3037 particulam
734 2955 820 3017 recte
838 2951 941 3034 priori
961 2949 1144 3034 explicandi
1163 2954 1195 3015 et
1214 2951 1425 3016 confirmandi
1445 2974 1540 3017 cause
1554 2955 1599 3018 vi-

365 3061 457 3125 detur
471 3060 594 3124 adnexa
613 3081 691 3124 esse.
714 3058 800 3124 lllud
819 3080 930 3122 verum
948 3062 997 3122 est
1015 3080 1126 3122 vocem
1146 3057 1254 3121 deesse
1273 3058 1358 3123 unde
1377 3059 1428 3123 ὅτι
1441 3061 1600 3143 particule

364 3168 512 3251 pendeat,
527 3166 583 3230 sed
597 3189 634 3230 ea
647 3166 785 3230 fortasse
799 3165 902 3248 ipsius
917 3169 966 3229 est
977 3162 1116 3228 oratoris
1126 3165 1223 3248 eulpa
1236 3165 1362 3229 omissa.
1379 3167 1430 3229 Ad
1440 3189 1598 3231 summam

366 3273 543 3338 sententiae
561 3277 599 3336 ut
619 3273 815 3353 accedamus,
834 3293 873 3334 ne
893 3271 1091 3354 decipiamur
1104 3291 1221 3353 errore,
1240 3271 1420 3336 omittimus
1436 3272 1600 3357 paulisper

366 3401 449 3464 quae
462 3379 526 3442 nisi
545 3378 706 3442 ornandae
722 3383 754 3440 et
768 3376 1011 3461 amplificandae
1026 3376 1182 3441 orationis
1196 3399 1262 3440 non
1277 3382 1366 3462 sunt3
1381 3400 1462 3462 quae
1476 3384 1600 3445 restent

365 3487 449 3551 hanc
459 3487 588 3569 plenam
599 3484 719 3549 habent
730 3489 762 3549 et
771 3486 973 3569 perspicuam
985 3484 1190 3548 sententiam:
1206 3483 1367 3564 ούτύπος
1379 3483 1471 3551 ἐστὶν
1485 3486 1502 3551 ὁ
1516 3509 1599 3569 παρ-

367 3594 451 3677 έχων
470 3593 565 3675 τὸμὴ
580 3589 683 3676 φαῦλ’
705 3593 785 3656 ἀττα
803 3591 971 3674 πράττειν,
990 3593 1027 3655 τὸ
1047 3591 1089 3655 δὲ
1107 3593 1167 3656 τὸν
1185 3594 1395 3674 βουλόμενον
1413 3594 1496 3678 πρὸς
1510 3593 1600 3682 αὑτῷ

366 3694 757 3784 ελναι,εοί1ἰοελπαρε’χει
781 3700 817 3763 τὸ
841 3699 884 3782 μὴ
908 3703 1021 3781 φαῦλα
1044 3696 1210 3782 πράττειν.
1249 3696 1302 3762 Sic
1325 3699 1411 3764 enim
1434 3699 1514 3766 haec
1537 3702 1600 3766 sibi

366 3808 526 3871 contrariu
537 3811 623 3892 sunt,
637 3807 782 3872 eomodo
796 3827 890 3889 quem
904 3804 1060 3889 exemplis
1071 3806 1238 3871 nonnullis
1250 3806 1491 3871 declaravimus.
1506 3807 1600 3872 Eam·

366 3935 428 3998 que
448 3914 639 3978 sententiam
658 3914 732 3979 inde
751 3935 769 3976 a
787 3913 934 3996 proxime
953 3913 1136 3995 insequenti
1154 3917 1264 3978 orator
1282 3913 1432 3997 deinceps
1452 3915 1599 3998 pluribus
1613 3942 1643 3981 ω

366 4022 563 4106 argumentis
578 4024 746 4086 exsecutus
761 4025 817 4085 est.
841 4019 892 4084 Ex
908 4019 1037 4104 quibus,
1051 4020 1203 4102 quoniam
1216 4023 1319 4084 totam
1338 4022 1596 4105 explanationem

366 4130 539 4193 transferre
549 4129 708 4211 nonlicet,
721 4127 798 4192 eatis
811 4128 853 4191 sit
865 4126 1008 4191 adfidem
1021 4127 1200 4191 faciendam
1212 4149 1315 4210 pauca
1326 4129 1530 4212 excerpsisse.
1546 4128 1601 4193 Sic

366 4237 467 4322 igitur
489 4235 597 4320 pergit
615 4240 690 4320 post
712 4257 749 4298 eu
772 4256 854 4317 quae
873 4256 969 4317 supra
987 4233 1086 4298 allata
1109 4239 1197 4298 suut:
1216 4235 1264 4314 §7
1286 4232 1340 4299 καὶ
1360 4234 1422 4299 ούκ
1441 4234 1599 4319 ἀπορήσει

367 4344 575 4428 προφάσεως,
590 4344 675 4408 ὅπου
690 4341 733 4406 ἀν
746 4341 827 4426 τύχη
844 4342 902 4422 ὥν,
921 4338 964 4406 δι’
983 4341 1027 4424 ἣν
1040 4341 1214 4424 βλακεύων
1232 4364 1266 4404 τε
1280 4339 1335 4405 καὶ
1355 4341 1601 4425 ἀσχολούμενος

367 4451 532 4516 ἀναλώσει
550 4447 605 4514 καὶ
624 4450 713 4514 πάνυ
732 4450 840 4512 πολὺν
858 4449 991 4531 χρόνον,
1010 4446 1053 4512 ἀν
1072 4447 1178 4524 οὕτως
1195 4448 1286 4531 τύχη.
1309 4448 1354 4531 μη
1368 4444 1431 4513 οὖν
1447 4450 1601 4532 βελτίστη

369 4549 457 4644 ᾖκαὶ
473 4555 725 4639 λυσιτελεστάτη
739 4565 855 4620 πασῶν
870 4553 889 4636 ἡ
905 4555 952 4630 εἰς
967 4554 1071 4619 αὑτὸν
1085 4552 1293 4638 ἀναχώρησις
1307 4554 1409 4618 καὶτὸ
1423 4555 1603 4638 προσέχειν

367 4675 437 4740 τοῖς
451 4664 556 4728 αὑτοῦ
570 4661 771 4747 πράγμασιν,
786 4660 844 4726 ε’άν
863 4660 891 4726 τ’
912 4660 950 4726 έν
963 4664 1142 4744 Βαβυλῶνι
1162 4662 1242 4746 τύχη
1262 4685 1312 4737 τις
1327 4662 1375 4726 ὢν
1389 4660 1448 4726 ἐάν
1462 4660 1491 4726 τ’
1505 4660 1600 4744 Ἀθή-

367 4787 466 4854 νησιν
479 4775 539 4834 κτλ
553 4773 586 4833 ct
598 4769 694 4854 paulo
704 4769 837 4854 post§9
850 4770 936 4834 ἰδεῖν
945 4791 980 4832 τε
988 4765 1058 4832 ἔστι
1068 4766 1122 4833 καλ
1133 4766 1170 4832 έν
1180 4776 1226 4854 τῷ
1237 4768 1327 4833 πάνυ
1336 4773 1449 4855 πολλῷ
1459 4769 1602 4855 θορύβῳ

366 4901 401 4942 τε
424 4875 480 4941 καὶ
502 4879 624 4959 πλήθει
648 4877 689 4942 οὐ
712 4879 927 4961 κωλυόμενον
950 4875 1107 4961 πράττειν
1130 4875 1269 4941 ἕκαστον
1297 4877 1334 4940 τὸ
1363 4875 1468 4940 αὑτοῦ
1491 4878 1602 4959 ἔργον.
