3967 5725
381 571 447 637 398
632 577 705 628 nm.
723 577 840 628 mour
857 576 1072 628 nnonouuu
1090 577 1323 628 nnsrrvsnun
1342 579 1420 628 1901.

471 736 677 823 Madvigium
704 739 972 804 commentatione
1000 739 1157 804 excitatus
1187 736 1222 803 G.
1246 737 1452 802 Hermannus
1476 761 1502 806 a
1528 737 1660 803 18414

383 866 463 928 quos
486 843 542 908 ille
564 844 666 910 libros
689 866 786 927 prosa
804 847 949 910 oratione
969 851 1116 910 exaratos
1136 867 1209 910 cum
1227 847 1327 930 vulgo
1347 845 1524 910 crediderat
1543 866 1617 910 cum

382 950 455 1016 aliis
482 951 664 1016 rationibus
691 956 762 1016 tum
789 952 934 1036 reliquiis
962 953 1042 1037 ipsis
1071 957 1157 1018 certa
1184 957 1360 1017 metrorum
1385 952 1522 1038 vestigia
1544 973 1619 1036 pro·

383 1059 533 1124 dentibus
556 1058 702 1123 versibus
724 1080 793 1124 esse
812 1061 1011 1144 compositos
1029 1063 1272 1146 argumentatus
1290 1059 1490 1125 trochaicum
1507 1081 1618 1124 nume-

382 1189 455 1230 rum
482 1167 625 1231 restituit
653 1166 813 1250 verbaque
840 1166 898 1230 illa
920 1189 1002 1250 quae
1025 1171 1101 1231 suut
1124 1167 1163 1232 de
1185 1166 1294 1248 Plauti
1318 1166 1507 1248 comoediis,
1535 1187 1618 1249 quae

382 1274 423 1337 ad
441 1289 701 1339 Dmnscnmcon
720 1274 820 1339 libros
840 1278 925 1339 recte
943 1274 1056 1338 referri
1074 1275 1241 1358 concessit,
1259 1274 1323 1339 hoc
1337 1273 1433 1338 modo
1448 1273 1619 1358 descripsit
1636 1333 1638 1337 .

383 1378 479 1466 (Opp.
499 1399 563 1444 vlu
581 1403 611 1464 p.
631 1380 711 1468 392)

517 1488 664 1571 Namque
685 1509 740 1554 nee
765 1488 894 1554 Gemini
916 1489 1051 1568 lemnes,
1074 1509 1129 1554 nec
1152 1487 1353 1568 Condatimn,
1376 1508 1440 1553 nen
1457 1487 1551 1552 Anus

519 1595 645 1675 Plonte',
667 1616 723 1661 nec
744 1595 806 1660 Bis
828 1616 1002 1677 compressu
1025 1601 1080 1661 ont
1098 1595 1228 1661 Boeotio
1251 1597 1331 1661 eins
1351 1615 1502 1676 nmquam
1522 1595 1595 1676 fnit,

344 1729 370 1769 m
517 1702 625 1784 Neque
646 1705 723 1768 odeo
746 1702 915 1786 Agroecus,
938 1723 1035 1786 neque
1058 1701 1298 1768 Commorientes
1319 1703 1374 1768 sed
1396 1702 1506 1767 Marci
1525 1703 1600 1781 Titi,

385 1808 441 1872 sed
458 1812 496 1873 ut
514 1810 542 1873 is
562 1831 691 1894 quoque
710 1810 816 1875 ultimi
832 1811 975 1875 nominis
990 1811 1183 1893 scripturam
1196 1811 1232 1874 in
1244 1809 1398 1896 ambiguo
1412 1810 1619 1894 relinqueret.

474 1916 651 1982 Hermanni
684 1917 843 1981 sententia
870 1916 1067 1982 Ritsohelius
1105 1920 1238 2002 excepta
1264 1920 1297 1980 et
1323 1915 1384 1980 hos
1410 1938 1521 1981 versus
1550 1938 1620 1980 esse

385 2027 418 2089 et
444 2023 644 2089 trochaicum
671 2046 841 2088 numerum
868 2024 1112 2089 instaurandum
1140 2024 1298 2108 probavit.
1336 2024 1399 2101 Qui
1425 2046 1497 2090 cum
1521 2045 1558 2088 ea
1580 2023 1619 2087 de

385 2153 420 2195 re
447 2135 557 2218 ageret
581 2131 617 2195 in
640 2131 863 2197 dissertatione
886 2131 924 2195 de
947 2131 1057 2196 Plauti
1079 2132 1266 2196 nominibus
1290 2131 1421 2196 11841
1448 2131 1546 2214 edita,
1573 2153 1620 2194 re

385 2239 488 2322 petita
514 2242 622 2303 autem
645 2238 681 2302 in
703 2237 868 2325 Parergon
891 2237 1115 2304 Plautinomm
1137 2238 1302 2304 volumine
1325 2257 1351 2324 1,
1378 2238 1464 2303 felici
1488 2237 1620 2324 ingenio

386 2346 525 2433 contigit
551 2349 589 2409 ut
618 2347 756 2430 quaein
780 2347 933 2410 extremis
956 2345 1063 2412 verbis
1087 2346 1272 2411 versibusve
1293 2346 1444 2412 Accianis
1468 2344 1565 2409 dubia
1589 2348 1622 2410 11

385 2453 509 2518 incerta
536 2474 608 2518 cum
631 2451 795 2540 Madvigio
819 2452 1024 2518 Hermannus
1053 2453 1242 2518 destituerat
1270 2451 1466 2518 obscuritate
1494 2451 1622 2516 sublata

386 2559 421 2624 in
439 2561 525 2625 clara
542 2559 614 2624 luoe
632 2563 809 2644 reponeret.
841 2559 966 2626 Memor
984 2562 1069 2626 enim
1089 2561 1300 2646 vestigiorum
1318 2558 1463 2625 Plautini
1480 2559 1620 2624 nominis

386 2665 560 2753 evulgato
585 2667 702 2730 diversi
725 2690 745 2731 1
767 2688 800 2732 11
823 2667 858 2731 in
881 2667 990 2734 codice
1013 2666 1229 2732 Ambrosiano
1253 2671 1455 2752 repertorum
1477 2668 1512 2731 T.
1527 2667 1621 2732 Mne-

346 2801 373 2840 m
386 2775 469 2839 einm
497 2773 606 2858 potius
632 2795 729 2857 quam
752 2774 802 2839 M.
820 2774 952 2840 Aeonum
975 2775 1188 2840 indicantium
1212 2775 1444 2859 scripturisque
1467 2772 1621 2840 Gallionis

386 2904 468 2966 quae
491 2886 599 2946 essent
621 2882 657 2946 in
678 2882 824 2947 versibus
847 2881 997 2949 Accianis
1017 2882 1254 2947 accuratissime
1273 2883 1416 2947 excussis
1435 2904 1473 2947 eo
1492 2881 1622 2948 devenit

386 2993 424 3054 ut
450 2990 486 3053 in
514 2993 657 3054 extrema
684 2993 776 3073 parte
803 2992 975 3056 verborum
998 2988 1090 3055 Accii
1117 3011 1184 3054 non
1211 2990 1293 3054 alius
1317 2988 1484 3054 cuiusdam
1506 2993 1621 3073 poetae

386 3116 505 3161 nomen
537 3098 592 3162 scd
623 3098 726 3182 ipsius
754 3096 862 3162 Plauti
893 3096 1129 3163 restituendum
1160 3096 1357 3182 intelligeret
1388 3096 1622 3181 splendidoque

387 3204 532 3270 acumine
554 3227 656 3289 paene
678 3206 766 3270 ultro
790 3226 830 3269 ex
852 3205 931 3291 ipsis
955 3204 1104 3268 codicum
1127 3203 1295 3289 scripturis
1318 3203 1540 3287 prosilientem
1557 3204 1620 3268 for-

386 3334 471 3375 mam
490 3312 644 3377 ·nominis
672 3313 781 3377 Maeci
809 3314 877 3377 Titi
904 3311 1086 3378 suscitaret:
1118 3312 1153 3375 in
1182 3312 1272 3376 cuius
1300 3311 1346 3375 rei
1373 3311 1470 3375 fidem
1498 3310 1623 3375 addidit

387 3418 472 3484 idem
503 3440 621 3483 nomen
654 3421 851 3503 eandemque
883 3418 951 3483 cius
983 3419 1123 3483 formam
1151 3440 1191 3483 ex
1219 3418 1382 3484 simillima
1411 3418 1517 3503 specie
1546 3417 1621 3481 scri·

387 3529 501 3609 pturae
519 3524 554 3589 in
572 3548 665 3591 versu
684 3527 812 3611 prologi
829 3525 1019 3592 Mercatoris
1037 3524 1206 3591 Plautinae
1226 3522 1299 3613 (10)
1316 3524 1507 3610 recuperari,
1526 3545 1622 3607 quem

390 3653 517 3696 versum
540 3634 587 3698 111
610 3633 815 3699 scribendum
839 3634 949 3698 docuit

521 3740 645 3805 Eodem
669 3740 784 3806 Latine
806 3741 967 3806 Mercator
985 3741 1094 3805 Maeci
1113 3742 1188 3825 Titi.

348 3872 373 3911 ro
387 3845 550 3912 Versuum
578 3852 685 3911 autem
716 3845 932 3913 Accianorum
958 3849 1074 3913 tertius
1102 3852 1216 3932 utpote
1239 3848 1303 3912 iam
1327 3848 1416 3933 exitu
1439 3846 1507 3911 eius
1530 3846 1622 3911 resti-

388 3957 459 4018 tuto
487 3976 616 4019 necesse
643 3958 713 4019 erat
741 3977 885 4020 seorsum
911 3955 951 4020 ab
975 3954 1154 4020 Hermanni
1178 3954 1302 4020 ratione
1326 3954 1560 4020 emendaretur:
1588 3953 1622 4018 id

390 4060 476 4143 quod
503 4060 701 4126 Ritschelius
734 4061 780 4125 ita
807 4062 978 4146 temptavit
1005 4065 1042 4126 ut
1069 4061 1132 4149 tria
1160 4065 1356 4147 proponeret
1384 4060 1542 4145 exempla3
1575 4061 1622 4125 sic

388 4168 473 4232 enim
504 4166 691 4253 ambigebat
717 4170 786 4252 ipse
812 4174 946 4255 propter
972 4170 1177 4235 renuentium
1205 4169 1376 4234 verborum
1404 4166 1622 4253 asperitatem3

387 4296 482 4358 posse
506 4278 613 4341 autem
637 4277 735 4341 scribi
757 4277 886 4361 putavit

434 4392 478 4447 vel
519 4382 586 4448 Nee
605 4384 672 4465 fnit
693 4384 769 4448 odeo
791 4385 949 4466 Aproemns
970 4405 1066 4466 neque
1090 4382 1330 4449 Commern'mtes
1348 4383 1457 4449 Maeci
1477 4382 1543 4446 Titi

433 4499 478 4554 vel
519 4490 627 4572 Neque
649 4491 807 4574 Apreeens
827 4512 924 4573 neone
946 4493 1023 4557 odeo
1047 4489 1287 4557 Commorientes
1307 4492 1372 4572 fnit
1390 4491 1499 4556 Macci
1517 4489 1585 4553 Titi

433 4605 479 4660 vel
520 4597 628 4679 Neque
649 4599 726 4663 odeo
746 4599 811 4679 fnit
834 4595 1074 4664 Commorientes
1095 4619 1191 4681 neque
1213 4598 1369 4681 Agroecus
1388 4597 1497 4661 Maeci
1515 4596 1590 4660 Tin.

477 4700 530 4766 Ad
563 4704 695 4769 eandem
723 4726 850 4770 oausam
878 4705 1116 4790 disceptandam
1145 4708 1220 4789 post
1247 4704 1462 4770 Ritschelium
1490 4700 1623 4767 accessit

389 4808 614 4873 Lachmannus
642 4811 699 4893 qui
725 4811 760 4874 in
786 4814 953 4895 prooemio
982 4836 1008 4877 1.
1030 4812 1116 4877 1849
1137 4809 1233 4898 (Opp.
1253 4834 1283 4897 p.
1303 4810 1362 4898 67)
1389 4811 1435 4876 ita
1464 4810 1623 4891 disseruit,
