3967 5725
389 614 456 680 204
594 617 694 668 XLIII.
713 617 828 668 INDEX
847 615 1061 667 LECTIONUM
1079 614 1311 666 AESTIVARUM
1331 617 1412 666 1896.

388 779 556 843 desideriis
580 777 735 862 impedita
757 777 796 841 ad
821 777 1040 864 cognitionem
1062 778 1131 841 veri
1155 798 1188 840 se
1212 775 1288 840 dare
1310 775 1428 859 possit,
1450 774 1657 840 accedente4

388 888 497 950 autem
515 888 620 950 morte
638 904 704 949 non
722 883 901 948 recalcitret
919 888 975 948 aut
993 883 1186 970 indignetur,
1206 883 1262 947 sed
1279 881 1406 966 placida
1424 871 1530 946 mente
1545 881 1622 946 reci-

387 992 457 1075 piat
480 1014 548 1057 eam
572 991 662 1056 cuius
686 991 841 1056 beneficio
862 1013 943 1074 quae
961 1013 1020 1074 per
1038 993 1140 1054 totum
1161 989 1260 1054 vitam
1280 989 1404 1053 ardenti
1422 988 1528 1053 studio
1548 1010 1622 1053 eon·

389 1099 547 1183 cupiverit
570 1099 634 1162 iam
658 1119 692 1162 se
714 1098 809 1183 plane
833 1102 1082 1163 consecuturum
1105 1101 1276 1180 exspectet.

478 1203 541 1271 Sed
571 1227 631 1269 nos
664 1207 741 1270 dum
769 1205 886 1268 harum
918 1205 1150 1269 sententiarum
1183 1203 1374 1290 gravitatem
1407 1225 1480 1268 cum
1512 1205 1622 1287 lepore

388 1312 522 1376 mixtam
559 1310 783 1377 admirabundi
819 1312 1055 1396 persequimur,
1092 1311 1188 1375 simul
1221 1310 1420 1376 attendentes
1454 1310 1621 1374 mirificam

388 1423 500 1504 artem,
523 1440 587 1503 qua
609 1418 690 1483 haec
712 1417 823 1482 fabula
845 1418 996 1483 morituri
1016 1416 1165 1500 Socratis,
1189 1421 1352 1501 tamquam
1376 1418 1410 1480 in
1429 1439 1524 1482 scena
1543 1421 1623 1500 acta,

387 1527 566 1614 legentium
587 1528 628 1592 ob
647 1528 759 1592 oeulos
777 1531 925 1611 ponatur,
949 1526 1075 1611 accidit,
1093 1529 1131 1590 ut
1148 1525 1380 1590 haesitaremus
1399 1524 1434 1588 in
1452 1546 1517 1588 una
1534 1544 1624 1608 voce,

389 1654 533 1698 connexa
547 1632 604 1698 illa
614 1632 742 1717 quidem
754 1632 893 1716 quodam
903 1633 999 1698 modo
1011 1655 1083 1698 cum
1092 1633 1207 1697 intima
1216 1631 1312 1696 huius
1324 1631 1444 1718 dialogi
1455 1629 1622 1715 sententia,

347 1769 374 1810 ro
388 1762 492 1823 neque
511 1739 850 1823 circumstrepentibus
870 1740 1069 1804 eruditorum
1089 1739 1296 1824 opinionibus
1312 1761 1372 1805 nos
1387 1737 1624 1824 expediremus3

388 1850 421 1910 et
444 1868 504 1912 nos
527 1846 590 1911 hoc
614 1846 700 1930 quod
724 1868 818 1932 saepe
837 1846 916 1911 alias
936 1847 1162 1932 sentiebamus,
1184 1869 1252 1912 non
1270 1845 1535 1912 contemnendam
1554 1865 1622 1908 rem

387 1975 456 2019 esse
475 1953 508 2018 in
527 1935 670 2019 veterum
690 1954 884 2039 scriptorum
901 1955 1050 2038 lectione,
1074 1954 1125 2018 cui
1146 1955 1355 2040 contingeret,
1377 1974 1444 2017 non
1461 1956 1499 2017 ut
1517 1953 1623 2017 obiter

387 2064 420 2124 et
443 2061 535 2145 quasi
559 2059 701 2126 diluculo
726 2081 807 2144 quae
831 2060 942 2125 dicunt
963 2065 1162 2147 agnosceret,
1184 2061 1240 2126 sed
1258 2060 1436 2144 ponderata
1454 2081 1526 2124 cum
1546 2079 1624 2124 cura

388 2168 502 2251 quavis
529 2189 609 2234 voce
636 2168 731 2252 plane
760 2189 871 2232 eorum
898 2173 1022 2234 mentes
1050 2173 1083 2233 et
1111 2167 1246 2234 consilia
1275 2169 1309 2232 in
1337 2167 1473 2254 singulis
1499 2171 1532 2231 et
1554 2166 1624 2230 uni—

386 2275 488 2339 versis
511 2296 741 2358 usquequaque
764 2274 968 2358 perspiceret.
1006 2274 1055 2339 De
1078 2275 1140 2340 hac
1162 2274 1263 2361 igitur
1285 2295 1372 2358 voce,
1396 2275 1548 2358 quoniam
1567 2273 1624 2338 ali·

388 2381 466 2466 quid
483 2381 658 2446 litterariae
676 2381 886 2466 praefationis
904 2382 1139 2447 enumerationi
1156 2382 1332 2448 lectionum
1351 2382 1623 2466 praemittendum

387 2492 446 2571 est,
463 2509 550 2554 nuuc
568 2509 664 2573 agere
682 2487 908 2553 constituimur
927 2490 1256 2573 temptantesecquid
1275 2489 1529 2574 argumentando
1549 2510 1623 2554 con-

386 2595 481 2660 ficere
507 2595 683 2679 possimus3
711 2595 767 2659 sed
795 2596 824 2659 si
850 2595 935 2660 forte
962 2595 1026 2662 hoc
1048 2619 1115 2661 non
1136 2597 1277 2662 assecuti
1300 2595 1456 2660 fuerimus
1479 2595 1624 2661 excussis

386 2700 567 2766 rationibus
595 2702 745 2766 omnibus
772 2707 810 2766 ut
837 2703 1056 2768 controversia
1083 2708 1309 2786 componatur,
1337 2703 1399 2768 erit
1425 2703 1561 2769 fortasse
1588 2705 1624 2768 in

347 2837 373 2877 so
388 2808 467 2894 ipsis
496 2830 575 2893 quas
603 2813 779 2875 tractamus
807 2810 976 2876 sententiis
1005 2810 1092 2895 quod
1119 2811 1244 2895 placeat
1273 2814 1306 2875 et
1328 2815 1436 2876 tenere
1458 2811 1623 2895 paulisper

384 2918 547 3001 ‚legentem
570 2918 689 3001 possit,
712 2917 769 3002 qui
791 2918 980 3001 praesertim
1003 2940 1043 2983 ex
1066 2918 1234 3003 particulis
1258 2918 1338 2984 sciat
1361 2920 1551 2985 memoriam
1573 2940 1623 2983 re·

388 3044 503 3088 vocare
526 3024 635 3089 totius.
677 3022 761 3089 Sunt
783 3027 890 3090 autem
915 3026 1013 3091 verba
1035 3025 1114 3091 haec
1137 3024 1182 3111 (p.
1201 3025 1255 3112 51,
1276 3026 1318 3091 14
1327 3023 1443 3113 Bekk.)

562 3129 609 3195 Ἡ
627 3128 665 3196 ἀὲ
682 3133 773 3217 ψυχὴ
792 3135 867 3218 ἀρα,
889 3135 927 3199 τὸ
946 3133 1065 3218 ἀειάές,
1089 3134 1126 3199 τὸ
1146 3136 1194 3211 εἰς
1211 3142 1367 3201 τοιοῦτον
1385 3137 1489 3201 τόπον
1507 3132 1625 3218 ἕτερον

521 3238 711 3322 οἰχόμενον,
734 3250 892 3321 γενναῖον
915 3238 970 3305 καλ
992 3241 1145 3326 καθαρὸν
1168 3238 1223 3305 καὶ
1246 3240 1352 3326 ἀειδῆ,
1375 3243 1422 3318 εἰς
1436 3240 1554 3307 ’Ἀιάου
1578 3241 1623 3318 ὡς

522 3342 668 3428 ἀληθῶς,
690 3346 780 3428 παρὰ
803 3346 863 3411 τὸν
886 3345 1019 3429 ἀγαθὸν
1037 3347 1092 3411 καλ
1111 3350 1279 3432 φρόνιμον
1297 3350 1392 3431 θεόν,
1415 3339 1459 3431 οἷ,
1482 3346 1525 3413 ἀν
1542 3349 1624 3427 θεὸς

521 3448 631 3537 ἐθέλη,
654 3451 773 3517 αὐτίκα
795 3450 850 3517 καλ
873 3462 913 3539 τῇ
935 3452 996 3539 ἐμῇ
1020 3463 1109 3541 ψυχῇ
1134 3453 1238 3538 ἰτέον,
1265 3454 1348 3539 αὕτη
1372 3455 1410 3521 ἀὲ
1434 3456 1475 3539 δὴ
1498 3456 1578 3539 ἡμῖν
1601 3456 1622 3540 ἡ

454 3557 475 3622 5
519 3559 656 3642 τοιαύτη
686 3558 741 3623 καὶ
770 3558 857 3625 οὕτω
885 3572 1056 3644 πεφυκυῖα
1084 3560 1354 3646 ἀπαλλαττομένη
1382 3570 1442 3627 τοῦ
1471 3564 1623 3647 σώματος

521 3665 625 3741 εὐθὺς
657 3665 902 3750 ἀιαπεφύσηται
931 3668 987 3732 καλ
1019 3667 1205 3752 ἀπόλωλεν,
1238 3668 1282 3745 ὥς
1309 3685 1414 3753 φασιν
1442 3670 1474 3734 οἱ
1501 3667 1621 3735 πολλοὶ

521 3773 711 3859 ἄνθρωποι,
738 3779 867 3839 πολλοῦ
895 3798 932 3858 γε
960 3776 1026 3858 ἀεῖ,
1054 3771 1080 3840 ὦ
1109 3779 1187 3858 φίλε
1210 3775 1320 3859 Κέβης
1345 3774 1458 3841 τεκαὶ
1483 3778 1622 3862 Σιμμία,

345 3908 372 3949 so
521 3877 604 3944 ἀλλὰ
622 3884 736 3968 πολλῷ
754 3885 883 3964 μᾶλλον
900 3875 961 3946 o‘rd’
981 3878 1060 3966 ἕχει,
1079 3880 1137 3948 ἐὰν
1156 3878 1218 3968 μὲν
1231 3884 1363 3968 καθαρὰ
1378 3882 1622 3968 ἀπαλλάττηται

521 3982 627 4071 μηδὲν
654 3996 715 4053 τοῦ
742 3988 893 4073 σώματος
920 3987 1184 4073 ξυνεφὲλιιουσα,
1207 3990 1264 4055 dira
1287 3986 1389 4057 οὐδὲν
1412 4000 1622 4057 κοινωνοῦσα

433 4092 475 4157 10
520 4093 610 4183 αὐτῷ
640 4093 676 4159 ἐν
703 4101 748 4183 τῷ
772 4097 835 4183 βίῳ
862 4092 986 4161 ἐνοῦσα
1013 4091 1115 4179 εἶναι,
1147 4096 1232 4161 ἀλλά
1259 4099 1429 4180 φεύγουσα
1457 4098 1537 4163 αὐτὸ
1566 4098 1621 4163 καὶ

521 4201 792 4287 συνηθροισμέυη
810 4201 895 4287 αὐτὴ
913 4204 960 4281 εἰς
979 4200 1112 4288 ἑαυτήν,
1134 4204 1191 4269 ἅτε
1209 4208 1376 4289 μελετῶσα
1395 4203 1445 4271 ἀεὶ
1464 4215 1564 4272 τοῦτο
1578 4242 1621 4253 -

519 4316 619 4374 τοῦτο
647 4307 684 4375 δὲ
709 4309 811 4375 οὐδὲν
833 4311 915 4376 ἄλλο
937 4308 1031 4377 ἐστὶν
1053 4309 1074 4395 ἣ
1098 4311 1211 4395 ὀρθῶς
1233 4316 1467 4397 φιλοσοφοῦσα
1488 4314 1553 4379 καὶ
1575 4311 1626 4400 τῷ

519 4416 607 4481 ὄντι
633 4417 825 4483 τεθνάναι
852 4422 1051 4503 μελετῶσα
1080 4418 1237 4504 ῥᾳδίως·
1265 4417 1285 4501 ἢ
1313 4419 1354 4485 οὐ
1382 4418 1471 4485 τοῦτ’
1503 4418 1622 4505 ἀνείη

519 4521 637 4606 μελέτη
661 4524 827 4608 θανάτους
850 4525 1052 4592 Παντάπασί
1073 4548 1119 4608 γε.
1153 4525 1288 4591 Οὐκοῦν
1311 4526 1399 4592 οὕτω
1419 4527 1482 4611 μὲν
1499 4524 1623 4611 ἔχουσα

433 4627 475 4692 15
521 4630 569 4704 εἰς
594 4629 633 4694 τὸ
661 4628 779 4714 ὅμοιον
806 4630 890 4717 αὐτῇ
916 4633 955 4697 τὸ
978 4629 1088 4710 ἀειδὲς
1109 4631 1299 4717 ἀπέρχεται,
1327 4634 1365 4699 τὸ
1387 4637 1486 4701 θεῖόν
1508 4658 1543 4700 τε
1565 4634 1622 4699 καὶ

521 4734 695 4802 ἀθάνατον
715 4734 772 4802 καλ
791 4740 969 4823 φρόνιμον,
992 4729 1027 4804 ol
1043 4739 1229 4827 ἀφικομένη
1248 4740 1389 4825 ὑπάρχει
1408 4740 1492 4828 αὐτῇ
1510 4741 1621 4808 εὐδαί-

521 4865 599 4926 μονι
622 4836 719 4927 εἶναι,
741 4843 869 4928 πλάνης
891 4843 947 4910 καὶ
969 4844 1086 4923 ἀνοίας
1107 4845 1163 4913 καὶ
1186 4850 1305 4932 φόβων
1322 4847 1378 4915 καλ
1397 4848 1523 4933 ἀγρίων
1542 4847 1623 4935 ἐρώ-
