3967 5725
410 636 476 702 486
588 637 686 688 LVIII.
705 636 821 687 INDEX
838 635 1053 687 manorum
1071 633 1315 687 HIBERNARUM
1334 633 1466 705 lsoesol.

411 799 540 884 quidem
572 796 701 863 iambici
734 797 890 863 octonarii
924 797 1046 862 modos.
1091 794 1205 880 Itaque
1235 795 1433 862 Ribbeokius
1467 797 1545 862 olim
1577 818 1644 881 quo

410 906 574 972 trochaico
596 926 730 969 numero
753 904 925 969 satisfieret
948 903 1057 968 addita
1079 925 1158 968 voce
1181 903 1312 986 scripsit

1346 1009 1430 1092 filios

545 1095 650 1204 [Tris]
672 1117 735 1184 sibi
749 1137 930 1200 procreasse
951 1119 1083 1182 amdam
1099 1137 1160 1198 ρον
1183 1115 1389 1199 Oalppsorrem
1412 1122 1586 1196 aatammrt,

411 1227 495 1292 idem
518 1247 622 1311 nuper
644 1225 814 1290 iambicam
837 1246 1020 1290 mensuram
1043 1223 1246 1307 praeoptavit
1270 1245 1366 1307 quam
1391 1226 1516 1288 mutato
1534 1223 1648 1288 verbo·

411 1357 483 1399 rum
507 1333 619 1398 ordine
642 1355 680 1398 ea
701 1332 806 1396 forma
830 1354 925 1416 quam
947 1330 1025 1396 huic
1049 1329 1149 1415 capiti
1170 1330 1436 1414 praescripsimus
1454 1330 1647 1395 instauravit

1089 1439 1220 1502 amam
1241 1436 1326 1519 filas

545 1546 616 1613 Sibi
632 1566 814 1629 procreasse
829 1566 891 1627 per
914 1545 1122 1629 Calypsonem
1145 1549 1320 1623 autumaret,

412 1655 476 1720 hoc
507 1653 563 1718 ille
595 1676 633 1718 ea
664 1675 728 1738 qua
756 1652 880 1718 solebat
905 1652 1058 1717 libertato
1085 1672 1177 1716 usus:
1208 1673 1283 1715 nam
1311 1651 1441 1716 medem
1469 1671 1648 1735 pronomen

373 1791 400 1835 a
413 1763 521 1828 locum
548 1764 673 1825 mutare
700 1759 764 1824 duo
790 1763 890 1824 testes
919 1761 956 1823 in
982 1780 1020 1823 ea
1047 1779 1081 1823 re
1109 1757 1330 1842 conspirantes
1357 1760 1476 1822 vetant.
1519 1755 1581 1822 Sed
1606 1779 1647 1821 ne

414 1867 556 1933 additam
584 1866 713 1952 quidem
741 1888 853 1931 vocem
876 1867 943 1931 sive
966 1887 1038 1930 eam
1061 1885 1159 1948 quam
1181 1866 1335 1948 posuerat
1358 1862 1557 1929 Ribbeokius
1580 1863 1648 1928 sire

413 1975 522 2040 nescio
555 1996 651 2059 quam
684 1975 779 2040 aliam
811 1973 972 2038 sententia
1006 1975 1062 2036 aut
1092 1972 1200 2055 poscit
1231 1974 1288 2036 aut
1318 1970 1443 2056 recipit.
1484 1968 1597 2055 Itaque
1630 1993 1649 2034 a

413 2080 570 2167 §harisio
593 2082 650 2166 qui
672 2080 922 2146 sollicitudinem
945 2082 1091 2144 nostram
1113 2100 1181 2143 non
1201 2077 1392 2161 consopivit,
1415 2077 1590 2142 relabimur
1607 2077 1649 2141 ad

414 2189 625 2272 Priscianum,
648 2188 735 2274 apud
758 2210 854 2273 quem
876 2191 914 2252 ut
936 2185 1070 2251 Pacuvii
1092 2206 1203 2249 versus
1228 2184 1366 2269 scriptur
1390 2189 1439 2250 est
1463 2183 1571 2269 “filios
1588 2185 1650 2249 sibi

409 2315 589 2380 procreasse
606 2297 722 2362 dicitur
740 2296 870 2360 mamm
882 2315 943 2376 ρον
962 2292 1168 2375 Calypsonem
1186 2291 1390 2371 autamaat'',
1414 2291 1449 2356 in
1468 2313 1505 2356 eo
1525 2292 1647 2370 dicitur,
1667 2303 1687 2357 e

415 2403 503 2488 quod
529 2407 568 2468 ut
595 2403 733 2468 diximus
761 2403 863 2467 oratio
893 2422 961 2465 non
984 2401 1061 2482 fert,
1089 2401 1198 2463 tamen
1223 2420 1261 2464 eo
1285 2397 1391 2463 eamus
1414 2397 1650 2482 inspiciendum

415 2514 466 2574 est
498 2532 563 2595 quo
595 2509 702 2575 minus
734 2510 802 2574 sine
834 2529 872 2572 eo
906 2510 1009 2572 metra
1042 2504 1181 2570 stabiliri
1213 2507 1377 2589 apparuit,
1409 2504 1559 2589 quodque
1587 2503 1651 2569 hoc

418 2616 590 2702 ‘glossema
612 2638 680 2680 esse
704 2617 796 2680 aiunt
818 2615 853 2678 in
876 2613 966 2680 codd.
990 2612 1151 2678 Prisciani
1175 2612 1302 2676 illatum
1326 2611 1367 2675 ad
1389 2617 1556 2677 autumaret
1581 2632 1653 2695 per-

416 2723 544 2806 tinens’,
568 2724 692 2787 ratione
714 2725 851 2786 utuntur
873 2721 1001 2808 vulgari
1025 2720 1082 2784 illa
1106 2719 1239 2804 quidem
1262 2717 1318 2782 sed
1340 2741 1454 2802 parum
1476 2717 1652 2803 probabili:

376 2859 403 2903 ,ο
416 2851 492 2894 nam
519 2831 547 2895 si
575 2833 643 2894 erat
670 2828 726 2914 qui
748 2828 812 2895 hoc
835 2828 970 2894 verbum
993 2826 1219 2912 explicandum
1244 2823 1411 2913 dueeret*)
1435 2846 1493 2891 cur
1514 2846 1580 2891 non
1603 2825 1653 2890 di

417 2943 491 3003 aar
516 2936 669 3023 apposuit
696 2941 729 3001 ct
757 2936 804 3001 ibi
828 2936 957 3021 quidem
983 2936 1039 3001 ubi
1062 2936 1217 3015 inservire
1239 2934 1372 2999 uoluit?
1409 2932 1530 3010 Quidni
1552 2932 1654 3019 igitur

418 3043 529 3127 potius
566 3044 723 3110 oredimus
759 3042 822 3108 hoc
853 3043 1057 3108 intolerabile
1089 3040 1224 3107 verbum
1258 3061 1366 3105 errore
1398 3039 1524 3106 librarii
1554 3060 1653 3124 prave

418 3153 575 3237 scriptum
598 3173 667 3217 esse
688 3155 721 3216 et
739 3151 877 3217 condere
895 3172 1007 3217 vocem
1028 3171 1110 3235 quae
1128 3148 1232 3234 probe
1251 3148 1405 3213 suscitata
1424 3152 1456 3211 et
1475 3146 1653 3211 orationem

418 3264 451 3325 et
478 3281 605 3325 versum
630 3258 781 3324 adiuvare
804 3259 932 3343 possit?
977 3257 1091 3342 Itaque
1120 3256 1306 3322 coniectura
1333 3254 1385 3319 usi
1413 3253 1656 3337 suspicabamur

417 3388 485 3431 non
508 3368 623 3432 dietmar
645 3367 701 3431 sed
724 3368 789 3431 dici
811 3388 830 3430 a
852 3364 994 3431 Pacuvio
1024 3364 1180 3449 scriptum
1211 3367 1243 3428 et
1266 3385 1286 3426 a
1308 3361 1474 3427 Prisciano
1497 3382 1655 3448 propaga-

419 3476 488 3537 tum
512 3494 594 3539 esse:
618 3473 713 3556 ‘filios
734 3474 797 3539 sibi
812 3493 994 3556 procreasse
1017 3472 1082 3536 dr'er‘
1104 3471 1234 3536 eamdem
1251 3491 1312 3552 per
1335 3468 1541 3552 Calypsonem
1564 3474 1656 3533 areta

419 3579 528 3644 marat'
556 3578 643 3656 Quae
661 3602 728 3645 non
742 3584 791 3644 est
805 3602 893 3646 mera
907 3578 1103 3644 abundantia
1116 3576 1281 3661 loquendi,
1301 3576 1389 3660 quod
1404 3597 1506 3663 genus
1519 3576 1656 3640 Plautus

418 3688 474 3753 sed
494 3687 588 3769 [taem
609 3688 678 3770 sore
699 3709 788 3771 praem
811 3689 916 3752 dicam
938 3686 1048 3767 amaia,
1072 3682 1198 3749 Ennius
1216 3684 1294 3766 plus
1313 3684 1408 3748 misor
1432 3684 1494 3749 sim
1515 3684 1546 3748 εν·
1567 3682 1657 3748 scelo-

418 3799 500 3859 stam
521 3795 627 3874 fusim
649 3796 732 3876 qaod
754 3796 858 3860 dicam
879 3796 955 3875 fore,
978 3794 1051 3877 alia,
1075 3790 1131 3857 sed
1150 3794 1200 3855 est
1219 3789 1346 3856 dicendi
1364 3790 1468 3856 forma
1487 3811 1568 3875 quae
1586 3810 1657 3855 sen·

379 3925 406 3970 ro
420 3922 491 3966 sum
518 3905 633 3985 poetae
656 3905 804 3966 accurate
826 3900 934 3967 verbis
957 3920 1144 3984 expressum
1169 3898 1271 3963 effert:
1302 3899 1473 3963 autumant
1494 3917 1561 3962 non
1583 3918 1656 3980 pro-

419 4028 556 4090 creasse,
584 4007 640 4073 sed
668 4008 820 4092 quoniam
849 4007 912 4072 hoc
933 4006 998 4072 nisi
1021 4006 1119 4070 fando
1144 4005 1288 4090 accipere
1311 4026 1379 4069 non
1399 4007 1562 4089 poterant,
1592 4004 1657 4068 dici

418 4136 493 4178 eum
511 4134 691 4197 procreasse
710 4115 795 4180 filios
814 4136 872 4199 per
891 4112 1117 4199 Calypsonem.
1153 4112 1231 4177 Dra·
1249 4116 1357 4177 autem
1376 4111 1403 4177 ri
1423 4132 1495 4176 oum
1514 4109 1656 4177 Pacuvio

420 4219 602 4286 Priscianus
627 4222 767 4307 scripsit,
795 4245 834 4287 ex
857 4241 894 4286 eo
919 4222 975 4306 qui
999 4221 1122 4286 factum
1147 4220 1190 4284 sit
1213 4219 1337 4298 dicitur,
1367 4219 1402 4283 in
1424 4218 1485 4282 hac
1508 4217 1656 4282 similitu-

421 4327 495 4391 dine
522 4328 700 4411 scripturae
728 4325 949 4416 (dici-dicii)
976 4350 1045 4393 non
1072 4326 1232 4411 estquod
1256 4326 1447 4412 ambigatur,
1475 4323 1656 4409 siquidem

564 4502 655 4578 mim
672 4523 727 4577 sibi
740 4523 896 4592 procreasse
914 4516 1028 4577 οᾶννάονι
1042 4534 1095 4590 ρον
1115 4517 1297 4591 θάῐῇρεοννονν
1315 4524 1464 4574 commoret

420 4607 610 4682 Plasbergius,
619 4612 689 4666 item
694 4610 861 4666 Skutschius
874 4608 1035 4664 maluerunt
1045 4618 1105 4679 (per
1116 4608 1189 4679 litt),
1202 4625 1258 4679 quo
1273 4609 1308 4664 de
1321 4607 1412 4663 habeo
1423 4606 1499 4675 qnod
1508 4605 1658 4679 dubitem]

510 4699 575 4771 ³20)
594 4699 703 4755 Nonius
721 4719 749 4771 p.
765 4704 861 4767 28⁷,8
885 4698 984 4755 scribit
1009 4700 1169 4752 ‘summare
1188 4700 1232 4752 est
1250 4698 1353 4753 dicere'
1374 4695 1493 4751 adiectis
1513 4694 1659 4764 exemplis,

422 4788 533 4845 duobus
550 4789 679 4858 Pacuvii,
703 4806 786 4858 quem
811 4791 839 4844 et
862 4788 929 4843 hino
953 4791 981 4844 et
1006 4786 1120 4842 aliunde
1145 4786 1339 4857 cognoscimus
1363 4802 1396 4841 eo
1415 4784 1500 4841 verbo
1519 4800 1576 4839 non
1594 4798 1658 4839 raro

422 4895 505 4933 usum
523 4894 593 4936 esse.

1148 5193 1630 5389 Hx
