3967 5725
791 590 928 656 238
1255 593 1420 644 xnv.
1458 592 1688 644 INDEX
1723 564 2153 643 an'rioNUM
2189 591 2657 643 AESTIVARUM
2695 592 2846 642 189⁷.

792 776 911 819 nos
966 754 1057 818 ita
1103 753 1438 837 sentimus,
1492 755 1736 818 nullam
1782 752 1974 817 fidem
2022 775 2160 818 esse
2208 753 2623 819 divinationis
2669 773 2882 836 posse,
2936 749 2989 815 si
3033 771 3227 815 emen-

795 862 941 926 data
996 883 1121 926 vox
1173 860 1298 925 sibi
1352 861 1617 924 alteram
1672 859 2072 926 emendatam
2127 861 2277 925 addi
2332 864 2573 946 poscat.
2647 858 2870 943 Itaque
2919 879 3230 945 negamus,

794 967 1160 1032 dubitamus
1205 968 1461 1052 quidem
1508 972 1696 1052 certe,
1740 967 1862 1032 hac
1898 969 2004 1033 via
2039 973 2367 1053 repertum
2409 990 2546 1035 esse
2584 967 2759 1052 quod
2793 969 3031 1032 certum
3065 965 3229 1030 dicas

794 1078 904 1138 aut
950 1074 1203 1160 stabile3
1248 1097 1455 1159 neque
1500 1097 1651 1140 vero
1698 1074 1930 1140 melius
1978 1077 2245 1140 eandem
2292 1077 2462 1142 viam
2501 1077 2867 1141 insistentes
2903 1077 3011 1138 aut
3046 1072 3229 1157 Berg-

790 1182 935 1247 kius
981 1181 1215 1264 lateque
1257 1182 1697 1248 tumultibus
1740 1185 2131 1267 afrariyeus
2167 1188 2280 1249 aut
2316 1182 2364 1248 Ι.
2403 1183 2471 1248 Ρ.
2509 1182 2880 1269 Postgatius
2916 1180 3034 1246 late
3067 1201 3231 1246 casu

790 1295 1051 1354 cuncta
1093 1289 1273 1355 obvia
1313 1291 1615 1373 franyeus
1660 1296 1875 1376 spreta
1918 1291 1990 1355 hi
2037 1292 2299 1376 quidem
2337 1291 2531 1356 etiam
2571 1290 2781 1376 specie
2817 1287 3231 1356 verisimilitu-

793 1395 958 1460 dinis
1004 1401 1492 1481 proposuerunt.
2503 1399 2512 1412 “

969 1503 1254 1569 Fuerunt
1308 1507 1420 1589 qui
1472 1506 1639 1570 hanc
1693 1508 1960 1571 alteram
2008 1529 2177 1574 esse.
2193 1510 2444 1591 partem
2492 1505 2800 1572 orationis
2844 1504 2967 1569 rati
3009 1503 3232 1584 lateque

793 1659 806 1673 .
848 1661 861 1674 .
898 1611 1075 1676 obvia
1106 1613 1422 1695 franyenS,
1470 1636 1543 1679 ea
1580 1618 1654 1678 ut
1688 1615 1811 1680 rite
1850 1618 2173 1680 constaret
2208 1637 2451 1680 novum
2489 1636 2629 1680 esse
2666 1613 2930 1679 verbum
2965 1611 3231 1676 inseren-

713 1744 766 1784 1⁰
795 1716 945 1781 dum
992 1701 1347 1805 censerent3
1395 1722 1582 1804 quale
1628 1724 1727 1786 est
1771 1725 1846 1786 ut
1889 1722 2223 1787 mittamus
2263 1723 2389 1788 alia
2427 1721 2602 1806 quod
2635 1720 2996 1806 Madvigius
3031 1717 3231 1783 effecit

790 1823 1023 1907 lateque
1053 1828 1249 1908 furit
1283 1828 1396 1894 vis
1431 1829 1611 1894 obvia
1641 1831 1945 1912 framyeus
1979 1829 2160 1894 nulla
2187 1830 2298 1895 ille
2328 1830 2590 1915 quidem
2619 1851 2766 1894 cum
2791 1824 3230 1913 probabilitate

790 1933 1078 1998 mutandi
1123 1934 1358 2001 addens
1404 1958 1441 2000 a
1489 1938 1805 2002 sententia
1851 1937 2025 2021 quod
2070 1938 2339 2003 minime
2385 1937 2878 2004 desiderabatur.

967 2039 1219 2116 Quanto
1273 2044 1646 2128 praestabat.
1695 2044 1825 2110 illis
1875 2045 2174 2110 omnibus
2220 2045 2617 2110 Lachmanni
2661 2046 2979 2128 repertum
3024 2038 3235 2105 Prona

789 2147 958 2212 cadit
1000 2147 1122 2213 late
1164 2170 1287 2231 qua
1332 2157 1419 2218 est
1461 2153 1725 2236 impetus
1760 2152 1939 2218 obvia
1971 2155 2294 2236 framyens,
2343 2154 2422 2218 ab
2461 2152 2768 2238 Hauptio,
2812 2172 3014 2234 nuper
3046 2149 3232 2213 etiam

790 2251 1158 2320 Bernhardo
1207 2255 1560 2325 Schmidtio
1615 2264 1959 2344 receptum.
2038 2259 2213 2338 Quae
2271 2265 2369 2327 est
2417 2261 2623 2326 oratio
2671 2259 2898 2324 decora
2941 2260 3006 2322 et
3048 2277 3233 2340 quam

788 2381 869 2424 ne
914 2365 1104 2444 poeta
1150 2364 1403 2447 quidem
1449 2365 1586 2449 ipse
1624 2371 2039 2433 aversaretur.
2113 2368 2260 2434 Nisi
2301 2368 2477 2453 quod
2515 2367 2932 2434 conformatio
2969 2363 3234 2428 maxime

789 2465 1025 2532 Datani
1071 2469 1306 2536 codicis
1352 2474 1702 2558 scripturae
1739 2480 1837 2541 est
1874 2477 2371 2559 accommodata,
2419 2498 2548 2560 qua
2585 2475 2836 2540 dubites
2873 2494 3058 2558 quam
3092 2473 3233 2534 tuto

791 2575 1147 2642 emendatio
1184 2579 1444 2665 nitatur,
1482 2604 1519 2645 a
1554 2582 1880 2667 potiorum
1917 2585 2215 2652 codicum
2251 2584 2640 2650 testimoniis
2676 2582 2932 2668 longius
2961 2576 3234 2646 discedit.

790 2678 1015 2766 Itaque
1070 2685 1358 2767 quamvis
1410 2691 1665 2776 egregie
1710 2692 1972 2760 invento
2019 2694 2309 2760 nondum
2357 2690 2887 2777 acquiescendum
2932 2691 3042 2753 est.
3113 2685 3236 2752 Sed

710 2815 763 2855 so
790 2786 892 2853 his
939 2791 1379 2861 conaminibus
1423 2799 1772 2883 propositis
1820 2805 1883 2867 et
1928 2802 2215 2869 excussis
2252 2801 2380 2869 hoc
2418 2801 2545 2865 iam
2581 2821 2699 2885 pro
2738 2802 2907 2864 certo
2944 2795 3230 2863 effectum
3264 2812 3303 2867 e

790 2895 1069 2982 videtur,
1135 2902 1442 2968 orationis
1507 2909 1889 2974 structuram
1952 2911 2254 2995 primitus
2319 2909 2489 2974 hanc
2551 2909 2749 2973 fuisse
2805 2906 3021 2972 Prona
3071 2903 3234 2969 cadit

791 3003 913 3069 late
948 3054 1139 3071 .....
1175 3008 1355 3074 obvia
1394 3013 1719 3097 frauyens,
1776 3038 1938 3100 quae
1985 3019 2198 3086 media
2245 3022 2400 3083 sunt
2444 3017 2789 3101 depravata
2833 3034 2968 3079 esse
3011 3010 3134 3077 sed.
3161 3032 3232 3075 ea

788 3109 1061 3177 formam
1107 3124 1545 3201 recuperatam
1581 3121 1870 3209 flagitare
1909 3148 2076 3210 quae
2114 3148 2258 3191 cum
2295 3126 2565 3208 reliquis
2605 3145 2767 3209 quae
2802 3124 2970 3185 recte
3006 3119 3232 3202 scripta

791 3222 940 3284 sunt
994 3223 1371 3289 concilietur
1425 3231 1491 3292 et
1536 3228 1759 3296 intime
1806 3234 2149 3319 conspiret.
2223 3232 2396 3298 Nam
2441 3233 2622 3298 obvia
2666 3230 2859 3296 habet
2902 3228 3059 3292 illud
3103 3225 3232 3309 qui-

791 3326 933 3392 dem
980 3328 1223 3413 aliquid
1270 3335 1573 3421 ambigui,
1618 3343 1957 3424 propterea
2005 3342 2180 3427 quod
2224 3345 2425 3407 testes
2464 3343 2555 3406 ita
2592 3338 2925 3406 discedunt
2959 3338 3032 3399 ut
3064 3332 3234 3399 obvia

791 3430 1171 3502 Oxoniensis
1220 3440 1445 3527 codex,
1504 3441 2070 3531 Sangermanensis
2119 3453 2335 3514 autem
2383 3450 2601 3515 omnia
2645 3445 2964 3529 adscripto
3009 3464 3086 3506 m.
3129 3438 3231 3503 alt.

788 3540 965 3606 obvia
1030 3544 1387 3613 exhibeant.
1472 3548 1593 3616 Sed
1649 3557 1865 3620 omnia
1921 3556 2042 3623 etsi
2091 3556 2422 3643 Vergilius
2480 3577 2674 3640 supra
2725 3552 3018 3618 laudatus
3073 3547 3233 3614 tueri

787 3646 1095 3734 videatur,
1140 3652 1318 3720 obvia
1364 3657 1568 3743 magis
1614 3661 1928 3729 fovebunt
1975 3686 2139 3748 quae
2190 3664 2432 3730 Seneca
2479 3663 2703 3728 scribit
2748 3661 2824 3726 de
2869 3659 2963 3724 ira
2996 3675 3022 3721 1
3060 3657 3156 3738 11,
3190 3653 3230 3717 2

787 3756 917 3821 nisi
968 3760 1133 3839 quod
1182 3768 1317 3827 erat
1367 3764 1499 3831 illis
1546 3765 1868 3852 (Cimbros
1916 3770 2376 3857 Teutonosque
2434 3768 2618 3858 dicit)
2673 3771 2776 3834 ira
2816 3788 2937 3851 pro
2989 3766 3230 3839 virtute,-

709 3885 762 3926 so
787 3881 943 3942 quae
993 3871 1063 3930 ut
1114 3867 1456 3952 aliquando
1493 3876 1779 3957 propulit
1821 3881 2162 3963 stravitque
2205 3881 2412 3960 obvia,
2466 3882 2561 3944 ita
2605 3878 2852 3960 saepius
2893 3874 3014 3940 sunt
3055 3869 3232 3937 exitio

790 3974 899 4048 est,
954 3978 1065 4037 aut
1120 3997 1282 4059 quae
1330 3977 1716 4047 Claudianus
1764 4003 1988 4051 xxv111
2024 3987 2156 4055 468
2197 3989 2616 4072 propriaeque
2658 3985 2881 4051 salutis
2923 3983 3231 4047 immemor

791 4081 849 4140 et
892 4081 1098 4146 stricto
1134 4092 1529 4165 prostemeus
1572 4090 1751 4156 obvia
1792 4094 1979 4178 fero-0,
2024 4096 2140 4160 ubi
2187 4096 2409 4162 eadem
2455 4099 2556 4161 est
2601 4095 2670 4159 in
2712 4093 2890 4159 obvia
2932 4091 2997 4154 et
3028 4085 3233 4154 omnia

788 4180 1099 4251 librorum
1155 4190 1606 4282 discrepantia,
1670 4202 1782 4263 aut
1837 4201 2008 4267 idem
2064 4222 2207 4267 xiiii
2267 4210 2347 4266 ’.Ἣ
2399 4202 2683 4286 ,iii-ccicc&
2735 4218 3068 4278 iic-iiiqiiaiii
3120 4194 3232 4258 im-

776 4289 1113 4370 placabilis
1147 4299 1352 4383 obstes,
1389 4303 1568 4369 obvia
1592 4313 1961 4386 prosternas
1982 4322 2427 4394 procis-cicccc
2467 4334 2631 4374 mccc
2659 4310 2896 4374 i‘ccfflt-ffl·
2924 4302 3232 4386 dffiifffflr

790 4398 916 4462 alia
969 4422 1130 4483 quae
1183 4412 1406 4490 postea
1463 4411 1758 4479 dicemus.
1846 4415 1915 4481 Si
1970 4418 2143 4484 enini
2203 4426 2327 4482 iaici
2387 4422 2719 4502 {lusci-itur
2775 4414 2928 4502 quid
2976 4414 3044 4474 in
3096 4406 3228 4474 iiti-

792 4510 1110 4591 corruptis
1138 4514 1399 4582 vocibus
1428 4517 1774 4609 delitescat,
1802 4546 1885 4589 ne
1911 4550 2151 4593 meram
2187 4530 2543 4590 litt-crurum
2571 4526 2840 4590 formam
2860 4514 3232 4602 tempfifflfffl

792 4613 1108 4695 opinando
1156 4641 1459 4706 vagemur
1506 4632 1570 4691 et
1615 4650 1924 4719 erremus,
1979 4658 2203 4699 rursus
2255 4630 2892 4718 circumspiciendum
2932 4626 3232 4710 danim&

790 4718 854 4781 in
912 4720 1105 4786 simili
1162 4748 1351 4793 causa
1407 4734 1562 4816 quid
1615 4736 1724 4802 alii
1782 4739 2087 4828 dixerint,
2151 4746 2295 4811 indc
2343 4746 2395 4807 si
2447 4746 2615 4811 fui-tc
2659 4738 3028 4827 colligum,
3072 4738 3232 4819 qm

793 4823 1029 4893 Catulli
1087 4854 1263 4898 mens
1318 4835 1516 4905 fuisse
1570 4848 1869 4927 potuerit.
1942 4854 2171 4936 Itaqnc
2223 4855 2443 4915 Livius
2503 4847 2727 4919 aci-ibit
2763 4823 3160 4931 mvn-a,
3180 4831 3240 4911 ἃ·

3044 5111 3244 5171 *⁹*

2948 5203 3080 5247 ⁴..nm
