3967 5725
609 614 659 663 DE
679 613 855 664 VERSIBUS
873 613 1085 665 NONNULLIS
1103 613 1203 665 Accu
1220 615 1375 668 TRAGICI.
1542 615 1608 679 449

336 787 356 844 4
466 793 486 838 1.
519 774 553 839 N
554 774 647 839 onius
667 775 768 860 igitur
781 773 961 858 Marcellus,
980 777 1071 840 cuius
1089 775 1168 841 haee
1187 777 1295 841 omnia
1314 781 1389 842 sunt
1408 799 1491 862 quae
1510 777 1609 843 disee-

372 882 494 967 ptanda
520 882 730 966 sumpsimuS,
758 882 1004 966 compendiosae
1027 882 1192 948 doctrinae
1214 882 1269 947 lib.
1289 901 1315 946 11
1339 886 1394 967 qui
1418 889 1467 949 est
1490 885 1528 949 de
1551 885 1608 950 he-

372 993 462 1054 neste
486 1010 543 1054 seu
565 1009 649 1052 nove
672 991 816 1052 veterum
840 988 935 1054 dietis
958 1012 989 1073 p.
1012 989 1089 1075 143,
1108 991 1149 1053 21
1166 989 1209 1056 Μ.
1232 989 1311 1054 haee
1335 991 1448 1056 scribit

509 1096 669 1161 ‘raritudo
685 1117 748 1177 pro
770 1097 876 1161 rocio
910 1096 1027 1161 Aetius
1049 1118 1209 1162 armorum
1232 1099 1366 1163 iuditio:
1391 1098 1497 1164 “ocule
1519 1101 1609 1164 ueri·

507 1204 581 1268 tudo
604 1202 790 1268 oblitteretur
812 1203 1040 1285 Pelopidarum
1062 1224 1100 1269 ae
1115 1226 1176 1287 per
1198 1225 1254 1270 uos
1276 1211 1446 1271 tardaret
1466 1206 1608 1288 perus'’.'

371 1310 546 1375 Molestum
570 1313 621 1373 est
644 1309 794 1395 colligere
818 1314 934 1374 cuneta
957 1332 1039 1393 quae
1062 1311 1124 1374 viri
1147 1311 1234 1376 docti
1253 1311 1292 1375 de
1311 1312 1361 1376 his
1379 1312 1485 1376 verbis
1505 1335 1608 1378 emen-

371 1417 486 1482 dandis
514 1418 688 1481 commenti
715 1422 804 1498 sunt,
833 1417 888 1481 sed
915 1420 1023 1482 tamen
1050 1421 1086 1481 ut
1114 1440 1321 1502 assequamur
1348 1419 1435 1502 quod
1458 1420 1607 1484 volumus

371 1525 443 1588 fieri
471 1545 537 1587 non
565 1527 673 1608 potest
701 1523 781 1606 quin
803 1523 959 1588 nonnulla
981 1545 1148 1614 narremus
1172 1546 1281 1590 eorum
1306 1547 1388 1610 quae
1411 1525 1467 1590 alii
1489 1548 1607 1611 propo-

371 1635 514 1696 suerunt.
552 1630 601 1695 Ac
619 1630 654 1694 L.
670 1630 883 1708 Quieheratus
900 1629 1002 1695 Nonii
1021 1631 1126 1696 editor
1139 1631 1331 1697 Parisiensis
1351 1631 1393 1718 (a.
1410 1630 1510 1718 1872)
1529 1633 1608 1698 haec

370 1737 419 1802 ita
443 1738 543 1802 edidit
1621 1766 1647 1805 re

1086 1844 1208 1912 Oreum:
1231 1848 1380 1913 acritudo
1403 1897 1410 1910 .
1431 1897 1464 1911 ..

511 1950 706 2018 oblitteretur
729 1952 956 2036 Pelopidarum
979 1974 1018 2018 ae
1032 1975 1092 2036 per
1114 1974 1171 2019 reos
1192 1960 1362 2020 sardmeat
1382 1974 1486 2036 perus,

372 2059 406 2122 in
439 2063 581 2123 extremo
614 2081 709 2124 versu
740 2061 847 2144 priore
876 2059 963 2143 quod
989 2060 1067 2124 fecit
1095 2060 1305 2125 interstitium
1334 2061 1502 2145 trisyllaba
1529 2080 1607 2125 voce

371 2167 461 2230 velut
481 2168 626 2248 pristimo
653 2166 762 2230 addita
791 2167 934 2251 suppleri
959 2189 1056 2250 posse
1079 2167 1271 2250 suspicatus.
1307 2165 1330 2231 I.
1346 2166 1386 2231 H.
1402 2164 1525 2231 Onions
1551 2167 1606 2250 qui

371 2276 496 2357 partem
515 2276 642 2336 tantum
662 2273 907 2358 compendiosae
924 2273 1089 2338 doetrinae
1105 2272 1160 2337 sed
1175 2296 1246 2338 eam
1261 2273 1376 2338 idoneo
1392 2275 1605 2338 instrumento

371 2380 483 2444 critico
511 2381 699 2445 adornatam
726 2381 835 2445 emisit
862 2378 996 2467 (Oxonii
1019 2403 1045 2446 a.
1068 2378 1168 2467 1895)
1195 2404 1268 2446 cum
1291 2381 1400 2446 eadem
1424 2379 1486 2445 hoc
1508 2382 1605 2446 modo

371 2487 498 2571 sigrata
522 2487 611 2552 daret

1146 2596 1178 2679 ‘†
1201 2595 1293 2662 Oeule
1313 2597 1463 2662 uouitudo

510 2700 704 2767 oblitteretur
727 2703 959 2784 Pelopidarum
983 2723 1021 2767 ac
1038 2705 1097 2784 pe'r
1118 2723 1176 2767 uos
1197 2703 1367 2769 sorduerit
1387 2702 1504 2786 perus',

369 2830 465 2875 cruce
493 2809 605 2875 critica
632 2809 697 2874 fixa
727 2814 800 2875 ante
823 2810 907 2875 ocule
929 2810 975 2876 ibi
999 2810 1120 2875 sedicet
1143 2810 1291 2875 mendam
1316 2810 1501 2876 delitescere
1524 2809 1605 2876 indi-
1620 2834 1646 2875 ro

372 2917 465 2981 eavit.
481 2923 483 2926 ’
502 2916 649 3000 Denique
668 2918 702 2981 L.
722 2918 906 3001 Muellerus,
929 2917 1030 2982 Nonii
1054 2922 1166 2983 auctor
1189 2939 1255 2981 non
1278 2918 1531 3004 ingeniosissimi
1550 2917 1606 2983 sed

368 3024 654 3108 sumptuosissimi,
677 3024 823 3089 versibus
847 3024 917 3088 istis
941 3026 988 3087 ita
1010 3024 1158 3088 formatis

505 3182 512 3193 .
536 3182 541 3193 .
567 3180 574 3193 .
598 3180 605 3194 .
628 3133 699 3213 quei
721 3132 871 3197 mdeitudo
894 3132 1080 3196 oblitteretur
1104 3130 1292 3213 Pelopidam

505 3257 543 3301 ee
560 3240 620 3320 pe'r
641 3259 697 3304 mes
719 3237 890 3304 seudesedt
909 3257 1006 3319 pertua

370 3346 454 3409 hane
490 3345 731 3410 adnotationem
768 3346 917 3409 subiecit:
955 3345 1042 3425 ‘quel
1073 3340 1275 3428 Mluellcrus)
1313 3341 1395 3407 ocule
1426 3340 1544 3427 (praee.
1572 3342 1604 3429 o)

370 3450 550 3539 O(odices);
583 3452 769 3535 Pelopidam
801 3452 836 3515 M
863 3451 1091 3533 Pelopidarum
1120 3448 1158 3535 ὓς
1190 3449 1274 3512 idem
1306 3450 1421 3513 vitium
1454 3449 1488 3512 in
1519 3448 1605 3535 Aga·

370 3559 584 3624 memnonidis
607 3557 699 3623 Accii
721 3583 751 3644 p.
773 3558 837 3623 146
862 3581 885 3621 s.
908 3558 929 3622 l.
953 3558 1139 3641 oblitterare,
1168 3557 1224 3640 qui
1253 3557 1392 3640 priorem
1415 3580 1443 3621 v.
1467 3579 1526 3642 pro
1550 3558 1604 3622 tri·

370 3670 473 3731 metre
503 3665 666 3749 habuerit,
695 3687 761 3730 non
788 3689 847 3750 pro
876 3668 966 3749 parte
995 3668 1133 3747 tetrum,
1159 3664 1235 3727 lieet
1263 3663 1340 3729 huie
1366 3670 1541 3747 reponatur
1568 3685 1606 3729 aa

364 3776 425 3857 per
443 3794 500 3839 mos
516 3775 606 3856 peuu'
624 3773 812 3839 seudebeat?
845 3771 932 3848 Quae
950 3776 1072 3835 temere
1091 3792 1128 3835 ac
1148 3772 1215 3835 sine
1234 3770 1359 3835 ratione
1378 3770 1445 3834 ulla
1459 3769 1605 3854 exposita

372 3882 563 3945 documento
596 3902 665 3944 esse
697 3885 833 3964 possunt
866 3902 961 3963 quam
994 3901 1105 3943 verum
1136 3878 1179 3943 sit
1206 3877 1293 3961 quod
1321 3876 1461 3941 diximus
1491 3877 1604 3942 doctos
1618 3899 1645 3941 uo

372 3987 519 4052 homines
541 3987 603 4051 hoc
627 3987 717 4071 sequi
737 4009 845 4070 unum,
868 3991 905 4050 ut
928 3987 1062 4050 mutatis
1086 3986 1126 4050 ad
1147 3985 1314 4049 libidinem
1337 3984 1443 4048 verbis
1463 3982 1603 4048 ludendo

372 4094 469 4159 modo
498 4096 544 4158 sie
571 4094 667 4158 modo
696 4095 755 4178 sie,
788 4097 825 4158 ut
852 4093 958 4158 aiebat
985 4093 1141 4176 rusticus,
1168 4114 1278 4157 versus
1304 4092 1430 4177 fingent
1458 4092 1513 4174 qui
1542 4090 1604 4155 sibi

370 4201 526 4287 placeant.
563 4200 652 4264 Haec
684 4201 822 4265 editores
849 4199 958 4265 Nonii.
988 4198 1186 4264 Ribbeekius
1219 4201 1339 4281 autem,
1372 4199 1428 4281 qui
1460 4198 1524 4261 ianr
1555 4201 1604 4262 ter

370 4308 524 4392 reliquias
547 4309 686 4393 tragicas
705 4307 836 4393 collegit
854 4329 892 4372 ec
910 4308 1080 4392 recensuit,
1103 4310 1139 4369 ut
1156 4305 1249 4369 valde
1268 4308 1365 4368 tenax
1385 4326 1453 4371 esse
1472 4326 1603 4370 suorum

369 4414 462 4499 solet,
480 4416 527 4479 ita
544 4414 718 4479 novissime
736 4413 898 4497 acquievit
914 4413 975 4479 hae
995 4434 1089 4496 quam
1106 4412 1183 4478 olim
1198 4411 1474 4477 commendaverat
1487 4411 1602 4476 herum

370 4543 520 4587 versuum
544 4521 798 4587 conformatione

1200 4626 1349 4691 udaltuda
1372 4676 1380 4690 .
1404 4674 1442 4691 ..

509 4733 703 4800 Oblttteretur
725 4735 969 4816 Pelopidarum,
992 4754 1031 4799 ae
1047 4736 1106 4816 pe'r
1128 4754 1185 4799 eos
1206 4732 1375 4799 sardesedt
1395 4754 1499 4817 perus.

367 4840 553 4906 Desiderari
576 4842 662 4920 enim
685 4844 836 4926 opinatur
858 4842 892 4905 in
915 4842 979 4905 fine
1002 4841 1120 4926 prioris
1141 4846 1267 4917 mutum
1290 4840 1373 4907 ocule
1390 4845 1497 4906 autem
1516 4839 1602 4925 quod

424 4954 552 4995 Vahlenl
566 4956 677 5004 opuscula
690 4956 722 4995 IL
1354 4950 1387 4998 29
