3967 5725
420 620 484 685 116
618 622 744 674 xxxix.
763 622 880 673 mnsx
898 619 1113 671 suenorum
1130 619 1363 672 msmvsnuu
1382 622 1460 672 reae.

558 784 643 865 Quid
663 784 756 849 uliud
777 789 806 848 et
828 804 850 847 o
872 782 960 847 ambis
983 782 1067 865 deus,
1089 803 1185 863 quam
1207 802 1294 847 meres
1315 788 1344 846 et
1365 782 1448 845 ratio
1470 785 1499 845 cl
1519 780 1653 863 spirim

547 891 762 972 praedicatur,

419 999 560 1081 priorem
583 998 683 1062 istum
702 998 809 1062 locum
828 996 926 1080 paulo
944 996 1079 1060 liberius
1097 995 1250 1060 formarit
1267 996 1308 1060 ad
1327 1017 1364 1059 ea
1383 1016 1465 1078 quae
1484 995 1519 1059 in
1537 992 1653 1059 Aenei-

419 1103 477 1168 dos
502 1107 593 1169 sexto
616 1105 771 1189 leguntur
793 1125 812 1165 a
830 1125 859 1167 v.
881 1102 945 1165 724

599 1213 759 1294 wimple
782 1210 902 1275 caelum
925 1230 962 1273 uc
985 1216 1085 1274 terras
1106 1230 1289 1293 composque
1311 1210 1460 1291 liquentes

603 1318 809 1399 lucentemque
829 1317 953 1399 plobum
976 1317 1070 1381 lunae
1092 1318 1283 1399 Titaniaque
1305 1322 1394 1381 astru

603 1426 736 1507 spiritus
757 1425 844 1489 iulus
866 1423 925 1487 ulit
947 1429 1101 1505 totamque
1122 1424 1233 1505 infuso
1249 1445 1310 1505 per
1332 1429 1421 1488 mus

604 1552 691 1596 mens
714 1533 815 1613 opilat
838 1530 947 1595 molem
971 1537 1000 1595 et
1022 1552 1136 1613 mopso
1157 1551 1190 1595 se
1211 1551 1335 1613 corpore
1356 1532 1470 1595 mascel

602 1639 677 1703 inde
698 1639 861 1703 homiuum
878 1638 1093 1719 pecudumque
1113 1658 1212 1721 penus
1233 1639 1373 1719 utaque
1394 1637 1554 1702 comtum

604 1751 733 1827 aquae
755 1766 927 1809 marmoreo
948 1747 1011 1826 fert
1033 1750 1173 1810 mandra
1195 1745 1250 1809 sub
1274 1765 1404 1826 aequore
1420 1750 1545 1826 pontus,

420 1853 557 1917 alterum
591 1874 685 1936 quem
718 1852 758 1918 ad
791 1850 924 1916 verbum
958 1852 1051 1917 affert
1082 1854 1223 1937 sumpsit
1255 1874 1295 1917 ex
1323 1850 1505 1937 Georgicon
1537 1854 1653 1934 quarto

371 1991 373 1994 v
419 1956 514 2045 (221)

1009 2068 1100 2131 darm
1123 2088 1258 2147 numque
1280 2067 1327 2130 ire
1346 2086 1404 2148 per
1426 2067 1535 2131 omnia

601 2180 758 2255 terrasque
781 2180 954 2255 tractusque
977 2176 1078 2239 oroma
1101 2173 1278 2255 caelumque
1294 2173 1509 2255 profundum:

602 2282 676 2345 binc
693 2281 835 2364 pecudes,
859 2288 1012 2359 umento,
1034 2283 1126 2358 ciros,
1148 2301 1245 2363 perros
1267 2281 1536 2361 cruceferorum

420 2388 476 2452 sed
499 2389 555 2473 qui
578 2387 624 2452 ibi
648 2389 763 2452 tertius
787 2393 845 2472 est,
869 2410 942 2453 eum
961 2388 1124 2453 Minucius
1147 2410 1213 2452 non
1236 2386 1357 2471 attulit,
1380 2386 1490 2451 attulit
1509 2388 1566 2470 qui
1584 2404 1707 2457 sen-11

419 2495 554 2559 tentiam
578 2494 716 2559 similem
738 2488 838 2559 habet
860 2494 1023 2561 Aeneidos
1046 2495 1143 2559 1743

553 2604 636 2666 uude
657 2601 820 2666 homiuum
841 2623 938 2684 perros
961 2609 989 2667 et
1006 2604 1147 2684 pecudes
1169 2603 1253 2666 uude
1275 2601 1373 2665 imber
1395 2607 1424 2665 et
1445 2604 1540 2683 ipsae

422 2706 506 2783 Quid
529 2707 583 2772 hic
605 2708 816 2793 interpolati?
853 2708 984 2773 Erravit
1007 2711 1146 2793 scriptor
1169 2714 1201 2773 et
1224 2732 1263 2773 ex
1287 2707 1433 2773 versibus
1452 2707 1577 2773 duobus
1597 2709 1654 2792 qui

379 2816 489 2882 socius
521 2816 623 2880 menti
654 2814 831 2880 haerebant
863 2816 1001 2881 similem
1034 2815 1226 2882 sententiam
1258 2815 1453 2881 habentibus
1484 2836 1551 2880 non
1579 2837 1653 2880 eum

420 2923 531 3005 posuit
559 2945 654 3006 quem
683 2923 795 2987 debuit
822 2922 878 2987 sed
905 2924 973 2988 eius
1002 2945 1197 3009 comparem3
1224 2946 1299 2987 nam
1328 2923 1520 2987 sententiam
1548 2923 1653 3007 ipsam

422 3051 504 3113 quae
527 3033 577 3094 est
600 3029 636 3093 in
658 3028 815 3094 ambobus
840 3031 926 3114 quod
949 3030 1061 3095 abesse
1087 3031 1207 3115 noluit,
1234 3052 1301 3094 non
1328 3030 1430 3115 magis
1458 3030 1576 3094 mirum
1604 3033 1654 3094 est

422 3158 519 3220 quam
538 3137 626 3220 quod
645 3135 777 3201 eandem
797 3137 961 3220 superiore
979 3138 1052 3202 loco
1068 3135 1118 3224 (6)
1136 3159 1203 3201 non
1221 3135 1444 3221 praetermisit,
1464 3157 1546 3220 quae
1564 3159 1653 3220 prae·

422 3244 532 3308 sertim
556 3243 655 3308 faciat
678 3244 718 3308 ad
742 3245 910 3328 scriptoris
933 3244 1105 3309 consilium
1128 3243 1191 3308 hoc
1215 3265 1343 3328 quoque
1371 3244 1515 3308 docentis
1544 3244 1654 3309 omnia

421 3371 489 3415 esse
513 3373 531 3414 a
555 3351 614 3416 deo
637 3373 702 3415 uno
726 3357 904 3435 procreata.
942 3350 1158 3428 Quamobrem
1186 3374 1315 3416 versum
1343 3373 1492 3416 mancum
1520 3351 1576 3434 qui
1604 3356 1653 3414 est

419 3457 505 3541 apud
523 3457 703 3522 Minucium
723 3456 805 3544 (11),
827 3459 910 3523 uude
931 3459 1071 3524 hominos
1094 3458 1274 3540 etpecudee
1298 3457 1436 3522 editores
1455 3457 1654 3522 confidenter

419 3565 569 3650 supplere
592 3569 625 3629 et
648 3565 809 3653 corrigere
832 3565 1003 3630 debebant:
1027 3587 1116 3630 error
1134 3566 1219 3629 enim
1238 3564 1363 3629 librarii
1382 3564 1572 3629 manifestus
1590 3568 1652 3628 est:

418 3673 501 3738 uude
523 3671 702 3757 bomi[num
726 3675 843 3759 gelatus
865 3679 894 3738 et
909 3674 1059 3754 pccudcs;
1083 3694 1187 3756 neque
1210 3693 1286 3735 vero
1310 3670 1463 3736 credibile
1486 3672 1538 3736 vel
1556 3673 1652 3735 inter-

418 3781 608 3864 polatorem,
621 3779 741 3845 nedum
755 3779 934 3844 Minucium
949 3780 1066 3865 ipsum,
1079 3778 1230 3843 mutilum
1244 3799 1373 3842 versum
1388 3778 1540 3842 maluisse
1555 3801 1652 3862 quam

379 3913 406 3952 eo
420 3886 583 3972 integrum
611 3909 781 3971 apponere.
817 3886 894 3951 Non
921 3888 1029 3950 minus
1058 3889 1146 3950 certa
1172 3888 1221 3949 est
1248 3885 1381 3948 Minucii
1411 3885 1550 3949 imitatio
1574 3884 1653 3949 Ver-

419 3993 540 4078 giliana
567 3995 602 4057 in
629 3993 669 4058 iis
694 4015 776 4077 quae
799 4015 824 4057 c.
844 3992 936 4077 23‚6
960 3993 999 4056 de
1022 3991 1110 4057 Iovis
1137 3992 1273 4056 fulmine
1301 4013 1374 4056 cum
1398 3990 1527 4056 Aeneae
1554 3993 1652 4056 armis

418 4098 454 4162 in
472 4098 588 4164 incude
606 4099 763 4165 fabricato
782 4105 966 4164 narrantur:
987 4122 1068 4183 qnae
1087 4099 1128 4164 ad
1141 4099 1302 4163 Aeneidos
1322 4101 1428 4164 octavi
1446 4121 1557 4163 versus
1577 4099 1651 4162 inde

420 4228 439 4268 a
456 4205 522 4272 423
541 4206 644 4271 redire
664 4207 715 4271 vel
734 4207 790 4271 illa
809 4206 847 4272 de
866 4206 993 4272 Aeneae
1013 4207 1111 4270 armis
1129 4210 1305 4271 memorata
1322 4206 1474 4290 produnt.
1507 4205 1652 4282 Quorum

420 4334 493 4376 cum
521 4313 604 4378 nihil
630 4314 846 4400 perspexisset
872 4313 1101 4396 Baehrensius,
1128 4335 1196 4378 nou
1223 4315 1327 4379 solum
1357 4335 1429 4378 cum
1452 4312 1584 4379 Halmio
1612 4313 1652 4378 de

418 4417 531 4484 Ursini
555 4419 707 4504 opinione
731 4421 864 4485 Minucii
888 4420 995 4484 verbis
1024 4421 1199 4485 Vulcanum
1221 4421 1405 4503 inculcavit,
1432 4420 1490 4485 ubi
1512 4419 1652 4485 Vulcani

418 4530 526 4609 partes
549 4526 657 4591 nuhaa
681 4548 750 4591 esse
768 4531 918 4612 poterant
942 4526 1165 4615 (nequeenim
1184 4526 1351 4591 Vulcanus
1368 4527 1546 4592 fabricatur
1564 4525 1651 4594 Iovis

419 4631 542 4697 fulmen
565 4636 621 4697 aut
645 4632 772 4698 Aeneae
796 4657 898 4717 arma,
927 4635 982 4698 sed
1006 4633 1163 4720 Cyclopes
1187 4632 1325 4698 Vulcani
1349 4656 1477 4719 operae,
1506 4634 1539 4698 id
1563 4635 1652 4717 quod

419 4741 471 4805 vel
489 4739 625 4805 Minucii
645 4741 745 4825 ipsius
764 4743 907 4806 narratio
927 4742 1118 4826 subindicat,
1141 4745 1174 4806 et
1192 4744 1320 4826 praeter
1337 4739 1520 4826 Vergilium
1539 4739 1651 4806 Cicero

419 4850 557 4911 testatur
581 4847 619 4911 de
643 4845 909 4934 div.1119,43)‚
932 4847 1000 4934 sed,
1028 4872 1069 4914 ne
1093 4850 1180 4934 quod
1202 4848 1376 4934 vestigium
1404 4849 1472 4912 veri
1501 4851 1653 4931 exstaret,
