3967 5725
401 610 467 674 562
620 614 719 665 LXIII.
738 614 855 665 INDEX
873 613 1088 664 LECTIONUM
1106 613 1339 665 AES'PIVARUM
1359 617 1436 667 1906.

534 774 665 851 πάντως
687 771 749 859 μὲν
772 769 835 840 οὖν
855 774 872 840 ὁ
891 783 1044 850 τοιοῦτος
1067 776 1287 859 παιδεραστής
1305 799 1345 840 τε
1359 774 1414 841 καὶ
1433 780 1636 862 φιλεραστὴς

534 886 694 965 γίγνεται,
717 880 768 947 ἀεὶ
791 881 828 947 τὸ
852 877 1009 964 ξυγγενὲς
1032 880 1262 965 ἀσπαζόμενος.
1299 882 1380 947 ὅταν
1407 880 1469 967 μὲν
1492 880 1555 951 οὖν
1577 884 1633 951 καὶ

534 988 637 1077 αὐτῷ
657 988 794 1078 ἐκείνῳ
818 986 938 1073 ἐντύχῃ
961 996 1007 1077 τῷ
1029 988 1134 1054 αὑτοῦ
1162 989 1272 1072 ἡμίσει
1295 987 1392 1054 καλό
1414 992 1637 1075 παιδεραστὴς

535 1094 591 1161 καὶ
614 1098 715 1173 ἄλλος
737 1105 815 1177 πᾶς,
843 1098 916 1161 τότε
939 1096 992 1160 καὶ
1016 1097 1194 1177 θαυμαστὰ
1217 1095 1451 1180 ἐκπλήττονται
1480 1100 1576 1183 φιλίᾳ
1598 1122 1636 1163 τε

535 1204 589 1267 καλ
613 1204 788 1287 οἰκειότητι
811 1186 996 1284 καὶΙέρωτι.

401 1308 531 1375 Scilicet
554 1312 687 1395 respicit
708 1310 955 1393 pronominibus
980 1310 1113 1381 adiectis
1136 1309 1177 1374 ad
1200 1332 1237 1375 ea
1256 1332 1337 1394 quae
1356 1311 1504 1395 pluribus
1526 1312 1637 1376 verbis

345 1452 346 1456 =
400 1420 474 1481 ante
498 1418 656 1502 exposuit.

489 1529 546 1588 aut
569 1524 710 1621 eiusdem
733 1525 768 1588 in
790 1523 962 1588 Phaedone
985 1520 1030 1609 (p.
1046 1524 1087 1586 97
1100 1522 1134 1609 d)

536 1629 571 1695 ἐκ
595 1628 631 1695 dt
655 1631 696 1713 δὴ
720 1640 780 1695 τοῦ
804 1633 906 1713 λόγου
930 1632 1052 1695 τούτου
1074 1631 1176 1696 οὐδὲν
1195 1632 1277 1695 ἄλλο
1297 1642 1435 1697 σκοπεῖν
1452 1636 1636 1716 προσήκειν

359 1760 386 1801 ro
537 1738 705 1826 dudeciaco
728 1736 783 1803 καὶ
807 1739 882 1823 περὶ
907 1738 1028 1802 αὐτοῦ
1052 1736 1209 1802 ἐκείνου
1234 1739 1384 1822 καὶπερὶ
1408 1740 1528 1821 ἄλλων,
1555 1738 1638 1805 ἀλλ’

532 1845 551 1929 ἢ
575 1846 612 1911 τὸ
637 1848 775 1925 ἄριστον
797 1846 852 1910 καὶ
875 1846 912 1909 τὸ
936 1844 1118 1928 βέλτιστον.

397 1952 436 2018 In
464 1953 582 2038 quibus
611 1953 774 2018 dissensus
798 1975 816 2016 a
839 1951 996 2019 librorum
1019 1951 1214 2017 testimoniis
1242 1952 1358 2036 oritur,
1387 1976 1524 2037 quorum
1548 1951 1635 2018 Oxo-

396 2061 519 2126 niensis
546 2059 677 2125 exhibet
704 2060 791 2144 quod
818 2059 1007 2144 scripsimus
1029 2059 1105 2142 περὶ
1129 2059 1232 2124 αὐτοῦ
1256 2058 1396 2145 ἐκείνου,
1420 2060 1483 2144 alii,
1506 2061 1540 2124 in
1564 2064 1634 2145 qui-

375 2169 458 2233 ·bus
481 2167 625 2233 Venetus
649 2167 684 2250 Τ,
711 2152 867 2232 omittunt
890 2170 945 2231 aut
968 2165 1115 2231 delerrmt
1137 2164 1276 2232 ἐκείνου.
1327 2165 1440 2250 Itaque
1463 2167 1634 2233 discedunt

397 2275 548 2340 editores:
580 2274 754 2340 Schanzius
783 2275 888 2339 αὐτοῦ
917 2274 1057 2358 induxit,
1085 2273 1248 2338 Burnetus
1275 2296 1378 2358 nuper
1405 2295 1478 2338 cum
1506 2273 1634 2339 Veneto

397 2380 527 2447 ἐκείνου
551 2381 691 2447 inclusit.
737 2380 814 2446 Utri
836 2382 921 2465 parti
944 2382 1146 2473 accedimus?
1170 2380 1240 2445 Nos
1263 2380 1310 2445 ite
1332 2381 1501 2464 sentimus,
1524 2382 1634 2465 explo-

395 2492 466 2553 rata
489 2490 648 2553 sententia
666 2488 788 2575 ambigi
807 2511 874 2552 non
892 2510 987 2572 posse
1007 2489 1086 2571 quin
1104 2510 1215 2552 verum
1234 2488 1278 2551 sit
1301 2488 1387 2571 quod
1406 2489 1438 2552 in
1459 2487 1527 2553 ood.
1548 2487 1632 2553 Oxo-

396 2596 501 2661 niensi
528 2598 743 2681 perscriptum
771 2599 821 2659 est
848 2593 903 2660 καὶ
931 2593 1007 2679 περὶ
1035 2595 1140 2659 αὐτοῦ
1169 2594 1298 2661 ἐκείνου
1326 2593 1381 2659 καὶ
1409 2594 1633 2679 moltitiem.

396 2702 468 2769 Ηοο
492 2704 577 2767 enim
601 2704 681 2768 dicit
704 2712 842 2767 σκοπεῖν
865 2701 1239 2789 προσήκεινιάνθρώπῳ
1263 2702 1317 2766 καλ
1340 2700 1417 2786 περὶ
1441 2702 1545 2768 αὐτοῦ
1568 2711 1631 2767 τοῦ

356 2828 382 2870 ιο
397 2810 582 2894 ἀνθρώπου
605 2808 659 2875 καὶ
678 2808 754 2894 περὶ
774 2810 894 2894 ἄλλων,
918 2809 972 2874 sed
992 2809 1068 2894 quia
1087 2810 1115 2873 is
1133 2811 1314 2891 ἄνθρωπος
1332 2809 1428 2875 modo
1452 2808 1634 2894 appellatus

397 2922 453 3002 est,
478 2917 592 2982 scribit
615 2939 678 3001 quo
703 2916 785 2981 nihil
809 2917 915 3001 aptius
940 2920 996 2980 aut
1018 2917 1135 2982 fortius
1161 2921 1230 2981 erat
1252 2915 1401 3003 καὶπερὶ
1421 2917 1525 2982 αὐτοῦ
1548 2915 1630 2982 ἐκεί-

397 3049 459 3089 νου
483 3048 511 3089 κ.
530 3046 562 3089 π.
582 3024 621 3107 ἐκ,
645 3046 721 3109 prae
746 3045 882 3108 quorum
906 3024 939 3088 vi
962 3046 999 3088 aa
1022 3025 1142 3089 virtute
1164 3025 1263 3089 nimis
1287 3046 1384 3108 quam
1412 3024 1531 3089 debilia
1554 3028 1633 3088 sunt

397 3153 477 3216 quae
500 3133 726 3216 praeferuntur
749 3136 805 3195 aut
828 3129 883 3196 καὶ
905 3131 981 3214 περὶ
1001 3131 1105 3195 αὐτοῦ
1124 3135 1181 3196 aut
1199 3130 1254 3196 καὶ
1272 3129 1349 3215 περὶ
1368 3131 1481 3197 αὑτοῦ.
1519 3129 1631 3196 Unum

394 3239 528 3324 propius
552 3238 723 3305 accedebat
747 3240 786 3303 ad
809 3261 920 3303 verum
943 3238 999 3303 καὶ
1018 3236 1094 3322 περὶ
1113 3237 1253 3323 ἐκείνου,
1277 3238 1332 3303 sed
1350 3235 1427 3303 hnic
1446 3260 1542 3322 quem
1565 3259 1635 3302 cre·

396 3347 500 3410 dimus
528 3347 710 3411 additurum
734 3346 833 3411 fuisse
857 3346 975 3430 αὐτοῦ,
1000 3346 1087 3430 quod
1110 3345 1241 3410 anullo
1266 3346 1376 3410 codice
1399 3347 1511 3410 abest?
1557 3344 1632 3410 Ηοο

396 3474 523 3536 quoque
547 3455 693 3537 exemplo
717 3458 868 3538 putamus
892 3453 971 3517 satis
995 3452 1136 3539 intelligi
1154 3452 1266 3518 doctos
1285 3475 1400 3537 parum
1418 3452 1534 3516 horum
1558 3475 1631 3535 pro-

395 3560 562 3625 nominum
585 3583 678 3625 usum
703 3562 897 3643 observasse,
919 3562 976 3625 sed
1000 3559 1028 3624 si
1051 3561 1107 3642 qui
1124 3559 1208 3624 forte
1229 3559 1308 3623 haec
1326 3580 1345 3621 a
1363 3558 1458 3623 nobis
1477 3563 1634 3645 congesta

396 3668 542 3752 exempla
572 3667 726 3732 attentius
757 3668 916 3751 persecuti
946 3668 1079 3750 fuerint,
1106 3666 1308 3750 fatebuntur,
1336 3666 1519 3750 opinamur,
1545 3665 1631 3730 nihil

394 3776 501 3839 verius
526 3797 593 3839 esse
616 3776 679 3839 ista
701 3776 930 3858 pronominum
949 3774 1107 3855 iunctura,
1131 3795 1227 3857 quam
1245 3773 1375 3838 Platoni
1398 3773 1629 3837 restituendam

355 3899 382 3939 so
397 3902 570 3947 censemus.

483 3988 597 4072 Lysias
622 3989 735 4054 scribit
757 3987 826 4076 (19,
840 3988 897 4074 44)

520 4093 618 4161 ‘tlon'
641 4097 702 4161 οὐκ
721 4095 763 4160 ἂν
782 4098 915 4173 εἰκότως
933 4097 1018 4180 ἡμᾶς
1037 4095 1258 4176 αἰτιάσαισθε,
1281 4093 1353 4160 ἐπεὶ
1370 4105 1438 4159 τῶν
1457 4096 1632 4177 Κόνωνος,

528 4213 595 4268 τῶν
609 4202 885 4286 ὁμολογουμένων
899 4201 1291 4287 ὃικαίωςόποφανθῆναι
1307 4199 1367 4266 ὑπ’
1386 4202 1508 4266 αὐτοῦ
1528 4200 1612 4266 ἐκεί
1616 4243 1630 4252 -

528 4335 614 4393 νου,
637 4312 895 4375 πολλαπλασίων
919 4310 1113 4374 δοκούντων
1135 4307 1239 4373 πλέον
1257 4307 1277 4390 ἢ
1296 4310 1410 4393 τρίτον
1432 4307 1532 4392 μέρος
1551 4312 1632 4391 φαί-

528 4440 620 4482 νεται
644 4419 683 4482 τὰ
699 4415 967 4500 Ἀριστοφάνους.

484 4523 636 4588 Straboni
658 4524 782 4608 placuit
806 4522 831 4612 (1
851 4546 876 4589 c.
891 4524 911 4588 2
926 4546 956 4607 p.
973 4521 1061 4609 14ο.)

528 4631 612 4714 ὁρᾶν
636 4629 664 4695 d'
687 4629 778 4696 ἔσται
801 4641 900 4697 τοῦτο
924 4629 1066 4715 μάλιστα
1085 4628 1122 4694 ἐν
1142 4639 1212 4706 τοῖς
1230 4632 1343 4713 λόγοις
1361 4641 1430 4707 τοῖς
1448 4632 1532 4713 πρὸς
1550 4635 1633 4707 τοὺς

527 4739 591 4820 πρὸ
620 4739 725 4821 ἡμῶν,
757 4733 857 4821 ἧττον
884 4734 946 4822 μὲν
972 4739 1051 4814 τοὺς
1077 4737 1191 4819 παλαι,
1227 4741 1355 4818 μᾶλλον
1382 4733 1418 4802 dt
1447 4740 1526 4813 τοὺς
1554 4737 1627 4818 μετ’

524 4840 747 4926 Ἐρατοσθένη
770 4844 825 4910 καὶ
848 4845 970 4911 αὐτὸν
994 4844 1159 4910 ἐκεῖνον.
