3967 5725
394 598 460 665 552
600 600 683 651 LXII.
703 600 818 650 INDEX
836 599 1051 651 LECTIONUM
1067 598 1309 649 HIBERNARUM
1328 600 1459 667 1aoosco.

387 766 502 847 putria
524 767 656 841 cureret·
679 784 738 846 pro
758 760 914 844 Plancl,
931 761 970 825 11
996 761 1124 825 honores
1146 762 1175 825 ai
1202 760 1329 842 mopuc‘
1351 771 1424 823 ao'u
1443 765 1628 842 putemus,

394 891 458 935 aaa
484 871 601 936 suabe
619 869 749 953 populo,
776 868 829 933 siu
851 888 900 933 eos
922 873 1114 949 expetamus,
1141 887 1205 931 uua
1227 867 1392 948 defamari
1414 866 1629 949 supptiouado.

394 975 481 1041 Illud
503 978 558 1040 vix
582 979 631 1040 est
654 974 741 1058 quod
763 978 940 1056 moneatur,
963 973 997 1037 in
1020 973 1082 1038 hac
1101 972 1246 1037 oratione
1266 995 1362 1056 quam
1380 995 1441 1037 usu
1460 974 1629 1057 probatam

395 1083 594 1147 restituimus
623 1103 719 1165 quam
746 1081 841 1146 facile
869 1083 950 1146 tamti
976 1085 1052 1165 post
1078 1080 1245 1145 stultitiam
1272 1085 1404 1165 propter
1432 1079 1630 1163 syllabarum

395 1188 639 1254 similitudinem
671 1188 888 1273 imprudentia
920 1190 1063 1272 potuerit
1095 1188 1205 1253 exteri
1247 1185 1300 1251 Sic
1332 1190 1438 1252 autem
1469 1188 1632 1274 integrata

397 1296 557 1361 sententia
587 1316 653 1360 non
680 1296 784 1359 solum
814 1293 982 1359 discrimen
1011 1294 1173 1378 apparuit,
1206 1294 1293 1378 quod
1320 1294 1405 1358 iuter
1432 1296 1569 1378 primam
1598 1299 1632 1359 et

396 1404 531 1468 alteram
556 1406 680 1486 partem
703 1401 888 1485 intercedit,
915 1401 970 1465 sed
995 1400 1172 1465 orationem
1196 1401 1342 1466 videmus
1364 1401 1631 1486 percommodea

396 1510 521 1575 minore
544 1509 713 1574 ascendere
737 1508 777 1571 ad
800 1509 917 1591 maius,
944 1507 976 1572 h.
996 1530 1022 1571 e.
1045 1507 1086 1572 ab
1110 1507 1150 1571 iis
1174 1508 1230 1591 qui
1254 1530 1335 1592 quae
1359 1506 1470 1573 Cicero
1494 1507 1632 1573 deferret

396 1616 518 1683 nefarie
541 1638 580 1681 ac
603 1614 754 1680 seditiose
777 1618 869 1701 gesta
891 1636 967 1679 vera
985 1636 1138 1679 essenon
1158 1615 1323 1679 eraderent
1341 1615 1381 1680 ad
1399 1636 1455 1679 eos
1474 1614 1529 1699 qui
1549 1637 1632 1699 quae

357 1748 384 1789 ro
398 1724 453 1789 illa
481 1723 618 1788 deferret
645 1726 778 1807 propter
806 1723 977 1787 stultitiam
1001 1722 1085 1785 tanti
1106 1742 1173 1786 non
1195 1725 1360 1806 putarent,
1388 1722 1455 1788 sive
1477 1720 1572 1786 nihili
1594 1743 1632 1787 ac

398 1830 493 1895 nauci
516 1829 685 1915 haberent3
713 1833 745 1893 et
766 1828 829 1894 hoc
853 1850 981 1913 quoque
1004 1827 1214 1913 intelligitur,
1240 1827 1317 1893 huic
1338 1828 1422 1912 parti
1447 1829 1633 1912 sententiae,

398 1959 465 2002 non
482 1936 594 2025 priori,
613 1936 769 2021 stultitiae
788 1934 967 2001 convicium
988 1937 1110 2019 optime
1129 1937 1241 2019 aptari.
1274 1934 1422 2020 Denique
1440 1936 1633 2001 sententiam

398 2045 461 2110 isto
486 2044 581 2109 modo
605 2048 824 2127 recuperatam
847 2046 995 2127 apertum
1018 2045 1068 2106 est
1088 2041 1129 2106 ab
1148 2046 1284 2126 utraque
1304 2046 1394 2127 parte
1413 2064 1471 2108 suo
1483 2044 1561 2107 loco
1580 2043 1633 2106 fir-

398 2153 483 2218 mius
505 2150 674 2215 vindicari:
698 2154 735 2215 ut
757 2151 843 2215 enim
867 2150 970 2215 oratio
994 2152 1080 2213 recte
1103 2172 1122 2213 a
1144 2170 1212 2214 non
1230 2149 1387 2215 credendo
1406 2149 1447 2213 ad
1464 2148 1559 2214 nihili
1578 2149 1634 2213 ha·

399 2258 540 2324 bendum
563 2257 783 2344 progreditur,
810 2258 856 2321 ita
877 2257 940 2321 boc
962 2260 1096 2340 perapte
1120 2257 1279 2340 excipitur
1302 2254 1341 2321 ab
1365 2278 1403 2321 eo
1428 2257 1513 2341 quod
1536 2258 1633 2322 tertio

400 2365 472 2431 loco
496 2364 687 2449 insequitur,
709 2385 806 2445 quom
829 2363 940 2429 multos
962 2364 1018 2445 qui
1039 2365 1134 2429 etium
1158 2364 1362 2446 detondeant,
1385 2386 1451 2430 uon
1474 2364 1635 2428 inutiliter

400 2474 495 2539 dium
517 2471 675 2556 particula
699 2470 830 2553 adiecta,
853 2471 881 2533 si
905 2470 1034 2555 quidem
1056 2470 1194 2535 bacillo
1213 2471 1420 2556 graviusest,
1443 2492 1509 2535 non
1527 2469 1634 2535 solum

401 2579 484 2643 tanti
508 2600 572 2644 non
596 2581 719 2663 putare,
741 2599 853 2642 verum
875 2579 970 2642 uiam
994 2579 1156 2660 Mardus
1179 2600 1261 2663 quae
1280 2576 1391 2643 Cicero
1411 2577 1565 2643 scelerata
1583 2598 1634 2643 co-

400 2686 530 2751 namina
554 2683 711 2749 Catilinae
734 2688 766 2748 et
789 2706 913 2749 summo
938 2686 1099 2769 supplicio
1122 2684 1220 2771 digna
1244 2684 1391 2749 deferret.

328 2808 333 2818 ·
361 2814 387 2857 aa
492 2790 614 2869 Quibus
642 2794 688 2855 ita
714 2792 900 2857 constitutis
923 2792 988 2856 iam
1012 2813 1164 2876 quaerere
1187 2792 1276 2878 licet,
1303 2794 1411 2856 utrum
1434 2791 1635 2878 probabilius

400 2900 567 2984 habeatur,
591 2897 776 2963 Ciceronem
800 2899 879 2965 haec
902 2899 1076 2980 addidisse,
1105 2899 1195 2964 cuius
1218 2921 1285 2964 non
1306 2899 1422 2965 leviter
1444 2899 1635 2965 sententiam

402 3007 604 3090 adiuvarent,
632 3028 673 3070 an
700 3006 808 3070 nescio
836 3028 932 3090 quem
959 3005 1021 3070 hac
1048 3002 1207 3090 particula
1234 3006 1412 3071 orationem
1440 3006 1636 3091 amplificare

403 3113 556 3200 voluisse,
584 3113 675 3178 cuius
701 3114 749 3177 rei
773 3112 943 3178 consilium
966 3112 1063 3197 plane
1085 3113 1210 3178 nullum
1234 3115 1429 3199 agnoscitur.
1464 3111 1515 3177 Ita
1539 3123 1673 3198 quae-9

402 3222 486 3286 renti
506 3221 583 3305 quid
602 3219 889 3305 respondebimus?
921 3219 968 3284 Ut
987 3220 1167 3304 opinamur,
1183 3220 1259 3286 hoc:
1284 3221 1371 3304 quod
1389 3220 1424 3284 in
1442 3242 1506 3286 uno
1525 3243 1637 3304 quam·

402 3328 452 3394 vis
475 3328 578 3412 probo
603 3327 711 3393 codice
735 3327 791 3390 illa
815 3326 912 3392 verba
936 3327 1061 3410 desunt,
1085 3349 1166 3411 quae
1188 3327 1341 3413 leguntur
1359 3327 1394 3392 in
1412 3329 1535 3411 ceteris,
1559 3350 1637 3413 quo-

317 3485 319 3488 -
400 3437 490 3500 niam
517 3435 655 3519 proclivi
683 3456 789 3500 errore
816 3434 938 3498 factum
967 3455 1036 3499 esse
1062 3438 1171 3517 potest
1197 3435 1232 3498 in
1259 3434 1317 3499 illo
1345 3438 1382 3498 ut
1409 3434 1638 3521 desiderentur,

403 3545 531 3608 tantum
562 3543 669 3607 valere
696 3563 762 3606 non
790 3542 917 3624 debere,
949 3544 986 3604 ut
1014 3563 1033 3604 a
1061 3538 1214 3607 Cicerone
1241 3541 1442 3608 abiudicetur
1469 3543 1639 3626 sententia,

405 3672 470 3734 qua
496 3649 579 3713 nihil
607 3648 676 3713 eius
705 3650 849 3715 oratione
877 3651 943 3712 aut¹
960 3648 1025 3712 hoc
1051 3647 1256 3732 potissimum
1280 3651 1391 3713 tenore
1415 3648 1544 3733 dignius
1568 3670 1639 3713 esse

405 3755 522 3841 potuit.
1578 3764 1580 3769 '

365 3887 393 3930 aa
495 3862 648 3928 Nondum
676 3862 739 3928 hoc
763 3862 965 3946 quadrivium
988 3862 1220 3926 sententiarum
1244 3861 1365 3926 emensi
1388 3883 1511 3926 sumus:
1538 3866 1641 3928 restat

407 3970 493 4055 quod
521 3974 636 4053 quarto
663 3971 737 4035 loco
760 3969 920 4034 adiectum
942 3969 1076 4053 legitur,
1105 3990 1201 4050 quum
1223 3969 1335 4035 inultm
1357 3971 1412 4051 qai
1427 3976 1557 4051 propter
1578 3972 1640 4035 iar»

401 4077 588 4159 probitatem
606 4078 755 4159 faueant.
779 4073 866 4151 Quae
884 4075 982 4139 verba
1005 4097 1024 4138 a
1046 4074 1137 4140 nullo
1157 4075 1266 4140 codice
1285 4075 1395 4141 abesse
1415 4076 1564 4162 diximus,
1583 4077 1641 4141 sed

408 4207 427 4248 a
453 4183 588 4249 Blocbic
617 4187 649 4248 et
677 4182 841 4268 Madvigic
870 4181 1059 4246 addubitata
1086 4182 1126 4247 ab
1152 4181 1282 4248 Halmio
1311 4183 1435 4249 seclusa
1462 4187 1551 4268 sunt,
1584 4185 1641 4268 qui

408 4290 526 4374 quibus
546 4289 745 4376 argumentis
763 4289 847 4354 hanc
866 4289 1056 4353 confirmare
1075 4288 1313 4354 damnationem
1327 4289 1494 4373 studuerit,
1512 4311 1642 4355 necesse

408 4402 457 4462 eat
485 4417 752 4482 recognoscamus
775 4395 873 4460 brevi.
911 4393 1020 4478 Atque
1043 4397 1137 4460 etiam
1161 4397 1353 4479 particulam
1375 4397 1472 4461 tertio
1495 4397 1643 4462 membro

407 4507 561 4568 insertam
595 4504 681 4587 quod
708 4503 827 4567 indicio
856 4523 924 4566 esse
952 4502 1056 4566 voluit
1084 4506 1236 4586 quartum
1262 4525 1328 4568 nou
1355 4503 1536 4567 insecutum
1564 4524 1643 4590 esse,

408 4631 468 4674 nos
493 4610 576 4674 hanc
598 4611 787 4693 particulam
811 4609 950 4674 vidimus
975 4609 1103 4694 egregie
1126 4609 1281 4675 inservire
1304 4610 1489 4696 progressui
1514 4611 1570 4694 qui
1593 4613 1645 4676 est

409 4739 428 4780 a
456 4716 595 4782 secundo
624 4715 664 4780 ad
691 4717 821 4781 tertium
850 4717 958 4801 colon,
986 4737 1088 4800 eaque
1114 4717 1197 4782 ratic
1221 4721 1349 4782 constat
1371 4717 1438 4782 sive
1460 4717 1644 4802 insequitur

409 4826 559 4906 quartum
588 4822 655 4887 sive
683 4822 817 4887 nullum.
853 4822 956 4888 Porro
983 4824 1093 4890 nescio
1122 4845 1204 4907 quae
1231 4823 1330 4888 dubia
1356 4824 1459 4889 movit
1486 4824 1525 4888 de
1551 4825 1644 4892 verbi
