3967 5725
416 617 480 683 196
610 620 695 670 XLII.
714 619 830 671 INDEX
847 618 1063 670 LECTIONUM
1080 619 1322 670 HIBERNARUM
1342 614 1475 686 1895s96.

412 779 463 846 De
486 781 674 867 garrulitate
697 801 722 846 c.
742 781 786 845 22
803 803 835 865 p.
853 780 950 844 5141>

547 888 631 954 ὥστε
662 885 719 953 καὶ
750 895 853 952 ταῦτα
886 887 937 951 δεῖ
968 887 1210 970 φυλάττεσθαι·
1244 885 1458 970 δελεαζομένη
1491 887 1554 970 γὰρ
1586 884 1647 974 riu'¹
1724 951 1726 956 ,

591 994 704 1060 αὐτῶν
727 995 747 1078 ἡ
770 994 983 1078 ἀδολεσχία
1007 995 1189 1078 καθάπερ
1213 997 1309 1082 ζῷον
1332 991 1393 1058 ἐπὶ
1414 995 1534 1074 νομὰς
1553 1009 1646 1058 συν-

589 1105 706 1185 ήθεις
728 1104 894 1187 πρόεισι.

410 1207 496 1274 Nam
515 1213 649 1293 apparet
667 1209 701 1273 in
719 1207 770 1272 his
788 1206 892 1272 tribus
907 1208 947 1273 ad
961 1210 1107 1292 exempla
1120 1208 1321 1292 interposita,
1340 1208 1450 1292 ὥσπερ
1464 1209 1505 1272 τὰ
1517 1207 1647 1290 παιδία,

410 1316 562 1401 καθάπερ
586 1318 683 1399 ὄψον,
705 1314 858 1399 καθάπερ
882 1318 972 1403 ζῷον,
995 1335 1062 1378 non
1084 1314 1124 1378 ad
1148 1336 1217 1378 eam
1240 1336 1318 1397 rem,
1341 1336 1423 1398 quae
1441 1315 1558 1400 agitur,
1576 1336 1646 1380 ora-

410 1424 532 1488 tionem
561 1444 630 1487 esse
653 1421 937 1486 accommodatam.
973 1420 1088 1505 Neque
1113 1419 1260 1486 Ciceroni
1283 1420 1362 1484 talia
1383 1421 1538 1486 inusitata
1561 1426 1645 1504 sunt,

411 1531 467 1613 qui
490 1530 542 1594 vel
563 1531 610 1594 ita
634 1528 748 1594 scribit
770 1527 869 1593 Acad.
887 1529 984 1612 prior.
1004 1545 1031 1592 11
1050 1527 1102 1611 29,
1121 1526 1165 1591 94

543 1637 626 1701 uuest
652 1657 701 1700 me
725 1636 834 1714 laedit,
861 1637 981 1717 usquin
1009 1655 1070 1718 epo
1095 1638 1192 1701 euim
1214 1641 1254 1700 ut
1276 1635 1443 1717 cpitutor
1465 1635 1642 1714 collidus,

370 1771 397 1812 ro
583 1745 773 1826 priusquam
805 1743 850 1806 ad
875 1743 971 1824 fiuem
998 1743 1135 1821 ceuiuu,
1168 1763 1277 1824 equos
1302 1741 1504 1820 sustinebo,
1536 1762 1644 1824 eoque

588 1843 720 1934 erupis,
743 1851 777 1916 si
795 1849 895 1914 loeus
913 1851 1050 1931 taque
1067 1850 1238 1930 ferentur
1256 1851 1350 1931 equi,
1363 1868 1545 1931 praeceps
1563 1851 1643 1914 erit.

409 1955 534 2034 Quibus
553 1979 634 2043 qnae
654 1955 785 2021 subiicit
801 1958 847 2022 eie
864 1977 921 2035 me,
939 1958 1050 2039 iuquit,
1070 1962 1142 2022 aute
1159 1958 1293 2022 sustineo
1311 1976 1367 2022 uec
1379 1957 1499 2022 diutius
1511 1959 1644 2038 captiose

407 2065 613 2148 iutemepeuti
635 2064 811 2146 respoudee,
835 2066 911 2127 eunt
933 2085 971 2128 ea
988 2085 1090 2147 paene
1114 2065 1160 2127 ita
1178 2065 1292 2147 posita,
1317 2063 1408 2147 quasi
1427 2067 1501 2128 ante
1520 2062 1559 2127 de
1578 2067 1643 2150 sgi-

407 2174 512 2235 tatore
535 2170 678 2255 dixisset,
700 2177 734 2236 ut
755 2171 891 2253 epitatus
908 2170 1044 2235 collidus
1055 2172 1245 2252 priusquam
1265 2171 1308 2236 ud
1324 2171 1419 2252 meu
1437 2171 1537 2234 ceuiet
1553 2191 1644 2252 eques

405 2279 579 2357 sudmebu,
602 2300 728 2343 verum.
742 2278 780 2342 de
808 2299 842 2342 se
870 2277 924 2340 ille
947 2275 1084 2362 protulit
1107 2297 1159 2360 epo
1181 2283 1217 2341 ut
1239 2279 1374 2360 opitulor
1396 2277 1531 2342 callidus
1553 2297 1643 2360 equos

405 2385 567 2464 sustinebo,
590 2404 656 2449 non
680 2385 749 2448 sine
772 2383 905 2449 audacia
928 2383 1065 2468 quadam
1089 2385 1124 2448 in
1145 2405 1180 2448 re
1199 2383 1375 2449 dialectica.
1412 2381 1500 2448 Idem
1521 2381 1642 2449 Catone

406 2513 447 2554 m.
468 2492 519 2575 11,
538 2491 580 2556 36

539 2619 595 2663 uec
620 2619 690 2663 uero
717 2600 839 2680 corpori
865 2599 965 2664 sotum
992 2599 1234 2664 subueniendum
1262 2605 1318 2681 est,
1348 2598 1403 2664 sed
1429 2601 1525 2662 ueuti
1552 2604 1643 2681 etque

575 2706 692 2795 'cuiue
719 2706 814 2770 multo
841 2707 960 2789 mupis;
987 2727 1065 2771 uuus
1091 2707 1166 2771 haee
1192 2726 1320 2787 queque,
1348 2705 1427 2770 uisi
1454 2710 1642 2787 tauquam

365 2839 392 2881 so
585 2812 722 2878 tumiui
744 2813 861 2878 eleum
883 2813 1063 2893 iustiltes,
1087 2815 1325 2897 eustiupuuutuu
1347 2817 1501 2878 senectute.

404 2916 466 2982 His
484 2923 628 2984 veterum
648 2920 804 3004 exemplis
823 2942 863 2985 ex
882 2924 1020 3006 utroque
1038 2942 1184 2985 sermone
1203 2921 1313 3003 petitis
1333 2920 1519 2985 subiicimus
1538 2942 1641 3005 pauca

405 3028 610 3111 nostratium3
629 3049 765 3111 quorum
781 3026 937 3092 Goethius
957 3049 1030 3092 cum
1045 3025 1191 3092 Orestem
1209 3027 1289 3092 haec
1307 3025 1492 3111 loquentem
1507 3028 1640 3111 inducit,

536 3133 594 3199 Du
614 3136 691 3216 fuir
713 3135 794 3200 uoti
816 3136 901 3199 eiuer
923 3134 1103 3199 cacuminat
1125 3136 1206 3199 uach
1229 3136 1298 3200 um
1321 3133 1469 3213 suum,

544 3242 618 3309 Uud
639 3242 774 3325 lu‘iuft‘pe
797 3242 923 3306 Thateis
945 3242 1087 3324 druupeu
1109 3244 1177 3306 uie
1200 3243 1260 3306 die
1282 3241 1412 3307 Sterue

538 3348 660 3432 Riups
681 3370 740 3413 um
763 3368 832 3413 uus
854 3349 918 3413 uer
939 3348 1120 3431 uuedtlip
1143 3369 1211 3414 uus
1235 3349 1299 3413 der
1322 3348 1459 3425 Noctu·

404 3458 461 3518 aut
483 3454 669 3539 Polymetiu
691 3456 726 3519 in
749 3454 911 3540 Elpenore

536 3563 639 3628 Deum
660 3564 745 3628 uiuet
767 3583 843 3628 meu
866 3563 981 3627 wieder
1002 3582 1119 3628 uuseru
1144 3562 1250 3629 Werit

544 3671 614 3736 Wie
635 3672 671 3735 iu
695 3670 754 3735 deu
777 3675 889 3748 uetere,
913 3670 973 3735 deu
995 3690 1191 3735 ceruorrueu
1213 3669 1322 3734 Zeiteu
1342 3668 1468 3750 futilem

536 3777 652 3842 Deuu
675 3778 773 3842 uird
794 3797 880 3842 meu
902 3798 973 3842 uus
995 3779 1062 3841 uie
1084 3779 1144 3841 eiu
1166 3776 1327 3841 ueraltet
1350 3775 1513 3841 Setuert

363 3909 390 3951 u
543 3885 629 3950 Vom
652 3884 800 3966 Pfeiler
822 3884 939 3967 eifrip
960 3885 1128 3968 uelamen,

534 3991 609 4056 Deu
631 3991 710 4057 Rost
729 4011 790 4055 eeu
811 3991 913 4055 seuseu
933 3991 1058 4074 Ktiupe
1079 3991 1189 4074 tilpeu;

402 4097 539 4182 denique
562 4098 716 4163 Faustum
740 4097 786 4161 ita
809 4097 887 4162 facit
910 4097 1140 4163 declamantem

534 4205 603 4269 Biu
625 4204 674 4269 ich
698 4204 753 4269 der
775 4203 962 4287 Fluuuup
983 4205 1081 4283 uielat,
1104 4207 1159 4269 der
1188 4204 1392 4287 Uubeliuuste,

534 4310 603 4375 Der
631 4311 803 4378 Uumeuset
826 4311 903 4377 etue
925 4312 1036 4377 Zwecle
1057 4312 1126 4376 uad
1147 4312 1233 4390 Rue,

533 4417 611 4483 Der
632 4419 701 4482 uie
718 4420 779 4483 eiu
804 4418 1061 4484 Wuesersture
1078 4438 1147 4483 eeu
1164 4418 1252 4483 Feta
1270 4438 1314 4483 eu
1332 4417 1466 4483 Feiseu
1485 4417 1636 4482 brauete

534 4524 712 4607 Bepierip
733 4524 909 4590 uu'theud
929 4526 1024 4589 uach
1047 4525 1126 4591 dem
1149 4525 1333 4608 Adpruud
1353 4546 1410 4606 eu,

401 4652 526 4714 semper
549 4630 589 4695 ad
612 4631 730 4695 similia
754 4652 835 4714 quae
858 4631 1017 4716 prompsit
1040 4633 1197 4717 reliquam
1217 4633 1395 4697 orationem
1415 4653 1542 4697 omnem
1561 4653 1635 4697 con·

400 4739 561 4823 formavit,
584 4741 617 4802 et
640 4758 722 4820 quae
744 4740 801 4802 aut
822 4737 901 4802 ferri
924 4738 989 4803 situ
1014 4738 1145 4803 obducti
1164 4742 1220 4804 aut
1240 4760 1396 4823 aquarum
1415 4760 1487 4802 cum
1505 4739 1634 4823 fragore

401 4846 562 4909 ruentium
585 4844 718 4929 propria
740 4847 823 4927 sunt,
847 4865 883 4907 ea
905 4844 1060 4909 transfert
1083 4844 1116 4909 in
1140 4846 1225 4930 ipsas
1249 4846 1451 4929 loquentium
1471 4865 1632 4929 personas.
