3967 5725
396 615 461 681 208
614 618 714 669 XLIII.
733 617 846 669 INDEX
867 616 1085 669 LEGTIONUM
1105 615 1336 668 AESTIVARUM
1356 618 1434 668 1896.

397 783 536 863 parcunt
558 776 752 866 rationibus)
776 776 887 862 ῥῆξαι,
910 777 1076 864 ῥήξασθαι
1100 781 1232 862 φωνήν,
1255 777 1377 861 αὐδήν,
1402 779 1568 860 φθόγγον,
1592 777 1634 840 si-

397 886 488 950 milia
515 885 578 949 dici
605 888 746 970 constat,
774 884 1010 972 significatione
1037 907 1057 949 a
1082 884 1215 950 nomine
1241 884 1367 950 adiecto
1395 883 1569 968 pendente,
1592 883 1633 948 ob

398 1015 467 1058 eam
488 1014 614 1058 causam
634 992 669 1056 in
687 991 879 1058 contrariam
898 992 963 1056 vim
982 991 1163 1076 ἀρρήκτως,
1187 990 1273 1074 quod
1292 990 1416 1056 nullum
1436 990 1499 1056 sibi
1517 1011 1636 1056 nomen

399 1099 559 1165 adiectum
581 1099 693 1183 habet,
715 1099 793 1184 poni
815 1099 969 1183 potuisse,
991 1097 1085 1164 nobis
1109 1119 1176 1163 non
1197 1098 1235 1162 fit
1259 1096 1419 1182 credibile,
1441 1120 1509 1162 non
1531 1098 1635 1183 magis

398 1205 505 1271 hercle
528 1228 624 1291 quam
648 1206 734 1290 quod
757 1205 854 1290 φωνή
873 1207 1035 1291 ἄρρηκτος
1054 1203 1289 1290 appellabatur,
1312 1206 1409 1270 etiam
1428 1205 1558 1288 σιωπήν
1576 1205 1636 1290 ἄρ-

399 1337 521 1397 ρηκτον
552 1314 697 1398 potuisse
723 1316 809 1378 recte
837 1313 910 1376 dici.
951 1309 1065 1395 Itaque
1092 1311 1302 1395 Bernaysiue,
1334 1316 1442 1396 spreta
1468 1311 1532 1378 ista
1561 1333 1635 1377 oon-

399 1422 523 1487 isctura
549 1442 608 1488 nec
634 1423 825 1503 memorata,
852 1419 998 1502 exemplo
1023 1421 1152 1503 sumpto
1177 1417 1215 1483 ab
1240 1417 1387 1483 Axiocho
1411 1418 1540 1505 dialogo
1563 1417 1635 1482 Pla-

399 1530 515 1593 tonicis
534 1528 668 1612 adnexo,
686 1527 720 1591 in
739 1548 804 1611 quo
824 1525 909 1609 quod
924 1524 1121 1612 vulgabatur
1135 1522 1266 1611 (poce,
1278 1523 1334 1611 14)
1349 1535 1414 1591 ποῦ
1430 1527 1469 1590 τά
1483 1527 1636 1611 πρόσθεν

400 1634 570 1720 αὐχήματα
598 1635 652 1699 καὶ
675 1635 710 1699 αἱ
733 1644 883 1718 συνεχεῖς
906 1632 1056 1714 εὐλογίαι
1079 1643 1148 1696 τῶν
1170 1631 1297 1718 ἀρετῶν
1319 1631 1374 1698 καὶ
1398 1633 1440 1697 τὸ
1463 1634 1636 1716 ἄρρητον

359 1768 385 1811 ιο
401 1738 438 1806 ἐν
461 1739 515 1807 σοὶ
539 1741 668 1827 θάρσος
690 1763 709 1805 a
732 1738 766 1804 0.
784 1738 836 1804 Fr.
851 1738 1038 1803 Hermanno
1061 1744 1147 1803 reete
1170 1740 1204 1802 in
1227 1741 1403 1824 ἄρρατον
1421 1740 1549 1824 θάρσος
1568 1761 1636 1804 mu-

398 1852 502 1913 tatum
535 1845 793 1933 praedicabat*),
831 1844 976 1912 Silenum
1009 1846 1049 1910 ab
1082 1845 1259 1911 Aristotele
1291 1846 1355 1912 dici
1388 1845 1502 1912 maluIt
1534 1842 1636 1912 οὐθὲν

399 1953 531 2020 ἐθέλειν
558 1956 665 2020 εἰπεῖν
692 1953 776 2019 ἀλλά
804 1966 935 2019 σιωπᾶν
964 1952 1155 2039 ἀρράτως,
1182 1953 1246 2019 hoo
1274 1958 1323 2018 est
1344 1958 1383 2018 ut
1404 1953 1473 2038 ipse
1496 1954 1635 2018 reddidit

397 2068 483 2127 atuor
504 2062 680 2144 εάιιοιάςειι.
713 2060 759 2124 at
781 2081 841 2124 nos
864 2082 924 2125 nec
943 2059 1006 2125 hoc
1025 2082 1218 2144 quemquam
1238 2057 1423 2126 Germanice
1443 2061 1561 2130 dixisse
1580 2065 1636 2126 eut

399 2170 543 2253 potuisse
566 2173 641 2252 apte
664 2167 728 2234 dici
750 2171 912 2252 putamus,
935 2188 1041 2251 neque
1064 2167 1214 2251 ἀρράτως
1236 2167 1386 2234 vocabuli
1408 2191 1482 2233 eum
1506 2191 1635 2234 sensum

399 2298 469 2340 esse
498 2275 718 2358 concedimus,
746 2275 801 2358 qui
827 2295 900 2338 cum
924 2283 1055 2339 σιωπᾶν
1077 2274 1176 2339 verbo
1200 2275 1367 2340 conciliari
1390 2277 1557 2342 commode
1579 2297 1635 2360 po-

398 2384 506 2448 tuerit.
549 2381 612 2447 Sed
640 2383 669 2446 si
695 2381 748 2445 vel
775 2381 913 2445 maxime
942 2380 1005 2445 hoc
1032 2402 1090 2465 per
1118 2381 1316 2465 testimonia,
1344 2383 1383 2446 de
1412 2381 1528 2466 quibus
1551 2382 1636 2446 inira

399 2490 553 2573 dicemus,
580 2488 692 2574 largiri
719 2487 845 2569 liceret,
872 2491 980 2552 tamen
1009 2497 1139 2553 σιωπᾶν
1167 2487 1329 2575 ἀρρήτως,
1358 2489 1443 2574 quod
1471 2493 1635 2573 tamquam

398 2598 509 2681 inepto
538 2595 680 2680 ineptius
708 2594 747 2659 ab
777 2594 926 2660 omnibus
953 2596 1154 2680 repudiatur,
1181 2596 1269 2680 quod
1290 2601 1399 2661 tamen
1421 2619 1515 2662 nemo
1538 2596 1635 2680 paulo

399 2705 531 2787 propius
545 2701 673 2766 videtur
686 2702 876 2786 respexisse,
890 2723 948 2768 cur
960 2703 1177 2767 reiectaneum
1190 2701 1357 2785 habeatur,
1372 2726 1501 2770 causam
1513 2703 1636 2768 nullam

358 2840 385 2883 ω
400 2831 468 2875 esee
496 2830 721 2875 asseveramus.
759 2807 844 2873 Nam
873 2808 959 2893 quod
986 2808 1183 2893 Bernaysiua
1210 2809 1283 2875 risit
1312 2808 1392 2875 illud
1421 2820 1549 2877 σιωπᾶν
1578 2809 1636 2896 ἀρ-

399 2920 515 3003 ρήτως,
535 2917 627 3001 quaei
647 2918 719 3001 quis
737 2919 849 2980 nostro
870 2937 1018 2981 sermone
1036 2917 1156 2982 diceret
1174 2918 1445 2999 unoussprechle'ob
1458 2918 1636 3002 schweipea,

399 3026 454 3089 vix
474 3023 626 3089 credibile
642 3027 700 3107 est,
719 3045 792 3088 eum
805 3044 872 3087 non
885 3023 1078 3106 meminisse,
1097 3024 1185 3107 quod
1198 3026 1359 3089 neminem
1373 3025 1484 3111 fugere
1499 3028 1636 3110 poterat,

398 3153 465 3196 non
487 3132 544 3196 illa
567 3130 598 3195 vi
623 3131 691 3195 sola
713 3128 776 3194 hoc
798 3150 899 3216 genus
923 3128 1155 3196 vocabulorum
1178 3132 1265 3215 poni,
1289 3132 1344 3196 sed
1368 3153 1405 3195 ea
1424 3153 1519 3218 saepe
1538 3154 1636 3217 quan-

400 3238 472 3302 dam
500 3239 667 3303 notionem
694 3238 831 3302 activam
860 3234 1007 3319 induere,
1034 3235 1124 3301 velut
1147 3236 1320 3323 ἀπράκτως
1342 3261 1436 3304 nemo
1460 3239 1545 3303 dicet
1568 3260 1636 3304 esse

400 3349 435 3411 ιιι
457 3344 675 3410 υυίίιυαίίολιοτ
699 3344 814 3421 Weise,
836 3342 892 3406 sed
916 3343 968 3407 vel
990 3342 1150 3408 tironibus
1169 3349 1282 3410 notum
1306 3350 1356 3409 est
1380 3346 1443 3411 diei
1465 3368 1499 3411 re
1521 3348 1637 3429 infecto

488 3539 552 3608 *11)
571 3537 604 3591 In
622 3535 747 3590 Axiocho
767 3535 836 3604 quid
854 3538 930 3589 recte
946 3536 1094 3604 scribetur,
1114 3536 1236 3607 ἄρρητον
1256 3554 1292 3592 an
1306 3538 1430 3607 ἄρρατον
1445 3555 1482 3593 un
1496 3539 1637 3610 ἄρρηκτον

399 3626 486 3698 (quod
509 3629 537 3681 et
559 3626 607 3681 hic
630 3625 744 3679 fuerunt
767 3625 816 3694 qui
840 3641 891 3694 pro
915 3624 1037 3695 ἄρρητον
1058 3626 1265 3681 restituendum
1283 3632 1494 3698 proponerent),
1518 3646 1574 3684 non
1593 3631 1637 3684 est

399 3717 475 3787 quod
504 3714 648 3786 operosius
677 3717 843 3782 quaeratur;
871 3732 936 3768 nam
959 3732 1016 3769 non
1039 3715 1159 3769 multum
1183 3715 1236 3770 hoc
1260 3717 1290 3770 in
1314 3720 1410 3772 nostra
1434 3735 1518 3772 cause
1541 3719 1636 3773 valere

399 3806 501 3876 potest.
539 3804 595 3861 Sed
617 3822 652 3858 ne
674 3804 743 3873 quid
762 3803 985 3870 dissimulemus,
1009 3805 1121 3859 tentum
1141 3804 1259 3861 dicimus
1279 3806 1369 3874 brevi,
1393 3806 1474 3862 nobie
1494 3806 1544 3860 ille
1563 3822 1635 3876 quae

399 3894 589 3965 vulgabantur
610 3894 646 3948 τά
669 3890 796 3962 πρόσθεν
820 3891 968 3962 αὐχήματα
986 3894 1036 3947 καί
1054 3892 1084 3947 od
1104 3904 1228 3964 συνεχεῖς
1245 3894 1369 3967 εὐλογίαι
1387 3905 1443 3951 τῶν
1462 3897 1569 3964 ἀρετῶν
1587 3896 1635 3950 καλ

399 3982 431 4039 τὸ
450 3984 599 4054 ἄρρητον
617 3985 648 4041 ἐν
667 3983 711 4038 eol
724 3981 834 4050 θάρσος
847 3981 959 4052 integra
973 3982 1062 4037 videri
1077 3985 1106 4037 et
1121 3984 1243 4053 ἄρρητον
1260 3984 1317 4040 dici
1331 3986 1440 4054 θάρσος
1454 3985 1530 4054 quod
1543 3984 1635 4039 verbIe

400 4073 521 4142 exprimi
544 4075 595 4128 aut
618 4071 742 4127 enarrari
765 4087 821 4125 non
843 4072 934 4140 possit
957 4073 1227 4141 (aabesobres‘blicber
1246 4076 1353 4145 Μυάι),
1378 4093 1433 4145 quo
1456 4092 1541 4131 eeneu
1558 4074 1635 4129 velut

400 4163 548 4232 Appianas
568 4162 690 4217 scribere
709 4160 820 4214 videtur
837 4160 913 4230 (bell.
929 4160 979 4215 civ.
995 4168 1058 4214 1114
1076 4179 1103 4230 p.
1119 4167 1185 4230 841,
1201 4170 1234 4217 16
1245 4162 1348 4234 Mend.)
1369 4174 1448 4234 μῖσος
1466 4165 1587 4234 ἄρρητον
1607 4164 1634 4231 ἐξ

399 4251 522 4319 ἀρρήτου
546 4249 659 4313 εὐνοίας
680 4258 730 4305 τοῦ
754 4248 845 4318 δήμου
868 4249 939 4318 πρὸς
960 4249 1012 4305 τὸν
1034 4248 1177 4307 Ἀντώνιον
1200 4252 1339 4322 ἐγήγερτο.
1373 4253 1502 4309 Ceterum
1525 4252 1634 4322 liquido

400 4342 527 4410 apparet,
547 4342 653 4408 quanto
668 4355 751 4409 opere
766 4337 895 4408 exempla
910 4338 1027 4393 bahent
1040 4340 1127 4394 etiarn
1142 4341 1276 4411 eruditos,
1295 4343 1448 4412 siquidem
1463 4342 1634 4413 Bernaysiue

399 4428 555 4485 Hermauni
577 4428 719 4498 exemplo,
747 4426 894 4497 Bernayeii
922 4430 1017 4484 eutem
1040 4429 1168 4499 exemplo
1192 4430 1305 4485 ducitur
1328 4431 1475 4487 Usenerus.
1499 4464 1534 4473 —
1556 4430 1635 4487 Haec

400 4518 508 4572 dudum
530 4518 636 4587 scripta
659 4519 689 4572 st
711 4517 768 4572 iarn
791 4516 928 4586 impresse
951 4520 1044 4586 erant,
1068 4533 1131 4572 curn
1154 4517 1267 4575 libellus
1287 4520 1402 4575 affertur
1421 4520 1452 4576 Ο.
1471 4520 1634 4588 Immischii‚

401 4607 450 4676 qui
469 4622 550 4661 curae
563 4605 726 4663 Platonicae
745 4606 781 4661 eb
795 4606 921 4661 Axiooho
941 4607 1103 4676 auspicatus
1123 4607 1238 4681 dialogo
1257 4609 1349 4665 denuo
1368 4611 1445 4665 edito
1465 4610 1587 4679 ἄρρατον
1602 4627 1635 4665 ex

400 4695 540 4763 fischeri,
563 4712 620 4750 non
643 4698 675 4750 ut
697 4695 791 4750 adhuc
814 4694 981 4750 credebatur
999 4696 1153 4752 Hermanni
1177 4698 1338 4754 coniectura
1357 4700 1470 4769 recepit.
1508 4700 1552 4754 Ita
1571 4716 1634 4769 spes

400 4786 444 4839 est
468 4802 529 4839 eam
551 4801 648 4839 vocem
667 4785 753 4840 etiem
771 4785 963 4854 inposterum
982 4785 1057 4841 hunc
1075 4786 1168 4841 locum
1187 4786 1367 4843 obtenturam
1386 4788 1634 4859 supersedentibus

400 4874 566 4943 praesertim
586 4874 691 4930 crIticie
710 4890 852 4943 quaerere,
872 4890 928 4941 que
947 4874 974 4927 vi
993 4875 1115 4945 ἄρρητον
1133 4875 1244 4945 θάρσος
1262 4876 1400 4947 appellari
1419 4878 1550 4947 potuerit.
