3967 5725
780 612 870 683 86
1059 622 1363 671 XXXVIII.
1402 621 1634 671 INDEX
1670 612 2101 672 LECTIONUM
2135 623 2621 673 HIBERNARUM
2662 622 2925 693 1893s94.

776 782 931 847 huic
989 782 1417 846 subiiciantur
1468 804 1706 866 preces,
1794 781 1969 858 Quae
2027 784 2198 866 quod
2257 775 2501 847 habent
2557 784 2681 847 861
2735 773 2785 849 εξ
2828 785 2923 848 Et
2971 772 3255 867 quotiens

774 891 1012 954 steteris
1057 881 1288 954 domito
1331 889 1618 954 ‚sublimis
1662 891 1736 954 in
1780 890 1942 968 orbe,
2001 889 2233 955 Omnia
2277 892 2409 954 sint
2450 890 2726 957 humeris
2770 892 3079 973 inferiora
3123 895 3251 958 tais

777 995 1189 1066 manifestum
1229 1000 1327 1059 est
1362 999 1620 1079 poetam
1657 996 1864 1061 redire
1895 996 1974 1061 ad
2004 1019 2142 1060 eam
2175 1018 2371 1079 quam
2410 1001 2558 1060 ante
2594 1000 2816 1082 posuit
2854 999 3250 1082 praeclaram

786 1093 976 1170 Urbis
1021 1098 1366 1188 imaginem
1411 1105 1699 1167 victorem
1744 1104 1928 1167 terris
1982 1106 2391 1185 impositum-ae
2428 1106 2648 1186 pedem
2704 1128 2973 1189 eamque
3020 1108 3251 1191 repeti-

776 1214 911 1274 tam
960 1210 1311 1275 absolvere.
1358 1208 1452 1273 Ut
1495 1230 1698 1294 paene
1735 1210 2114 1275 incredibile
2152 1210 2462 1289 videatur,
2507 1210 2636 1277 hoc
2672 1215 3030 1277 extremum
3070 1213 3251 1278 disti-

777 1317 966 1400 chon,
1004 1339 1133 1401 quo
1172 1316 1340 1381 nihil
1369 1318 1576 1403 magis
1606 1311 1995 1381 Ovidianum
2024 1338 2161 1381 esse
2198 1321 2433 1402 potest,
2470 1317 2852 1402 interpretes
2881 1322 3249 1404 vituperare

777 1428 888 1487 aut
937 1423 1195 1489 criticos
1244 1423 1324 1488 ab
1372 1422 1604 1488 Ovidio
1655 1423 2037 1488 abiudicare.

958 1529 1082 1595 Sed
1129 1531 1232 1595 his
1281 1530 1593 1615 exemplis
1650 1531 1705 1594 si
1754 1532 1909 1615 quid
1965 1531 2133 1596 forte
2193 1531 2541 1615 profecisse
2589 1533 3105 1598 existimabimur
3149 1537 3250 1599 uti

775 1636 999 1701 licebit
1036 1641 1100 1701 et
1137 1639 1413 1701 maxime
1452 1640 1737 1701 extremo
1776 1658 1854 1700 ex
1891 1636 1972 1699 iis
2002 1637 2082 1700 ad
2112 1638 2451 1701 tutandum
2478 1640 2695 1703 locum
2725 1639 2999 1705 alterum
3028 1640 3252 1706 Fasto-

697 1740 749 1811 i‘o
775 1767 921 1808 rum
961 1766 1152 1828 quem
1191 1743 1482 1827 plerique
1520 1764 1742 1808 omnes
1773 1743 2245 1827 interpolati-ici
2276 1767 2469 1809 manu
2499 1736 2757 1809 auctum
2788 1768 2924 1812 esse
2953 1747 3249 1812 clamant.

957 1852 1018 1914 2.
1064 1849 1141 1913 In
1181 1855 1464 1915 extremo
1503 1849 1672 1913 libro
1710 1854 1891 1914 sexto
1935 1850 2076 1914 Clio
2115 1840 2311 1915 refert
2346 1850 2473 1916 hoc
2518 1854 2928 1936 praeconium
2971 1854 3252 1919 Marciae

777 1982 815 2022 a
859 1981 918 2021 v.
961 1958 1085 2022 801

1145 2064 1254 2129 Sic
1298 2087 1418 2147 eqo.
1466 2066 1557 2129 sic
1606 2062 1743 2128 Clio
1756 2086 1777 2127 .·
1825 2064 2037 2129 ‘Glari
2082 2072 2479 2130 monumenta
2528 2066 2823 2149 Philippi

1234 2171 1510 2256 Aspicis,
1553 2166 1720 2236 unde
1765 2172 1963 2236 trahit
2008 2173 2274 2237 Marcia
2320 2178 2494 2237 casta
2535 2195 2747 2257 yenuS,

1145 2280 1425 2359 Marcia,
1471 2281 1756 2362 sacrifico
1801 2280 2129 2344 deductum
2176 2301 2397 2343 nomen
2443 2281 2521 2343 ab
2567 2279 2761 2359 Anac,

1236 2387 1322 2451 In
1366 2409 1491 2469 qua
1525 2408 1659 2469 past·
1699 2387 1900 2468 facies
1943 2386 2263 2451 nobilitate
2307 2408 2442 2451 sua.

923 2494 1052 2558 805
1145 2494 1270 2557 Par
1317 2495 1527 2558 animo
1577 2515 1835 2577 quoque
1879 2494 2090 2558 forma
2137 2516 2252 2558 suo
2301 2494 2661 2577 respondet.
2711 2496 2779 2559 in
2824 2496 2937 2560 illa

1233 2600 1320 2663 Et
1367 2621 1570 2685 genus
1616 2604 1681 2663 et
1727 2600 1924 2665 facies
1971 2600 2433 2686 ingeniumque
2482 2601 2692 2665 simul.

1145 2707 1277 2771 Nec
1321 2708 1486 2787 quod
1529 2708 1870 2771 laudamus
1909 2709 2203 2792 formam,
2251 2713 2318 2772 tu
2363 2714 2541 2789 turpe
2573 2710 2865 2789 putaris:

697 2804 750 2880 ἕο
1235 2814 1610 2879 Laudamus
1655 2835 1924 2896 maynas
1966 2814 2085 2879 hac
2128 2836 2361 2897 quoque
2394 2821 2583 2897 parte
2629 2817 2817 2881 deas?

778 2921 856 2986 In
900 2921 1003 2986 his
1059 2922 1351 2987 versibus
1407 2922 1804 3005 explicandis
1859 2922 2333 3005 proficiscimur
2380 2945 2417 2986 a
2461 2923 2677 2987 verbis
2734 2921 2925 3010 (804)
2984 2924 3069 2988 In
3122 2945 3252 3006 qua

765 3052 899 3112 par
950 3032 1147 3110 facies
1199 3029 1517 3094 nobilitate
1569 3050 1705 3094 sua.
1799 3028 1973 3105 Quae
2020 3029 2249 3092 Petrus
2307 3029 2399 3092 ita
2446 3029 2683 3112 accipit
2729 3033 2802 3093 ut
2848 3031 2930 3094 ad
2963 3052 3112 3112 par,
3168 3054 3250 3096 ne

781 3137 925 3221 quis
975 3159 1121 3201 cum
1169 3136 1451 3200 ablativo
1498 3137 1780 3201 nominis
1829 3135 2136 3220 coniungi
2183 3140 2456 3218 censeat,
2504 3136 2790 3200 dativum
2828 3137 3007 3202 Anco
3044 3137 3252 3202 audiri

779 3243 960 3309 velit:
1022 3242 1090 3306 in
1154 3266 1280 3328 qua
1338 3243 1532 3307 facies
1593 3242 1935 3307 nobilitate
1998 3263 2113 3306 sua
2174 3241 2357 3308 Anco
2420 3266 2539 3326 par
2598 3243 2741 3307 fuit.
2833 3244 3250 3330 Eandemque

779 3351 1146 3434 explicandi
1208 3351 1525 3414 rationem
1593 3349 1944 3414 simillimis
2010 3349 2224 3412 verbis
2295 3349 2593 3414 adhibuit
2658 3372 2821 3433 quae
2887 3351 2954 3414 in
3019 3356 3249 3435 quarto

782 3457 1091 3543 leguntur
1137 3457 1270 3520 306
3220 3441 3236 3463 ”

1151 3563 1429 3628 Claudia
1483 3565 1718 3645 Quinta
1761 3585 1955 3645 yenus
2004 3563 2233 3629 Clauso
2277 3565 2579 3645 referebat
2623 3565 2701 3628 ab
2748 3566 2889 3643 αῑύο,

1245 3671 1373 3733 Nan
1413 3672 1485 3749 fn
1493 3671 1609 3733 nias
1653 3674 1867 3752 impar
1910 3671 2231 3736 nobilitate
2271 3672 2415 3753 fuit.

784 3777 1045 3841 Scilicet
1093 3801 1213 3841 ww
1269 3781 1477 3857 sumatis
1529 3777 1752 3843 s‘lauso
1807 3777 2085 3862 intelligi
2141 3777 2348 3860 iubet,
2412 3782 2481 3840 ut
2526 3778 2721 3843 facies
2771 3777 3070 3843 Claudiae
3116 3801 3251 3844 non
3288 3794 3326 3848 8

700 3913 756 3949 an
784 3885 996 3949 minus
1057 3885 1289 3945 nobilia
1349 3909 1533 3965 quum
1601 3885 1742 3948 Atti
1799 3883 2018 3949 Clausi
2073 3884 2269 3948 facies
2326 3884 2525 3948 fuisse
2586 3885 2851 3949 dicatur.
2943 3885 3258 3950 Miramur

784 3993 972 4057 ductu
1029 3993 1357 4073 interpreti
1417 3993 1577 4053 lutum
1629 3991 2008 4056 sententiam
2055 3992 2195 4054 iure
2233 3991 2665 4075 vituperatam
2713 3992 2792 4055 ab
2841 3992 2983 4056 aliis
3031 3991 3254 4057 etiam-

784 4121 956 4161 nunc.
1005 4101 1281 4181 probari.
1377 4101 1541 4173 Quia]
1593 4099 1760 4162 enim
1809 4098 1996 4162 faciei
2042 4098 2323 4162 Marciae
2377 4097 2481 4163 vel
2529 4096 2830 4163 Claudiae
2892 4121 3037 4164 cum
3085 4098 3256 4164 Anci

784 4205 948 4269 faeie
996 4213 1105 4269 aut
1149 4205 1405 4269 Clausi?
1461 4205 1545 4269 [m
1561 4228 1659 4269 mo
1704 4206 1973 4270 dubium
2013 4226 2149 4270 esse
2187 4225 2318 4268 non
2355 4209 2573 4288 potest
2611 4205 2768 4288 quin
2806 4210 2937 4270 tam
2974 4205 3254 4271 Marciae

788 4333 976 4393 quan]
1013 4309 1313 4377 Claudiae
1357 4317 1557 4373 fni-ma
1597 4333 1742 4377 cum
1781 4312 2122 4376 earundem
2162 4310 2503 4376 nobilitate
2532 4312 2783 4397 generis
2814 4313 3255 4398 contendatur,

784 4441 824 4485 a
864 4441 988 4501 qua
1025 4417 1337 4481 laudanda
1381 4429 1569 4501 poeta
1609 4421 1675 4482 in
1710 4424 1983 4504 utraque
2023 4441 2207 4484 orsus
2245 4423 2368 4482 est:
2405 4417 2650 4484 Marcia
2688 4419 2767 4483 ab
2806 4420 2989 4484 Anco
3017 4441 3255 4484 nomen

788 4526 988 4602 ducit3
1057 4526 1321 4590 Claudia
1381 4550 1417 4586 a
1473 4530 1704 4590 {leiuso
1765 4549 1967 4612 genus
2025 4526 2247 4590 refert:
2310 4530 2376 4590 et
2433 4525 2586 4589 huic
2646 4547 2864 4590 earum
2926 4525 3253 4591 nobilitati

788 4634 1069 4698 neminie
1113 4654 1305 4714 aequa
1353 4638 1485 4694 crat
1529 4632 1859 4715 utriusque
1896 4634 2092 4697 facies
2122 4634 2226 4697 vel
2261 4633 2487 4698 forma.
2552 4633 2642 4697 Et
2670 4634 2764 4698 sic
2792 4634 2957 4698 solet
2984 4631 3254 4698 Ovidius

656 4786 668 4798 ψ
784 4758 948 4822 quae
980 4746 1133 4806 flunt
1161 4742 1617 4822 c1.11np÷·1ralj'tlia
1643 4739 1812 4802 inter
1840 4762 1908 4804 se
1937 4761 2326 4822 comparare,
2355 4740 2621 4803 velutin
2650 4740 2922 4822 epistola
2944 4761 3023 4804 ex
3040 4739 3255 4804 Ponto

664 4878 704 5368 ΙΙ
780 4834 936 4910 iibri
984 4846 1161 4910 tertii
1213 4850 1401 4910 tertia
1453 4870 1505 4906 τ,
1549 4854 1630 4906 μυ
