3967 5725
635 630 636 635 ¹
748 612 798 662 DE
816 611 1001 663 EURIPIDIS
1019 610 1214 663 naucum
1555 608 1600 674 53

362 774 451 838 tione
483 773 611 858 proIIxa
642 773 697 837 sed
729 774 811 837 mira
839 775 1007 837 venustate
1035 771 1207 857 explicata,
1240 774 1317 837 olim
1345 772 1449 838 multa
1475 773 1602 838 salebra

359 880 555 965 impediente
581 881 750 963 lectorem,
778 879 841 944 alia
863 879 1093 964 interpretandi
1119 900 1197 944 cura
1218 880 1338 964 partim
1362 884 1470 945 autem
1495 902 1600 945 emen·

360 988 463 1053 dandi,
486 987 630 1052 sollertia
659 988 781 1071 optime
808 986 1032 1051 administrata
1059 990 1148 1051 sunt:
1175 990 1276 1051 restat
1302 987 1354 1051 vel
1379 987 1508 1052 ridetur
1530 988 1600 1071 qui·

360 1096 430 1160 dem
460 1095 554 1160 nobis
583 1099 704 1159 restare
731 1094 856 1177 aliquid
884 1093 1106 1179 ambiguitatis
1134 1094 1169 1158 in
1196 1093 1357 1178 principio
1385 1094 1541 1159 orationis
1567 1098 1601 1159 et

360 1203 394 1267 in
418 1202 515 1267 exitu.
556 1201 734 1267 Exorditur
758 1205 865 1265 autem
889 1199 1023 1286 Megara
1046 1199 1086 1265 ab
1109 1200 1161 1266 his
1184 1200 1332 1266 versibus

410 1307 475 1373 451
524 1304 604 1375 εἶεν·
629 1310 679 1385 τίς
703 1308 822 1393 ἱερεὺς,
842 1310 896 1385 ,τίς
920 1312 1069 1391 σφαγεὺς
1091 1320 1159 1373 τῶν
1182 1310 1382 1393 δυσπότμων

334 1473 337 1477 ,
420 1453 476 1481 ,-
523 1410 543 1499 ἢ
568 1425 625 1499 τῆς
649 1418 807 1498 ταλαίνης
830 1425 887 1499 τῆς
911 1414 989 1499 ε’μῆς
1012 1424 1120 1500 ψυχῆς
1143 1416 1281 1501 φονεός;

525 1520 626 1604 ἕτοιμ’
655 1524 750 1606 ἄγειν
773 1524 812 1587 cd
835 1521 964 1605 θύματ’
987 1524 1036 1598 εἰς
1050 1520 1168 1588 ’Ἅιδου
1191 1523 1279 1587 τᾶδε.

524 1626 550 1694 ὦ
574 1627 676 1711 τέκν’,
700 1628 850 1713 ἀγόμεθα
874 1632 989 1712 ζεῦγος
1012 1629 1052 1693 οὐ
1076 1631 1180 1695 καλὸν
1202 1642 1345 1715 νεκρῶν,

412 1735 480 1801 455
527 1736 611 1821 ὁμοῦ
635 1735 790 1820 γέροντες
812 1734 866 1800 καὶ
890 1735 960 1801 νέοι
984 1734 1039 1800 καὶ
1062 1736 1206 1820 μητέρες.

360 1842 400 1907 In
415 1844 533 1928 quibus
548 1842 818 1909 Wilamowitzius
833 1845 899 1907 vim
914 1845 1080 1927 propriam
1094 1843 1265 1910 verborum
1281 1846 1398 1929 ἱερεύς,
1413 1844 1601 1931 σφαγεὺς*)

362 1954 394 2015 et
419 1972 500 2035 quae
525 1972 597 2014 cum
621 1949 672 2015 his
693 1951 857 2033 conspirat
875 1972 939 2014 vox
957 1952 1093 2034 θύματα
1111 1950 1213 2035 probe
1233 1952 1403 2038 explicuit3
1426 1974 1444 2015 a
1464 1974 1601 2036 quorum

360 2058 500 2143 figurata
534 2058 678 2123 oratioue
712 2058 864 2141 quoniam
897 2079 1025 2122 versum
1057 2057 1198 2122 medium
1225 2058 1246 2141 ἢ
1274 2068 1332 2143 τῆς
1359 2061 1517 2143 ταλαίνης
1543 2070 1602 2143 ’τῆς

361 2164 439 2249 ἐμῆς
467 2173 574 2249 ψυχῆς
603 2165 728 2248 φονεύς
758 2163 930 2229 abhorrere
959 2165 1098 2248 censuit,
1129 2164 1216 2230 hunc
1242 2187 1310 2230 non
1337 2188 1406 2230 csse
1434 2165 1601 2249 Euripidis

360 2270 470 2335 Paleio
495 2273 673 2336 assentiens
696 2272 807 2355 posuit
830 2272 886 2335 sed
908 2271 1150 2355 interpolatoris
1173 2272 1308 2338 consilio
1327 2271 1493 2359 Megaram
1516 2275 1602 2337 inter

363 2378 496 2461 θύματα
519 2378 633 2442 referri
656 2377 797 2443 nolentis
817 2379 996 2463 appictum3
1019 2400 1084 2462 quo
1102 2380 1233 2444 excluso
1253 2380 1432 2445 orationem
1451 2379 1492 2444 ad
1510 2401 1601 2443 suam

362 2484 509 2571 formam,
532 2484 589 2550 illo
613 2506 709 2549 versu
732 2485 928 2569 impediente
947 2484 1120 2568 turbatam,
1143 2486 1262 2552 redire:
1284 2486 1347 2551 hoc
1366 2488 1451 2552 enim
1470 2486 1533 2551 dici
1552 2489 1602 2562 τίς

364 2594 515 2675 σφαγεὺς
543 2593 637 2675 ἄγειν
665 2592 705 2655 τὺ
732 2592 868 2673 θύματα
892 2593 971 2657 τάδε
994 2590 1107 2676 ἕτοιμα
1130 2600 1178 2669 εἰς
1192 2591 1327 2673 'ididem
1354 2616 1414 2658 nec
1436 2593 1603 2677 probabile

362 2720 441 2781 esse,
465 2697 527 2763 hoc
551 2698 681 2783 quidem
700 2700 782 2782 1000,
806 2701 995 2783 insequente
1013 2700 1200 2783 praesertim
1220 2700 1380 2784 ἀγόμεθα,
1404 2700 1601 2764 infinitivum

363 2808 457 2889 ἄγειν
480 2806 520 2871 ab
544 2804 658 2892 ἕτοιμα
681 2806 874 2891 pendentem
897 2808 1040 2891 positum
1065 2829 1124 2892 pro
1148 2807 1286 2892 passivo.
1329 2807 1433 2893 Atqui
1455 2830 1514 2872 nos
1538 2808 1602 2892 pri-
1615 2842 1643 2882 γε

361 2936 450 2978 mum
483 2915 516 2978 in
550 2915 705 2979 orationis
738 2914 842 2978 forma
875 2914 1050 2981 evolvenda
1082 2915 1122 2979 ab
1152 2915 1362 2980 eruditissimi
1390 2914 1452 2978 viri
1480 2915 1601 2980 iudicio

363 3021 568 3106 discedimns3
582 3022 638 3105 qui
654 3021 780 3087 sublato
795 3043 890 3085 versu
905 3021 1045 3086 secundo
1060 3026 1169 3087 tamen
1181 3022 1240 3086 has
1259 3023 1337 3087 duas
1348 3044 1416 3086 esse
1427 3025 1602 3086 sententias

333 3162 335 3165 ·
362 3127 496 3193 alteram
510 3129 603 3192 alteri
618 3128 828 3193 confirmandi
844 3128 1025 3212 explicandi
1040 3151 1137 3193 causa
1144 3129 1318 3193 subiectam
1331 3130 1505 3193 malumus:
1517 3130 1602 3212 ‘quis

361 3239 531 3302 mactator:
546 3239 676 3319 paratae
691 3232 806 3321 (euim)
826 3239 901 3300 sunt
918 3235 973 3301 hic
991 3235 1117 3300 hostiae
1136 3258 1218 3320 quae
1232 3236 1394 3300 'ducantur
1412 3237 1447 3300 in
1461 3233 1600 3300 Orcum?

363 3341 433 3418 Qua
446 3342 481 3406 in
499 3365 533 3406 re
553 3365 626 3408 cum
644 3343 743 3407 verba
761 3343 831 3427 ipsa
851 3341 964 3428 ἕτοιμα
983 3347 1015 3406 et
1033 3343 1112 3408 τάδε
1131 3343 1215 3408 hanc
1233 3343 1337 3427 magis
1356 3344 1538 3409 iuncturam
1554 3364 1603 3406 re·

363 3449 467 3532 cipere
495 3450 679 3534 videantur,
705 3455 774 3514 tum
799 3450 881 3514 illud
903 3471 963 3514 nos
986 3455 1109 3533 movet,
1138 3450 1224 3534 quod
1249 3451 1356 3533 ἱερεὺς
1378 3451 1430 3514 vel
1454 3451 1602 3533 σφαγεὺς

362 3557 478 3638 ἄγειν
497 3557 536 3621 cd
555 3558 690 3641 θύματα
708 3558 839 3641 proprie
859 3556 922 3621 dici
941 3578 1007 3620 non
1021 3559 1139 3640 potnit,
1157 3558 1266 3641 potuit
1281 3558 1428 3642 σφάζειν,
1448 3553 1603 3641 ὺύειν·*);

364 3662 523 3747 dirempta
552 3668 659 3728 eutem
687 3665 847 3728 sententia
874 3664 910 3727 in
936 3668 1045 3748 partes
1074 3664 1166 3746 duas,
1194 3686 1267 3728 cum
1291 3664 1425 3745 deipara
1448 3667 1486 3727 ut
1509 3683 1602 3746 opor·

362 3770 453 3835 tebet
475 3771 643 3835 inductum
662 3771 817 3835 orationis
837 3770 977 3835 colorem
996 3770 1143 3852 retineat,
1168 3770 1294 3854 reliqua
1312 3772 1409 3854 ἄγειν
1425 3773 1472 3846 εἰς
1483 3767 1603 3834 ’Ἁιδον

363 3877 427 3942 iam
445 3877 597 3943 liberiore
615 3877 711 3942 modo
730 3877 857 3942 adnecti
874 3876 965 3941 nullo
980 3876 1186 3942 incommodo
1200 3880 1360 3961 poterant.
1396 3875 1600 3941 infinitivum
1615 3910 1643 3954 ω

363 3988 471 4048 autem
491 3985 641 4068 activum,
660 3984 716 4048 ubi
735 3985 895 4067 passivam
914 3983 1050 4049 formam
1070 3983 1313 4067 exspectaveris,
1331 3983 1601 4049 Wilamowitzius

388 4103 578 4110 ...ἠ-..-

453 4159 792 4230 *11)1phig.Taur.3ca
1369 4223 1372 4226 ⁴
1425 4219 1426 4225 ¹

650 4244 683 4304 οὺ
703 4246 732 4317 μ’
755 4247 823 4303 ὥστε
843 4249 947 4321 μόσχον
966 4249 1111 4304 Δαναΐδαι
1130 4241 1307 4318 χειρούμενοι
1416 4309 1419 4315 ,

649 4338 780 4407 ἔσφαζον,
800 4337 889 4406 ἱερεὺς
908 4336 937 4392 δ’
959 4332 995 4407 ἦν
1014 4337 1029 4392 d
1048 4334 1185 4408 γεννήσας
1203 4336 1303 4405 πατήρ.

362 4425 434 4479 Ibid.
451 4431 600 4479 617-624,

453 4513 520 4584 ⁴²27)
540 4515 571 4568 In
591 4514 694 4569 Alcest.
711 4521 790 4584 tesq.
811 4532 885 4584 quae
903 4516 1037 4586 leguntur

651 4603 705 4673 ἤδη
724 4606 756 4660 δὲ
774 4603 858 4660 τόνδε
880 4604 1012 4660 Θάνατον
1031 4606 1129 4672 εἰσορῶ
1148 4604 1247 4683 τόλμα,

651 4694 711 4764 ἱερῇ
729 4691 894 4760 θανόντων,
915 4693 945 4758 ὅς
964 4714 1010 4748 νιν
1030 4695 1069 4756 εἰς
1082 4691 1177 4750 Ἀιδοο
1197 4693 1302 4763 δόμους

651 4781 740 4852 μέλλει
754 4783 890 4848 ,κατάξειν
909 4821 911 4825 v
1245 4808 1247 4811 ·

361 4887 420 4925 non
439 4870 570 4925 videntur
588 4887 763 4942 repugnare..
