3967 5725
554 649 606 698 DE
624 647 802 699 VERSIBUS
820 647 1032 699 NONNULLIS
1050 647 1199 699 Pncuvn
1216 646 1371 698 TRAGICI.
1518 645 1585 711 485

349 833 388 875 ec
409 811 444 875 in
466 809 632 874 codicibus
654 809 741 874 infru
758 814 835 894 post
852 814 1020 873 aednmant
1037 827 1069 872 v,
1085 808 1103 871 't
1122 807 1285 894 leguntur,
1307 807 1364 873 ubi
1383 809 1459 893 quis
1476 807 1585 874 locum

348 938 417 980 non
443 914 565 981 hebent
591 914 632 981 ab
660 914 838 980 editoribus
868 937 928 999 pro
951 915 1157 1000 interpolatis
1180 914 1353 1000 habentur,
1380 915 1437 980 sod
1459 937 1497 980 ec
1518 937 1587 982 non

349 1023 433 1087 falso
460 1022 624 1107 sdscriptn
650 1027 736 1108 sunt,
762 1023 853 1087 cuins
879 1022 928 1086 rei
955 1043 1052 1086 causa
1078 1043 1146 1087 non
1173 1020 1387 1108 dignoscitur,
1414 1044 1525 1088 verum
1548 1025 1586 1087 ut

313 1128 415 1197 tulis
436 1129 523 1214 opud
545 1129 633 1194 hunc
654 1131 902 1216 grammaticum
924 1150 984 1194 suo
1005 1128 1078 1194 loco
1098 1133 1186 1193 motu
1205 1126 1260 1215 (cf.
1279 1128 1378 1194 Ennii
1397 1150 1480 1195 soen.
1498 1128 1586 1215 122),

349 1237 384 1300 in
407 1258 503 1321 quem
525 1237 679 1320 reposita,
701 1236 789 1320 quod
811 1237 876 1300 ism
897 1235 995 1300 unius
1019 1235 1138 1301 codicis
1163 1239 1326 1302 corrector
1345 1236 1496 1320 instituit,
1519 1259 1586 1301 non

349 1341 471 1408 habent
492 1343 580 1427 quod
603 1343 812 1427 improbetur.
848 1341 889 1407 In
910 1364 1007 1407 vorsu
1025 1342 1158 1408 Pncuvii
1181 1341 1232 1430 (6)
1256 1343 1343 1427 quod
1364 1343 1486 1430 legitur
1508 1344 1587 1408 dict·

349 1456 401 1514 tur
419 1453 453 1513 et
470 1451 649 1515 orationem
669 1450 824 1534 impedire
841 1471 902 1515 nec
919 1471 1088 1515 mensurae
1105 1471 1218 1535 perere
1238 1453 1384 1536 opertum
1403 1453 1464 1514 ese
1488 1471 1586 1534 quare

349 1555 412 1620 hoc
438 1578 459 1619 a
480 1557 590 1621 nescio
614 1578 678 1640 quo
702 1557 744 1620 ud
766 1556 992 1641 explicandum
1017 1563 1185 1622 autumant
1207 1557 1367 1622 adiectum
1391 1555 1585 1622 deleverunt.

348 1660 388 1726 Id
415 1663 504 1746 quod
531 1684 570 1728 eo
594 1664 712 1728 certius
734 1664 841 1728 visum
864 1668 914 1728 cst
936 1663 1024 1747 quod
1045 1663 1110 1728 hoc
1132 1665 1240 1750 ipsum
1262 1664 1396 1730 verbum
1419 1664 1460 1728 ab
1484 1662 1585 1728 altero

350 1768 438 1853 quod
460 1769 656 1835 afferendum
680 1775 730 1836 est
746 1770 934 1835 testimonio
954 1771 1157 1857 grammatici
1177 1772 1277 1836 abest
1315 1770 1480 1836 Charisius
1500 1772 1585 1836 enim
1600 1791 1627 1836 ιο

351 1898 382 1960 p.
398 1874 451 1959 63,
471 1875 568 1941 ΝΚ
591 1875 672 1944 haec
693 1877 820 1942 scribit:

486 1982 620 2048 ‘maen
637 2005 750 2049 nomm
767 2006 785 2049 o
798 1985 955 2066 prodam
971 1985 1085 2066 findor
1103 1985 1168 2050 nist
1179 1987 1391 2068 pereyrlnum,
1414 1985 1508 2049 celati
1526 1983 1587 2049 Ino

484 2089 611 2172 Sappho
628 2089 726 2156 Dido.
755 2112 835 2173 quoe
851 2092 921 2156 ideo
939 2092 1071 2173 qnidam
1088 2091 1207 2156 Graece
1225 2091 1382 2156 declinare
1400 2091 1588 2173 malnamnt,

483 2197 579 2262 baias
599 2196 710 2262 Didus
731 2196 880 2280 Sapptns
901 2197 990 2262 Inus.
1027 2199 1083 2262 sed
1105 2198 1216 2262 melius
1237 2203 1313 2263 esset
1334 2197 1502 2262 secandam
1521 2195 1587 2261 La·

485 2305 587 2368 tinam
610 2305 859 2370 eonnectndr'nem
881 2305 977 2369 tulus
999 2303 1181 2387 Sapphonis
1203 2302 1343 2370 Didonis
1365 2304 1473 2369 dicere
1510 2325 1587 2368 nam

483 2415 512 2474 et
529 2411 691 2476 Pacuuius
707 2412 754 2476 cic
771 2411 913 2490 declinat,
938 2410 1077 2492 “filios
1098 2411 1174 2477 sibl
1189 2431 1411 2494 procreasse
1433 2411 1587 2476 eundem

477 2537 547 2599 per
576 2516 821 2600 Calypsonem
849 2517 1077 2583 antumant''
1106 2523 1135 2582 et
1156 2517 1273 2582 Accius
1296 2516 1473 2582 “antodem
1501 2517 1588 2583 adsi·

484 2626 584 2690 dmnn
605 2625 681 2691 Ioni
708 2626 856 2707 adposuit
881 2624 1040 2709 oiryini'’.
1082 2624 1239 2707 Veryallns
1266 2629 1369 2690 antem
1395 2623 1478 2690 lano
1499 2623 1587 2689 Dido

485 2736 514 2796 et
534 2732 653 2797 Allecto
676 2732 777 2797 dicere
798 2732 933 2798 multat?
1079 2735 1081 2742 “

350 2836 439 2916 Quae
462 2838 519 2923 qui
542 2840 699 2905 curiosius
723 2840 897 2906 contulerit
919 2862 994 2907 cum
1018 2840 1084 2906 illis
1109 2862 1190 2925 quae
1212 2838 1250 2904 de
1269 2838 1379 2905 eodem
1399 2861 1433 2904 re
1451 2837 1587 2904 Priscin-
1599 2857 1626 2901 rc

350 2968 411 3011 nus
434 2947 585 3030 exposuit
608 2946 769 3033 intelliget
790 2946 886 3031 hunc,
910 2970 1005 3031 quem
1031 2947 1177 3013 Charisio
1200 2968 1295 3012 usum
1320 2968 1387 3013 esse
1410 2946 1482 3031 ipso
1506 2949 1588 3011 teste

351 3056 493 3137 constat,
519 3074 601 3137 quse
630 3052 668 3119 de
690 3053 752 3118 hnc
775 3054 922 3120 doctrine
946 3055 1086 3139 explicat
1108 3077 1127 3119 a
1151 3052 1299 3118 Charisio
1321 3073 1389 3118 non
1412 3052 1587 3137 repetiisse.

352 3158 416 3224 Sed
445 3158 609 3224 Charisius
641 3161 676 3225 in
707 3182 803 3225 vorsu
829 3160 963 3226 Pacuvii
996 3159 1236 3225 incommodum
1269 3159 1349 3224 illud
1379 3160 1496 3224 alacer
1521 3178 1587 3222 non

350 3264 462 3350 hebet,
495 3286 606 3331 verum
638 3269 747 3331 tamen
774 3287 902 3331 versum
930 3287 1004 3331 cum
1033 3265 1174 3330 dimetiri
1203 3285 1356 3330 conamur
1383 3284 1465 3348 aque
1492 3264 1587 3329 nobis

350 3371 469 3437 haeret.
506 3369 582 3438 Sive
605 3372 691 3437 enim
714 3372 823 3437 omnis
841 3394 906 3437 uno
925 3393 1022 3437 versu
1041 3372 1181 3456 amplexi
1199 3370 1398 3435 trochaicum
1416 3391 1586 3435 numerum

352 3478 562 3544 describimus

484 3562 591 3652 Filios
612 3586 674 3652 sibi
691 3604 870 3669 promeasn
893 3585 1024 3651 enndem
1040 3605 1101 3666 per
1125 3583 1330 3668 Calypsonem
1353 3589 1526 3663 antumant,

352 3693 419 3758 sive
443 3692 548 3759 verbis
571 3694 607 3757 in
630 3693 693 3757 duo
717 3690 870 3777 dispestis
893 3691 1064 3757 iambicam
1089 3712 1272 3756 mensurum
1295 3689 1514 3775 praeferimus,

1290 3796 1374 3880 ylltos

487 3905 557 3972 soa
573 3906 755 3989 procreasse
777 3906 908 3973 eundem
927 3925 986 3987 per
1010 3903 1215 3990 Calypsonem
1238 3907 1412 3982 antumant,
1601 3922 1627 3965 m

352 4015 468 4077 neutro
492 4012 588 4077 modo
612 4012 774 4099 contingit
796 4015 834 4076 ut
856 4012 1081 4077 nanciscemur
1104 4032 1168 4095 quo
1192 4010 1393 4094 acquiescere
1415 4007 1524 4074 licent:
1551 4010 1587 4073 ut

353 4119 439 4185 enim
467 4119 549 4184 alter
577 4118 742 4206 legitimos
766 4118 915 4203 quadrati
937 4118 1019 4184 fines
1042 4115 1216 4205 excedit*)‚
1243 4117 1290 4182 its
1312 4116 1394 4181 elter
1416 4136 1457 4180 ne
1480 4115 1588 4200 explet

441 4348 505 4418 *δὴ
523 4347 588 4402 Non
606 4347 721 4403 omnino
739 4345 793 4401 hoc
811 4347 1002 4402 reiectaneum
1021 4362 1082 4402 esse
1102 4342 1172 4400 alibi
1190 4344 1320 4400 trectetis
1335 4342 1470 4414 exemplis
1485 4342 1588 4398 Teren·

352 4437 438 4490 tinnis
458 4436 578 4507 probare
597 4435 764 4502 studuimus,
784 4434 941 4503 dequibus
960 4434 1088 4490 videmus
1108 4434 1205 4489 doctos
1224 4449 1341 4504 pergere
1354 4448 1438 4503 prave
1452 4432 1586 4488 iudicare.

352 4524 385 4577 In
402 4524 519 4579 Pacuvii
537 4526 633 4578 sutem
649 4522 779 4591 reliquiis
798 4538 971 4592 quemquem
989 4521 1062 4578 telin
1081 4524 1232 4578 occurrunt

408 4619 459 4666 114
496 4611 686 4685 Hyrnenoemn
703 4612 827 4679 srcmrmt
843 4614 978 4681 aepnaln,
997 4612 1065 4667 aula
1083 4613 1186 4669 resontt
1203 4612 1308 4681 crepltn
1325 4612 1439 4677 mrcr'co,

408 4704 459 4753 109
497 4702 602 4770 Peene
619 4706 743 4756 nostran
761 4702 897 4772 eyreyr'nn
915 4701 1128 4757 nnmrlmltatem
1146 4718 1229 4771 ynam
1247 4701 1377 4756 memoria
1395 4699 1515 4771 deinpat,

353 4788 530 4858 inpromptu
544 4791 596 4857 cst,
610 4788 711 4858 quibus
722 4790 792 4845 hnec
807 4787 1033 4845 dubitationibus
1047 4788 1210 4845 obruentur.
1236 4788 1417 4861 [Legitimum
1426 4804 1487 4845 csse
1501 4790 1586 4844 tetru-

354 4879 474 4932 metrum
493 4879 522 4932 et
540 4876 581 4931 sic
600 4875 805 4933 dimetiendum
