3967 5725
404 648 470 713 396
591 651 650 703 nn
668 650 784 700 mnnx
804 649 1019 704 unctionum
1036 649 1279 704 nmnnuanuu
1294 651 1461 720 raocsracr.

403 810 522 895 tentia,
554 833 650 895 quam
678 809 838 875 Athenaei
864 810 941 874 libri
968 809 1056 875 hunc
1083 811 1118 874 in
1144 810 1277 876 modum
1305 812 1457 896 scriptam
1484 813 1642 880 exhibent

403 913 443 1001 ἧς
466 917 549 1004 ῥᾷον
571 921 651 994 τοὺς
674 917 814 993 ὀδόντας
837 916 1022 1002 άοοδμῆσαι
1045 917 1128 983 ὅσου
1148 915 1304 994 ἐλάττους
1322 913 1408 1000 ἦσαν
1425 917 1641 1006 (ἐλαττούσης

403 1023 460 1112 dv)
487 1023 508 1108 ἢ
536 1034 594 1107 τῆς
621 1026 730 1110 χειρὸς
756 1027 836 1101 τοὺς
863 1025 1057 1101 δακτύλους.
1094 1023 1133 1088 In
1161 1025 1278 1108 quibus
1307 1026 1389 1091 ὅσου
1416 1031 1473 1091 aut
1499 1049 1565 1092 non
1593 1028 1641 1092 in-

403 1130 581 1218 telligimus
604 1135 661 1196 aut
683 1152 781 1216 prave
805 1131 962 1215 scriptum
985 1135 1048 1195 est:
1071 1130 1212 1217 intelligi
1234 1136 1343 1216 potest
1366 1133 1432 1220 ὅσῳ
1455 1134 1542 1218 quod
1560 1136 1640 1200 olim

403 1242 582 1304 correctum
609 1242 667 1302 est.
709 1236 910 1303 Sententiam
937 1240 1041 1322 ipsam
1068 1243 1219 1322 putamus
1247 1238 1408 1324 Toupium
1437 1242 1495 1325 qui
1522 1241 1640 1326 Lysiae

403 1345 547 1410 vindicat
575 1367 642 1410 non
668 1349 754 1410 recte
777 1347 939 1430 accepisse
962 1368 1036 1411 cum
1060 1346 1106 1410 ita
1128 1347 1360 1431 interpretatur
1382 1350 1531 1436 τοσούτῳ
1555 1349 1640 1434 ῥᾷον

403 1453 469 1540 ὅσῳ
489 1450 646 1528 ἐλάττους
665 1448 757 1536 ἦσαν.
790 1452 895 1518 lmmo
914 1457 951 1516 ut
969 1457 1055 1519 recte
1074 1452 1139 1517 dici
1156 1457 1265 1536 potest
1283 1454 1393 1518 axilla
1407 1456 1640 1522 consuetudine

404 1582 501 1643 quam
525 1559 766 1644 explicabamus
791 1560 930 1636 ὀδόντας
953 1560 1137 1645 demultum
1161 1561 1277 1626 ὁπόσοι
1300 1556 1396 1643 ἦσαν,
1419 1563 1466 1626 sic
1488 1584 1574 1627 nunc
1592 1563 1640 1626 in·

404 1667 535 1731 stitutae
559 1666 808 1751 comparationis
838 1688 934 1732 causa
961 1667 1114 1732 scribitur
1142 1663 1182 1750 ἧς
1205 1667 1290 1754 ῥᾷον
1312 1663 1355 1750 ἦν
1377 1667 1518 1746 ὀδόντας
1540 1669 1638 1756 ἀριθ-

363 1806 390 1846 10
403 1783 519 1857 μνῆσαι,
548 1773 616 1862 ὅσῳ
644 1772 801 1851 ἐλάττους
828 1769 928 1858 ἦσαν,
956 1775 976 1859 ἣ
1002 1784 1060 1859 τῆς
1084 1777 1193 1858 χειρὸς
1215 1777 1294 1852 τοὺς
1317 1777 1502 1852 δακτύλους
1525 1775 1638 1864 (ἄραδ-

402 1878 532 1966 μῆσαι),
559 1884 598 1945 ut
624 1880 758 1945 liberius
782 1881 820 1945 de
844 1903 933 1947 more
956 1882 1079 1946 adnexa
1102 1881 1200 1947 verba
1222 1883 1290 1969 ὅσῳ
1319 1881 1476 1960 ἐλάττους
1499 1879 1585 1967 ἦσαν
1608 1885 1637 1949 ei

402 1988 487 2071 parti
519 1986 749 2053 adhaerescant
782 1989 836 2053 cui
867 1987 1075 2054 declarandae
1108 1993 1183 2072 apta
1215 1993 1248 2053 et
1279 1990 1521 2056 accommodata
1553 1996 1637 2056 sunt.

403 2093 506 2171 Quam
537 2097 730 2160 sententiam
763 2116 822 2160 nos
855 2099 888 2160 et
919 2095 1056 2180 probam
1084 2117 1153 2160 esse
1180 2117 1240 2160 nec
1266 2096 1415 2166 inutilem
1443 2096 1639 2162 arbitramur

403 2202 549 2284 quamvis
573 2223 644 2265 eam
668 2201 780 2267 abesse
802 2203 948 2287 potuisse
970 2223 1066 2268 nemo
1089 2208 1266 2288 negaturus
1289 2205 1339 2268 sit.
1378 2203 1441 2268 Sed
1464 2226 1546 2288 quae
1567 2206 1635 2269 rul-

402 2314 511 2394 gatum
545 2331 641 2374 usum
674 2309 830 2374 sermonis
863 2309 954 2393 sequi
986 2309 1145 2395 videmus,
1178 2333 1215 2375 ea
1246 2333 1303 2375 cur
1333 2310 1493 2377 malumus
1520 2311 1638 2396 Lysiae

402 2414 541 2479 adimere
569 2419 602 2479 et
629 2416 670 2481 ad
693 2413 899 2500 Graeculum,
927 2419 963 2479 ut
987 2416 1036 2480 illi
1059 2419 1250 2503 loquuntur,
1278 2418 1440 2506 ablegare,
1469 2419 1525 2503 qui
1549 2418 1576 2483 si
1600 2441 1639 2483 ea

402 2522 521 2604 scripta
552 2544 620 2587 non
651 2527 742 2587 erant
770 2545 835 2608 quo
864 2522 999 2590 consilio
1031 2528 1139 2589 motus
1167 2525 1326 2591 addiderit
1343 2547 1447 2612 ‚aegre
1475 2525 1638 2610 dispicias.

403 2623 468 2692 Ser.
488 2649 529 2690 m.
548 2627 635 2694 Maio
654 2652 681 2694 a.
700 2645 849 2694 nncccc.
