3967 5725
390 650 457 715 570
609 654 708 703 LXIII.
728 653 842 702 INDEX
861 652 1075 704 LECTIONUM
1093 652 1325 703 AESTIVARUM
1345 654 1424 704 1906.

479 813 540 879 His
560 813 710 878 omnibus
729 814 899 898 opinamur
921 814 1000 878 satis
1024 814 1141 896 aperiri
1160 812 1238 897 quid
1257 812 1300 878 sit
1318 813 1405 897 quod
1423 835 1523 897 supra
1541 813 1622 877 dixit

389 923 427 985 τὸ
450 922 510 986 τὸν
532 922 740 1005 βουλόμενον
767 916 863 1004 πρὸς
879 920 968 1009 αύτῷ
993 913 1079 986 εἶναι
1103 920 1157 1006 (cf.
1176 937 1250 983 xxx
1268 917 1341 1006 42),
1364 920 1415 984 cui
1438 921 1475 984 τὸ
1499 919 1621 1003 ἀποδη-

389 1037 491 1113 μῆσαι
519 1049 586 1092 esse
616 1027 801 1113 oppositum
829 1027 941 1091 voluit.
979 1027 1068 1104 Quae
1091 1049 1167 1093 vero
1195 1028 1317 1111 primae
1343 1028 1430 1111 parti
1451 1028 1622 1111 primariae

390 1135 568 1201 sententiae
587 1134 804 1219 amplificandi
824 1156 920 1199 causa
939 1135 1049 1200 addita
1067 1139 1143 1199 sunt
1161 1130 1240 1201 οὐδὲ
1258 1135 1296 1199 τὸ
1311 1133 1521 1218 ἀποδημῆσαι
1541 1129 1621 1199 οὐδὲ

390 1244 438 1317 εἰς
464 1242 688 1326 Κόρινθονλη
719 1243 831 1324 Θήβας
858 1240 1144 1326 ἀνακεχωρηκέναι
1172 1240 1269 1329 (quae
1297 1242 1449 1325 quoniam
1471 1261 1530 1323 per
1553 1262 1621 1305 sen·

389 1350 524 1413 tentiam
552 1348 599 1413 sic
625 1350 818 1434 iunguntur,
845 1371 911 1413 non
939 1353 1008 1414 erat
1035 1349 1122 1433 quod
1150 1349 1242 1413 alteri
1275 1348 1435 1413 infinitivo
1467 1348 1622 1413 articulus

390 1452 644 1541 praefigeretur),
667 1478 704 1520 ea
722 1476 822 1538 paene
845 1456 948 1541 magis
971 1456 1134 1540 prioribus
1159 1455 1344 1520 intermixta
1367 1459 1443 1520 sunt
1466 1476 1561 1537 quam
1581 1453 1621 1518 iis

389 1562 522 1646 adiecta,
544 1562 591 1627 ita
614 1562 743 1646 quidem
769 1566 805 1626 ut
822 1561 874 1626 bis
894 1563 999 1627 media
1020 1567 1113 1648 parte
1131 1563 1299 1627 interiecta
1316 1566 1523 1627 secernantur
1540 1583 1622 1645 quae

389 1669 503 1733 intime
527 1690 672 1734 connexa
695 1673 799 1735 orant:
819 1668 860 1735 οὐ
879 1671 978 1746 τόπος
999 1667 1091 1734 ἐστὶν
1109 1669 1127 1734 ὁ
1145 1667 1299 1752 παρέχων
1319 1666 1324 1754 1
1344 1667 1481 1733 οὐδὲτὸ
1500 1667 1621 1753 ἀποδη-

348 1774 491 1861 εομῆσαι
512 1780 517 1855 Ι
537 1777 573 1841 τὸ
592 1778 636 1860 μὴ
656 1774 755 1860 φαῦλ’
780 1778 860 1841 ἀττα
874 1777 1042 1861 πράττειν,
1062 1780 1094 1841 et
1107 1797 1219 1840 rursus
1239 1774 1318 1840 οὐδὲ
1336 1777 1373 1840 τὸ
1393 1772 1619 1861 ἀποδημησαιη

388 1884 425 1949 τὸ
440 1886 484 1967 μὴ
499 1880 599 1967 φαῦλ’
618 1884 698 1948 άττα
711 1882 869 1967 πράττειν
890 1884 893 1966 i
915 1880 995 1948 οὐδὲ
1010 1886 1057 1959 εἰς
1068 1885 1243 1965 Κόρινθον
1257 1881 1277 1964 ἢ
1289 1885 1401 1966 Θήβας
1415 1882 1621 1966 ἀνακεχωρη-

389 1989 490 2055 κέναι.
526 1988 589 2054 Sed
607 1993 715 2055 tamen
735 1992 792 2074 qui
810 1989 979 2056 consilium
1000 1989 1138 2055 oratoris
1157 1993 1189 2053 et
1207 1989 1334 2073 pondus
1353 1990 1529 2054 sententiae
1548 2011 1620 2054 cum

390 2120 466 2163 cura
485 2096 742 2181 consideraverit,
764 2096 919 2162 fatebitur
937 2119 1003 2162 non
1022 2097 1167 2181 potuisse
1186 2097 1311 2181 aptiore
1330 2097 1442 2162 ordine
1457 2096 1539 2160 hanc
1554 2118 1621 2161 ora-

388 2205 511 2270 tionem
529 2206 723 2270 conformari
746 2225 881 2289 eamque
900 2204 1087 2269 varietatem
1106 2204 1223 2268 habere
1243 2203 1311 2268 sine
1329 2204 1398 2269 ulla
1415 2204 1621 2271 obscuritate.

478 2313 527 2377 De
549 2314 659 2397 positu
678 2314 907 2378 vocabulorum
927 2311 958 2375 h.
977 2334 1004 2375 e.
1024 2311 1062 2375 de
1081 2310 1320 2377 conformandis
1339 2312 1481 2396 periodis
1499 2312 1533 2376 in
1552 2332 1622 2375 ora-

388 2420 533 2484 tionibus
552 2419 685 2485 Dioneis
706 2441 799 2505 agere
822 2421 956 2484 nonest
978 2418 1075 2482 huius
1098 2417 1170 2501 loci,
1193 2418 1249 2482 sed
1267 2418 1405 2483 forsitan
1423 2440 1487 2483 non
1506 2420 1622 2484 inutile

389 2528 432 2591 sit
445 2527 655 2591 confirmandi
670 2548 765 2590 causa
779 2547 880 2589 unum
894 2531 926 2590 et
940 2525 1077 2589 alterum
1097 2526 1279 2609 exemplum
1299 2526 1448 2590 similiter
1465 2527 1621 2591 formatae

389 2633 544 2697 orationis
568 2632 732 2717 ascivisse3
755 2632 844 2697 velut
866 2653 911 2695 or.
930 2650 1041 2695 nxvru
1065 2633 1105 2696 ab
1128 2631 1179 2696 his
1204 2634 1372 2696 sententiis
1395 2632 1520 2698 orditur

524 2740 570 2804 Ολ
589 2737 708 2804 πολλοὶ
732 2740 907 2821 ἄνθρωποι
926 2738 1032 2803 ὁπόσα
1051 2736 1307 2821 ἐπιτηδεύουσιν
1329 2738 1350 2822 ἢ
1374 2742 1541 2823 ζηλοῦσιν,
1564 2742 1676 2812 ori-18

523 2843 582 2912 δὲν
605 2846 717 2912 αὐτῶν
740 2846 863 2921 εἰδότες
881 2844 999 2911 ὁποῖόν
1017 2837 1109 2911 ἐστιν
1132 2841 1211 2911 οὐδὲ
1229 2847 1349 2930 ἥντινα
1367 2849 1433 2932 ἔχει
1456 2847 1622 2930 ὠφέλειαν

523 2953 778 3037 ἐπιτηδεύουσιν
801 2951 872 3017 ἀλλ’
898 2952 965 3017 ὑπὸ
986 2952 1084 3036 δόξης
1103 2952 1123 3036 ἢ
1146 2953 1271 3037 ἡδονῆς
1294 2953 1314 3036 ἢ
1337 2959 1519 3038 συνηθείας
1542 2955 1619 3040 ἀχο-

521 3085 616 3145 μενοι
639 3063 723 3145 πρὸς
745 3059 828 3124 αὐτὰ
852 3057 934 3146 (soil.
958 3058 1239 3147 ἐπιτηδεύουσιν),
1262 3060 1335 3126 οὐδ’
1362 3057 1405 3126 αὖ
1429 3063 1518 3127 ὅσων
1546 3061 1621 3128 daf-

522 3191 637 3251 χονται
669 3166 734 3231 καὶ»
757 3167 978 3250 εὐλαβοῦνται
1011 3169 1054 3250 μὴ
1083 3169 1254 3250 πράττειν,
1283 3170 1407 3245 εἰδότες
1435 3169 1455 3234 ἃ
1482 3171 1620 3252 βλάπτει

522 3274 739 3359 ἀπέχονται
763 3270 841 3338 οὐδὲ
866 3274 986 3339 ὁποίαν
1008 3275 1084 3339 τινὰ
1107 3274 1200 3359 φέρει
1224 3276 1286 3358 τὴν
1308 3277 1446 3359 βλάβην.

388 3385 439 3448 vel
462 3381 589 3446 xv1119
844 3391 845 3394 ’

522 3489 539 3555 ὁ
568 3490 632 3572 γὰρ
661 3494 797 3554 πλεῖστα
826 3487 950 3572 ἑτέροις
979 3488 1151 3571 συμβάντα
1178 3487 1395 3570 ἐπιστάμενος
1422 3490 1541 3574 άριστα
1569 3482 1619 3566 οἷς

522 3595 620 3672 αὐτὸς
640 3594 782 3679 ἐγχειρεῖ
799 3596 1057 3679 διαπράξεται
1075 3593 1130 3660 καλ
1150 3595 1185 3660 ἐκ
1203 3607 1271 3661 τῶν
1290 3595 1435 3662 ἐνόντων
1453 3596 1619 3681 ἀσφαλῶς.

386 3702 536 3789 Intellegi
550 3706 702 3787 putamus
722 3703 840 3786 ἄριστα
854 3700 908 3767 καὶ
923 3700 959 3766 ἐκ
978 3714 1046 3767 τῶν
1060 3701 1208 3768 ἐνόντων
1226 3703 1383 3787 ἀσφαλῶς
1397 3703 1618 3788 διαπράξεται,

387 3811 442 3876 sed
464 3809 578 3875 maluit
602 3815 711 3874 orator
730 3810 852 3875 secerni
872 3807 953 3892 quae
972 3811 1125 3896 coniungi
1143 3813 1306 3894 poterant:
1329 3833 1433 3895 neque
1456 3811 1541 3874 enim
1559 3809 1619 3874 Ar-

342 3943 372 3984 ao
386 3918 522 3982 nimium
549 3918 724 4002 probamus
753 3917 809 4001 qui
837 3916 971 3981 alterum
999 3916 1133 3981 verbum
1161 3914 1295 4003 (διάξει)
1323 3917 1363 3980 ad
1387 3916 1544 4000 ἀσφαλῶς
1567 3917 1620 3980 ad·

386 4025 524 4091 dandum
540 4025 674 4106 consuit,
688 4024 776 4108 quod
789 4022 883 4088 nobis
898 4045 957 4088 nec
976 4023 1133 4089 orationis
1151 4024 1257 4087 forma
1275 4045 1334 4088 nac
1352 4025 1478 4088 aurium
1497 4024 1618 4089 iudicio

385 4133 476 4217 posci
499 4131 635 4215 videtur,
658 4152 724 4195 uon
746 4131 849 4216 magis
873 4153 969 4214 quam
992 4131 1130 4194 xxvut

520 4240 595 4304 οὔτε
609 4251 677 4304 τῶν
691 4240 853 4304 τοιούτων
867 4240 977 4321 λόγων
990 4238 1128 4303 ἀκούειν
1142 4236 1321 4303 ἐθέλουσιν
1336 4239 1380 4315 ὡς
1393 4239 1430 4302 τὸ
1442 4239 1538 4322 πολύ,
1552 4238 1617 4326 ὅτφ
1655 4309 1661 4320 ,

520 4345 562 4410 ἀν
576 4347 619 4427 μὴ
635 4348 786 4428 λυπηρόν
799 4369 831 4410 τι
846 4344 1066 4430 ξυνενεχθῇ
1085 4343 1139 4410 καὶ
1158 4357 1226 4410 τῶν
1244 4346 1438 4410 δοκούντων
1456 4351 1618 4430 χαλεπῶν,

384 4453 442 4517 ubi
471 4453 547 4516 item
572 4451 611 4516 ab
634 4471 700 4514 uno
723 4451 821 4516 verbo
844 4453 985 4535 pendent
1008 4474 1090 4536 quae
1112 4457 1219 4517 tamen
1243 4452 1387 4517 diiuncta
1409 4457 1494 4518 sunt.

475 4557 538 4623 Sed
558 4557 763 4622 subsistimus
781 4561 1033 4641 προλογίζοντες
1055 4563 1092 4623 nt
1115 4558 1154 4623 ad
1173 4558 1316 4623 fabulam
1335 4560 1438 4643 ipsam
1462 4559 1618 4624 commili-

384 4672 478 4731 tones
510 4664 540 4728 h.
569 4687 594 4729 e.
629 4663 670 4728 ad
702 4664 817 4727 harum
844 4663 1019 4728 lectionum
1049 4665 1300 4730 academicorum
1333 4687 1413 4749 quas
1445 4664 1618 4729 indicimus

384 4772 510 4856 copiam
534 4776 566 4835 et
588 4772 776 4837 varietatem
799 4791 958 4834 vocemus.
1006 4769 1071 4836 Sor.
1091 4794 1131 4835 m.
1151 4771 1323 4836 Deccmbri
1342 4795 1368 4836 a.
1388 4788 1562 4836 unocccv.
