3967 5725
400 643 466 706 544
622 644 693 695 LXI.
712 643 828 693 Innnx
845 642 1062 694 anrronuu
1079 639 1313 692 AESTIVARUM
1333 641 1411 691 1905.

401 805 572 890 dupliciter
590 805 743 889 peccavit,
763 804 849 888 quod
863 824 1073 888 personarum
1088 801 1206 866 indicia
1221 802 1424 885 interposuit,
1443 822 1524 883 quae
1537 800 1634 864 huius

401 913 552 978 carminis
574 916 690 976 natura
713 915 915 995 aspernatur,
944 909 983 974 de
1007 931 1071 993 quo
1095 929 1211 993 genere
1234 929 1336 991 nuper
1359 907 1394 969 in
1417 906 1583 990 prooemio
1608 931 1634 970 a,

403 1019 490 1083 1902
510 1017 621 1105 (supra
634 1042 665 1103 p.
680 1015 761 1104 446)
781 1017 990 1082 disseruimus
1010 1015 1147 1080 similem
1166 1013 1408 1099 perversitatem
1422 1014 1457 1077 in
1473 1011 1635 1078 Ciceronis

402 1126 441 1190 de
467 1148 502 1191 re
529 1125 660 1211 publica
686 1125 778 1191 libris
806 1124 978 1189 admissam
1007 1124 1247 1207 redarguentes,
1280 1125 1312 1184 et
1340 1121 1427 1204 quod
1454 1121 1567 1186 bonum
1594 1123 1636 1187 afr

403 1232 493 1321 (sess
514 1255 587 1298 aum
606 1233 713 1312 deden,
737 1233 783 1297 ait
803 1228 983 1318 Goethius),
1007 1231 1092 1314 quod
1116 1252 1182 1295 non
1199 1231 1326 1312 poterat
1344 1229 1407 1293 nisi
1426 1227 1634 1313 Amaryllidis

402 1361 480 1424 esse,
505 1339 536 1405 h.
556 1363 581 1404 e.
605 1341 674 1404 eius
698 1361 780 1423 quae
803 1339 907 1424 prima
930 1335 1140 1424 augurium*)
1165 1339 1385 1419 conspexerat,
1407 1334 1565 1400 Dominae
1583 1334 1636 1398 ad-

402 1447 540 1532 scripsit.
578 1445 671 1523 Quod
698 1450 871 1530 utrumque
900 1467 1086 1511 caveremus
1114 1443 1221 1508 verbis
1249 1445 1269 1506 l.
1293 1465 1318 1506 o.
1338 1441 1383 1528 (p.
1403 1442 1468 1506 398
1481 1440 1533 1530 s),
1562 1465 1635 1508 cum

402 1555 448 1619 ita
471 1554 681 1619 scriberemus
706 1553 823 1638 ‘poeta
852 1574 1047 1637 quamquam
1072 1550 1222 1617 carminis
1244 1551 1327 1615 ratio
1352 1550 1481 1614 vetabat
1503 1550 1635 1634 loquen-

402 1666 468 1727 tem
491 1661 634 1743 indioari,
659 1662 803 1726 oratione
827 1661 905 1725 scite
928 1660 1079 1725 instituta
1102 1659 1194 1740 cavit,
1218 1679 1258 1720 ne
1282 1656 1452 1722 consilium
1476 1677 1570 1722 suum
1589 1662 1635 1722 at

364 1795 389 1834 ro
403 1773 492 1833 tante
518 1770 679 1854 legentem
707 1767 853 1851 falleret',
880 1771 912 1830 et
940 1766 1060 1831 ibidem
1084 1766 1122 1830 de
1145 1764 1358 1848 Amaryllide,
1382 1765 1475 1848 ‘quae
1499 1785 1571 1829 oum
1596 1786 1635 1829 ex

403 1877 519 1960 cinere,
537 1897 633 1958 quem
652 1875 776 1939 auferre
794 1875 881 1939 iussa
899 1878 978 1958 erat,
997 1874 1073 1938 dum
1091 1877 1244 1956 moratur,
1263 1893 1321 1936 sua
1340 1875 1455 1955 sponte
1473 1872 1635 1937 flammam

402 1987 586 2047 nascentem
610 1982 774 2066 aspiceret,
797 1982 831 2046 id
854 2004 920 2047 non
942 1981 1052 2065 potuit
1074 2001 1140 2045 non
1163 1979 1279 2045 ominis
1302 1978 1376 2046 loco
1398 1978 1524 2061 habere,
1549 1978 1636 2062 quod

402 2095 440 2154 ut
459 2090 580 2155 bonum
599 2093 631 2153 et
649 2089 790 2154 faustum
810 2089 854 2153 sit
872 2111 968 2153 causa
986 2088 1135 2152 dominae
1152 2087 1221 2150 suis
1235 2088 1320 2150 votis
1334 2089 1484 2171 precatur
1498 2085 1635 2150 ancilla'.

493 2195 556 2261 Sed
579 2197 663 2262 idem
687 2197 744 2280 qui
768 2217 849 2280 quae
872 2196 913 2260 ab
937 2195 1010 2260 aliis
1034 2194 1189 2260 didicerat
1211 2193 1433 2258 incredibilem
1452 2194 1486 2257 in
1505 2192 1635 2258 modum

402 2305 604 2390 depravavit,
631 2326 672 2367 ne
700 2304 783 2368 nihil
810 2305 879 2386 ipse
907 2304 1011 2389 egisse
1038 2301 1214 2383 videretur,
1237 2322 1297 2365 nos
1325 2301 1521 2384 vituperavit
1549 2299 1635 2383 quod

402 2414 547 2476 veterum
567 2411 778 2494 interpretum
798 2411 985 2474 testimonia
998 2408 1333 2493 praetermisissemus,
1353 2429 1490 2491 quorum
1506 2404 1635 2470 Servius

402 2517 526 2582 Daniel.
547 2517 587 2581 ad
605 2541 633 2582 v.
656 2517 718 2581 105
742 2516 897 2580 adscribit
919 2507 1072 2597 Aspice:
1094 2516 1150 2580 hoc
1172 2514 1211 2579 ab
1234 2515 1302 2579 ulia
1325 2515 1389 2578 dici
1412 2513 1507 2591 debet,
1536 2512 1634 2576 schol.

403 2625 497 2690 Bern.
516 2648 546 2709 p.
567 2624 632 2689 826
646 2622 728 2710 Hag.
757 2625 887 2705 Aspice:
912 2625 1050 2705 forsitan
1078 2622 1196 2688 nodilo
1223 2622 1307 2686 dicit.
1350 2619 1412 2686 Sed
1442 2620 1520 2684 haec
1547 2622 1635 2685 testi·

403 2732 513 2797 monia
535 2731 706 2795 exstabant
729 2751 866 2814 semper,
894 2750 954 2794 nec
976 2735 1085 2795 tamen
1108 2729 1147 2793 iis
1172 2729 1350 2814 quisquam,
1373 2749 1414 2792 ne
1438 2727 1634 2793 Ribbeokius

361 2865 389 2905 ac
404 2839 532 2924 quidem
556 2839 624 2922 ipse
648 2837 719 2924 (qui
742 2859 780 2902 ea
803 2859 836 2902 se
858 2838 981 2925 fugisse
1000 2837 1138 2903 seribere
1158 2836 1302 2920 debebat,
1325 2856 1391 2900 non
1410 2833 1506 2922 alios)
1526 2840 1634 2900 motus
1802 2811 1803 2893 l

404 2951 453 3012 est
476 2950 513 3010 ut
536 2945 670 3011 ancillae
694 2946 783 3010 daret
806 2946 892 3030 quod
916 2946 1052 3011 ancillae
1072 2949 1162 3009 esset.
1201 2942 1289 3019 Quos
1308 2943 1500 3027 interpretes
1520 2942 1575 3026 qui
1593 2965 1634 3007 ne
1652 2950 1689 3005 18

403 3053 553 3117 viderunt
572 3053 701 3137 quidem
721 3074 785 3136 qua
803 3053 842 3117 de
861 3075 956 3117 causa
974 3053 1089 3135 Aspice
1106 3051 1285 3116 necessario
1305 3055 1389 3114 esset
1407 3049 1550 3133 ancillae,
1567 3071 1634 3115 non

402 3160 572 3225 attulimus
587 3160 663 3243 quia
677 3159 787 3225 futiles
808 3181 876 3224 esse
889 3160 1117 3242 intelleximus
1137 3180 1218 3242 quos
1238 3157 1340 3241 quiin
1354 3156 1415 3221 hac
1428 3161 1520 3241 parte
1536 3156 1633 3241 paulo

402 3267 539 3332 interius
563 3268 776 3351 perspexerit,
804 3270 957 3351 agnoscet
985 3288 1039 3329 eos
1066 3265 1150 3330 nihil
1177 3265 1292 3329 harum
1316 3286 1395 3347 quas
1424 3264 1563 3329 diximus
1586 3286 1633 3328 ra·

401 3375 529 3439 tionum
552 3378 638 3439 recte
661 3375 849 3459 percepisse.
894 3372 955 3439 Sed
976 3374 1063 3438 docti
1081 3373 1227 3438 homines
1251 3392 1344 3456 saepe
1367 3370 1516 3437 nesciunt
1538 3371 1635 3436 inter-

403 3502 536 3547 noscere
564 3502 628 3564 qua
654 3486 745 3564 parte
767 3485 890 3545 veteres
913 3480 1103 3564 interpretes
1126 3479 1266 3565 pretium
1289 3478 1451 3561 habeant,
1467 3500 1529 3562 qua
1551 3478 1634 3542 nihil

401 3609 464 3653 nos
487 3586 636 3652 adiuvare
654 3588 792 3671 possint:
815 3587 906 3652 ouius
925 3587 972 3651 rei
991 3588 1173 3672 exemplum
1192 3607 1294 3670 nuper
1312 3587 1346 3652 in
1365 3586 1634 3651 commentatione

402 3693 584 3759 Horatiana
606 3694 760 3760 dedimus.
798 3692 864 3759 Sor.
884 3718 924 3758 m.
944 3694 1094 3760 Decemb.
1115 3718 1141 3759 a.
1160 3710 1346 3759 nooccclv.

492 3888 538 3957 *6)
558 3887 656 3943 Simile
671 3886 820 3957 augurium
835 3905 899 3942 cum
913 3888 1024 3943 Servius
1038 3890 1136 3942 narrat
1149 3890 1211 3940 tum
1223 3886 1379 3941 Pausanias
1394 3907 1404 3940 1
1420 3893 1462 3953 16,
1479 3893 1491 3939 1
1508 3886 1635 3956 Σελεύκῳ

400 3978 507 4031 θύοντι
526 3978 556 4032 ἐν
576 3975 667 4048 Πέλλῃ
686 3980 724 4049 τῷ
743 3978 792 4031 Διὶ
810 3977 845 4031 τὰ
864 3977 933 4043 ξύλα
951 3976 986 4030 τὰ
1005 3978 1052 4033 ἐπὶ
1070 3984 1119 4031 τοῦ
1139 3977 1233 4046 βωμοῦ
1252 3974 1366 4044 κείμενα
1384 3976 1496 4046 προύβη
1509 3995 1539 4029 τε
1553 3972 1635 4029 adad·

402 4086 478 4134 ματα
496 4066 568 4134 πρὸς
585 4066 617 4119 τὸ
636 4066 746 4136 ἄγαλμα
764 4067 814 4121 καὶ
833 4066 901 4122 ἄνευ
920 4066 1010 4133 πυρὸς
1028 4064 1119 4136 ἥφθη.
1154 4064 1194 4119 Cf.
1210 4064 1286 4119 idem
1300 4083 1318 4117 v
1333 4070 1380 4131 27,
1396 4070 1420 4118 6.
1453 4065 1485 4117 ln
1502 4062 1635 4117 Asinaria

403 4154 498 4209 Plauti
516 4161 633 4222 111,14
652 4155 776 4209 Libanus
796 4174 890 4210 servus
910 4156 950 4210 sic
969 4172 1063 4210 secum
1082 4154 1220 4222 loquitur:
1244 4154 1297 4209 sed
1316 4155 1382 4223 quid
1400 4154 1449 4209 boo
1467 4153 1540 4222 quod
1555 4154 1636 4221 picus

402 4247 509 4299 almum
527 4243 641 4299 tundit?
658 4245 734 4301 baud
752 4247 955 4301 tmwrariumt.
