3967 5725
385 605 452 670 304
554 608 677 659 XLVIII.
695 607 811 657 INDEX
829 605 1043 657 LECTIONUM
1061 606 1303 656 HIBERNARUM
1322 603 1408 674 1898!
1412 608 1454 658 99.

385 768 474 834 Haec
501 791 560 834 nos
590 769 762 855 selegimus
790 790 829 831 ex
857 767 960 832 multo
988 766 1135 851 pluribus
1163 771 1196 831 et
1219 766 1266 832 sic
1289 766 1376 831 nuda
1398 765 1488 831 nulla
1508 771 1619 831 nostra

385 877 592 941 adnotatione
615 878 709 940 aucta
732 875 953 959 proponimus,
976 897 1170 959 quamquam
1194 895 1306 938 eorum
1324 874 1465 938 rationes
1484 895 1550 938 non
1569 895 1622 938 us·
1721 888 1724 894 ’

386 1006 448 1068 que
476 1003 602 1068 quaque
630 981 759 1046 eaedem
788 986 877 1063 sunt,
905 980 962 1046 sed
989 980 1052 1045 hoc
1079 1004 1145 1048 non
1172 982 1276 1067 fugiet
1299 981 1532 1068 intelligentes,
1566 981 1622 1065 qui

385 1090 573 1175 praesertim
603 1092 733 1153 teneant
764 1088 843 1173 quid
871 1088 1044 1173 probatum
1073 1111 1191 1154 eamus.
1228 1087 1317 1156 Haec
1344 1089 1445 1174 igitur
1472 1087 1528 1173 qui
1557 1092 1624 1153 stu-

387 1197 509 1262 diosius
528 1198 754 1283 recognoverit
772 1200 804 1261 et
822 1195 1031 1281 perspexerit,
1049 1195 1413 1280 fatebitur„opinamur,
1431 1217 1470 1261 ex
1484 1195 1525 1259 iis
1541 1217 1623 1279 quae

387 1307 462 1368 sunt
475 1304 562 1389 apud
575 1302 775 1387 Hesychium
790 1303 1002 1386 γογγύλλειν·
1017 1301 1220 1387 συστρέφειν
1235 1303 1344 1389 colligi
1359 1324 1425 1369 non
1439 1323 1536 1387 posse
1550 1301 1624 1367 Ari·

386 1410 578 1495 stophanem
601 1431 668 1475 non
692 1431 728 1473 ea
747 1408 810 1474 duo
830 1408 928 1473 verba
947 1409 1169 1492 connexuisse,
1193 1430 1274 1493 quae
1292 1431 1359 1474 non
1377 1409 1478 1474 semel
1497 1409 1554 1474 sed
1571 1409 1623 1474 bis

387 1517 472 1600 apud
504 1539 577 1582 eum
610 1516 645 1580 in
672 1516 765 1581 libris
784 1515 925 1599 -quidem
953 1515 1131 1600 composita
1159 1514 1325 1600 leguntur,
1357 1514 1541 1600 ξυστρέψας
1569 1517 1622 1580 καὶ

387 1624 615 1707 ξυγγογγύλας
643 1623 695 1688 vel
722 1623 885 1688 contrario
913 1621 1025 1686 ordine
1054 1621 1317 1706 [συγ]γογγύλας
1347 1623 1402 1688 καὶ
1426 1622 1623 1707 συστρέψας,

348 1757 374 1798 ro
389 1729 444 1793 sed
476 1728 689 1814 Hesychium,
727 1751 922 1814 quamquam
954 1731 1154 1813 γογγύλλιιν
1186 1729 1390 1814 interpretari
1423 1728 1623 1815 συστρέφειν

388 1839 485 1902 etiam
513 1836 598 1926 ultro
622 1839 653 1902 ei
676 1838 711 1902 in
732 1841 873 1902 mentem
897 1838 1006 1902 venire
1029 1836 1151 1920 potuit,
1179 1838 1263 1902 siout
1286 1857 1381 1921 saepe
1403 1838 1438 1900 in
1462 1836 1622 1902 similibus

388 1942 617 2030 συστροφάς*)
642 1944 784 2030 appellat
807 1942 862 2032 (of.
886 1945 1000 2024 ἄελλα,
1024 1943 1168 2027 έριωλαί,
1192 1943 1313 2026 deloco,
1337 1941 1410 2030 al),
1428 1946 1536 2008 tamen
1559 1965 1623 2008 cre·

387 2051 520 2117 dibilius
548 2072 683 2139 esseeo
712 2052 997 2134 interpretamento
1022 2051 1072 2116 uti
1096 2051 1172 2134 quia
1195 2050 1274 2116 haec
1296 2050 1368 2134 ipsa
1391 2050 1475 2134 apud
1498 2049 1622 2115 Aristo-

387 2158 526 2243 phanem
550 2158 722 2238 coniuncta
744 2158 874 2244 legerat.
912 2155 1026 2243 ltaque
1045 2156 1202 2242 Hesychii
1225 2179 1321 2222 causa
1343 2156 1427 2222 nihil
1450 2161 1518 2222 erat
1537 2158 1623 2242 quod

387 2269 570 2330 moveretur
593 2265 627 2330 in
650 2264 757 2328 verbis
782 2263 1019 2349 Aristophanis,
1041 2286 1082 2328 ne
1105 2269 1175 2329 tum
1198 2264 1329 2347 quidem
1350 2266 1378 2329 si
1397 2266 1484 2348 ipsas
1502 2265 1623 2330 formas

386 2373 557 2456 posuisset,
580 2371 747 2455 γογγύλας
770 2368 1175 2458 (συγγογ.)·.συστρέψας,
1198 2370 1317 2435 nedum
1340 2393 1427 2436 nunc
1450 2394 1523 2438 cum
1543 2395 1623 2457 quae

387 2479 497 2563 posuit
523 2479 735 2561 γογγύλλειν·
763 2477 964 2562 συστρέφειν
991 2477 1131 2542 habeant
1145 2559 1147 2562 Ι
1160 2478 1193 2542 id
1221 2479 1335 2542 incerti
1364 2484 1449 2563 quod
1473 2479 1623 2544 diximus.

388 2584 493 2661 Quare
520 2585 567 2650 sio
591 2585 749 2650 rationem
773 2584 1006 2669 concludimus,
1033 2582 1262 2670 Aristophanis
1286 2584 1397 2670 verba,
1424 2589 1553 2670 recepta
1576 2587 1623 2650 ni·

387 2691 505 2755 mirum
529 2715 548 2756 a
567 2690 691 2756 Cobeto
711 2695 854 2757 correcta
872 2691 963 2756 verbi
980 2691 1085 2756 forma
1104 2689 1333 2776 ξυγγογγύλας
1352 2689 1623 2778 (συγγογγύλας),

349 2825 376 2868 ιο
390 2800 577 2884 ceteroquin
599 2801 686 2863 reete
709 2799 806 2865 scribi
829 2799 913 2863 sicut
935 2798 1093 2863 librorum
1116 2798 1272 2865 memoria
1294 2797 1412 2865 tradita
1430 2803 1504 2865 ante
1523 2798 1624 2865 Cobe-

388 2909 457 2971 tum
482 2904 803 2990 circumferebantur,
827 2908 861 2970 in
880 2905 1064 2989 ,Lysistratus

869 3014 979 3098 ὥσπερ
1004 3016 1083 3091 τοὺς
1106 3016 1243 3098 θωμοὺς

710 3119 844 3209 μεγάλῳ
866 3128 962 3209 τυφῷ
981 3118 1037 3186 καλ
1060 3129 1225 3205 πρηστῆρι

709 3227 893 3314 ξυστρέψας
915 3229 970 3293 καλ
995 3226 1224 3312 ξυγγογγύλας

709 3341 815 3419 οἴχοιο
840 3334 953 3420 φέρων

388 3441 423 3505 in
445 3440 787 3527 Thesmophoriazusis
811 3446 917 3508 autern

885 3596 888 3601 -
966 3551 1048 3615 κατὰ
1071 3558 1132 3615 τοῦ
1155 3556 1301 3634 θριγκοῦ

710 3656 972 3741 [συγ]γογγύλας
995 3655 1050 3721 καὶ
1074 3654 1301 3741 συστρέψας*)

709 3762 802 3828 τουτὶ
825 3764 862 3828 τὸ
885 3763 965 3840 τιέος
987 3772 1175 3848 χοανεῦσαι.

348 3868 462 3938 mNisi
490 3870 547 3954 qui
573 3870 658 3936 forte
687 3871 766 3935 haec
789 3870 852 3935 duc
875 3870 973 3935 verba
996 3893 1174 3955 synonyma
1196 3874 1309 3956 utpote
1333 3870 1493 3935 inutiliter
1516 3886 1677 3945 canu-14

387 3975 454 4041 lata
481 3975 607 4041 fastidit
634 3981 667 4042 et
693 3977 778 4042 hanc
806 3975 989 4042 scabritiem
1012 3981 1125 4062 poetae
1149 3977 1349 4043 eximendam
1374 3977 1470 4045 ducit.
1507 3977 1623 4054 Quam-

390 4105 486 4167 quam
513 4084 565 4148 vel
592 4084 639 4150 sic
667 4083 851 4149 decernenti
873 4082 1058 4168 Hesychius
1087 4106 1181 4169 opem
1208 4084 1292 4150 ferre
1319 4107 1385 4151 non
1411 4085 1522 4170 possit.
1561 4082 1624 4149 Sed

387 4188 451 4254 hoc
478 4214 537 4276 par
564 4190 736 4262 verborum
763 4194 796 4255 et
823 4191 928 4257 forma
955 4195 986 4256 et
1009 4192 1142 4256 notione
1165 4190 1334 4277 similium,
1363 4190 1545 4276 ξυστρέψας
1567 4188 1622 4256 καὶ

478 4420 544 4490 *12)
564 4418 690 4476 conferri
699 4419 916 4490 possuuleliam
930 4420 1104 4491 στρομβοϊ·
1120 4418 1280 4488 sartorem
1295 4421 1494 4492 στροβῆσαι·
1509 4419 1622 4489 συστρέ-

389 4519 457 4577 ψαι;
477 4506 654 4581 στρύμβος·
675 4509 817 4580 συστροφὴ
836 4508 950 4578 ἀνέμου,
969 4508 1060 4563 multa
1079 4506 1192 4563 similia.

478 4598 543 4666 WB)
561 4597 593 4650 ln
614 4597 727 4654 scholiis
741 4599 864 4653 Ravana.
885 4598 960 4667 quod
979 4598 1016 4652 ad
1035 4616 1059 4651 v.
1075 4603 1107 4651 61
1128 4598 1183 4652 ext.
1202 4596 1379 4667 adscriptum
1398 4600 1441 4653 est
1455 4597 1624 4669 συγκάμψας

390 4684 558 4755 (σογιιάψας)
581 4685 711 4741 rideatur
733 4690 849 4756 propter
872 4686 1029 4757 συστρέψας
1047 4687 1209 4757 appositum
1228 4702 1301 4742 esse:
1325 4704 1391 4741 nam
1410 4688 1485 4755 quod
1504 4686 1623 4742 Ruther·

389 4772 485 4829 fordus
507 4775 593 4843 putat
611 4775 685 4830 hanc
703 4792 763 4831 esse
782 4776 906 4847 glossam
925 4776 962 4830 ad
981 4777 1181 4847 συγγογγύλας,
1201 4776 1277 4845 quod
1296 4775 1365 4831 olim
1384 4775 1520 4845 scriptum
1538 4775 1624 4831 fixerit

388 4878 440 4932 pro
459 4879 492 4917 eo
511 4863 587 4933 quod
605 4881 680 4918 nunc
698 4868 741 4920 est
759 4864 789 4919 in
808 4866 868 4921 cod.
889 4863 1063 4937 γογγνλλτας,
1082 4864 1229 4935 probabile
1247 4880 1304 4920 non
1323 4867 1374 4921 est.
