3967 5725
395 630 461 708 382
578 633 637 684 LII.
657 632 774 682 INDEX
792 630 1006 682 LEOTIONUM
1024 629 1266 680 HIBERNARUM
1285 626 1453 698 1900s1901.

396 793 553 879 quidquid
576 796 625 858 est
643 793 800 857 ubertatis
819 792 992 875 scriptores
1012 791 1130 855 decere.
1166 788 1279 874 Itaque
1297 789 1411 874 Lysias
1431 790 1466 852 in
1485 788 1631 852 oratioue

395 902 435 967 ab
459 900 626 965 Athenaeo
652 903 778 964 serrata
800 899 855 963 lib.
874 916 939 962 xm
957 920 988 982 p.
1007 898 1101 962 611ο
1125 897 1239 962 seribit
1263 897 1325 962 οὐκ
1348 898 1390 962 ἀν
1413 894 1486 961 ποτ’
1514 893 1632 985 ᾠήθην

396 1008 561 1092 Αἰσχίνην
583 1011 776 1090 τολμῆσαι
800 1005 905 1082 οὕτως
923 1007 1064 1090 αἰσχράν
1084 1005 1181 1087 δίκην
1201 1002 1414 1086 δικάσασθαι,
1438 1003 1511 1068 dein
1530 1002 1627 1068 612b
1650 1020 1667 1075 7

396 1117 548 1199 οἰόμενος
575 1122 697 1179 τοῦτον
726 1111 928 1197 Σωκράτους
954 1115 1115 1195 γεγονότα
1142 1112 1296 1196 μαθητὴν
1325 1160 1332 1175 .
1356 1162 1363 1174 .
1392 1110 1454 1175 οὐκ
1482 1111 1524 1175 άν
1551 1132 1631 1174 ποτε

396 1221 645 1306 ἐπιχειρῆσαι
673 1221 766 1285 οὐδὲ
793 1225 985 1304 τολμῆσαι
1014 1220 1096 1303 άπερ
1125 1219 1160 1283 οἱ
1180 1221 1401 1304 πονηρότατοι
1426 1269 1432 1282 .
1453 1271 1459 1284 .
1484 1218 1631 1302 ἐπιχει-

396 1338 512 1414 ροῦσι
539 1329 705 1411 πράττειν.
742 1327 787 1391 Et
815 1349 910 1411 saepe
938 1326 1087 1391 similiter·
1108 1324 1218 1402 Plato,
1245 1326 1279 1390 in
1302 1324 1464 1411 Apologia
1488 1323 1631 1389 Socratis

395 1459 425 1520 p.
446 1437 498 1520 29,
518 1436 562 1500 20
578 1434 668 1499 Sehz.
693 1432 772 1511 ἀξιῶ
795 1433 881 1515 ὑμᾶς
900 1433 1065 1517 ἀλλήλους
1083 1433 1291 1497 διδάσκειν
1310 1455 1349 1496 τε
1368 1431 1430 1497 καὶ
1450 1430 1631 1516 φράζειν,

396 1543 471 1608 ὅσοι
491 1542 573 1625 ἐμοῦ
592 1543 723 1606 πώποτε
742 1541 902 1624 ἀκηκόατε
921 1539 1175 1623 διαλεγομένου·
1199 1541 1363 1624 φράζετε
1382 1533 1445 1604 οὖν
1464 1537 1631 1622 ἀλληλοις,

396 1651 425 1714 εἰ
452 1651 585 1716 πώποτε
613 1654 697 1728 κτλ,
723 1648 776 1712 vel
803 1649 837 1712 in
865 1649 1058 1714 contrariam
1086 1651 1210 1733 partem
1234 1647 1268 1710 in
1290 1645 1438 1711 Phaedro
1461 1669 1492 1730 p.
1513 1646 1569 1728 72,
1586 1644 1630 1709 25

357 1783 383 1822 ιο
397 1746 469 1822 οἷον
494 1755 558 1839 ἐγώ
582 1779 617 1820 τε
638 1753 693 1821 καὶ
713 1758 756 1820 σὺ
778 1753 976 1839 εὐξαίμεθ’
1000 1754 1043 1819 ἀν
1062 1753 1100 1819 σε’
1115 1777 1151 1819 τε
1169 1751 1224 1818 καὶ
1244 1749 1300 1838 ἐμὲ
1314 1752 1480 1836 γενέσθαι.
1511 1751 1630 1835 Φαιδρ.

397 1863 595 1940 Παντάπασι
614 1863 675 1946 μὲν
690 1858 753 1928 οὖν
767 1859 869 1944 ἔγωγε
889 1862 1084 1944 βούλομαί
1101 1884 1140 1926 τε
1159 1859 1222 1926 καλ
1238 1861 1402 1946 εὔχομαι
1416 1860 1437 1925 δ
1451 1858 1565 1943 λε’γεις.
1592 1858 1631 1924 In

398 1969 523 2054 Hippia
537 1973 644 2034 autem
658 1969 782 2034 minore
797 1992 827 2053 p.
837 1968 889 2054 36,
900 1968 943 2032 32
958 1968 1041 2034 ἀλλά
1055 1992 1111 2053 μοι
1125 1978 1228 2052 πειρῶ
1243 1964 1374 2054 πράως
1387 1991 1427 2031 τε
1441 1965 1505 2032 καὶ
1521 1967 1630 2032 εὐκό-

396 2082 469 2154 λως
492 2076 734 2161 ἀποκρίνεσθαι
757 2113 802 2123 -
824 2075 917 2159 37,2
941 2074 1152 2160 ἐρωτώμενος
1174 2076 1219 2157 μὴ
1243 2075 1445 2158 συγγνώμην
1467 2072 1495 2138 τ’
1521 2070 1631 2158 ἔχοιμι

395 2182 451 2249 καὶ
464 2179 596 2270 πρᾴως
612 2182 861 2267 ἀποκρινοίμην.
886 2181 970 2260 Quid
985 2182 1073 2266 quod
1086 2181 1180 2248 Plato
1195 2182 1229 2246 in
1239 2180 1381 2269 Legibus
1397 2203 1491 2266 quem
1505 2204 1537 2266 p.
1547 2181 1577 2266 5,
1588 2182 1632 2246 24

395 2294 572 2375 πόλεμον
594 2291 664 2356 τὸυ
682 2287 832 2367 ἔξωθεν
851 2289 993 2374 appellat
1013 2294 1045 2355 et
1064 2289 1106 2354 33
1126 2292 1218 2366 τοὺς
1237 2288 1386 2367 ἔξωθεν
1404 2291 1632 2373 πολεμίους,

396 2398 532 2462 eundem
556 2398 747 2482 eosdemque
769 2397 867 2481 paulo
890 2401 965 2481 post
988 2419 1018 2481 p.
1040 2397 1068 2480 λ,
1089 2396 1130 2460 18
1149 2395 1298 2461 uberiore
1320 2397 1464 2462 orations
1482 2394 1631 2479 πολέμου

395 2504 493 2588 γένος
520 2497 546 2593 ᾧ
569 2507 654 2587 πρὸς
676 2506 768 2580 τοὺς
791 2503 901 2581 ἐκτός
924 2527 964 2568 τε
987 2501 1052 2569 καὶ
1076 2502 1328 2587 ἀλλοφύλους
1350 2504 1508 2589 χρώμεθα
1532 2506 1564 2567 et
1587 2502 1632 2567 30

396 2613 476 2688 τοὺς
502 2613 586 2693 πρὸς
613 2614 673 2676 τὸν
700 2610 865 2677 ὀθνεῖόν
892 2608 1020 2676 τεκαὶ
1043 2607 1193 2689 ἔξωθεν
1215 2614 1388 2694 πόλεμον
1410 2608 1632 2694 γιγνομένους

397 2715 570 2803 ἐπιφανεῖς
593 2718 680 2782 dioit,
717 2717 805 2794 Quae
828 2719 856 2782 si
878 2740 944 2783 non
968 2721 1045 2784 sunt
1066 2717 1290 2801 vituperanda,
1317 2717 1395 2802 quid
1418 2716 1630 2783 iudicabimus

356 2853 384 2895 so
399 2824 437 2889 de
460 2824 512 2890 his
536 2846 618 2909 quae
640 2827 675 2891 in
698 2825 878 2910 Republica
900 2828 1053 2913 leguntur
1075 2848 1105 2910 p.
1125 2823 1200 2909 254,
1221 2823 1378 2891 15301111.

560 2933 721 2997 Φαλνεταί
741 2958 809 3017 μοι,
835 2934 943 3016 ὥσπερ
966 2932 1022 2999 καὶ
1045 2932 1236 3017 ὀνομάζεται
1261 2933 1324 2998 δύο
1348 2941 1452 2997 ταῦτα
1475 2932 1630 3017 ὀνόματα,

557 3042 701 3123 πόλεμός
719 3063 754 3105 τε
772 3038 827 3105 καὶ
847 3041 970 3118 στάσις,
990 3040 1078 3106 οὕτω
1097 3038 1152 3105 καὶ
1172 3035 1258 3105 εἶναι
1278 3040 1351 3121 δύο,
1370 3041 1452 3104 ὄντα
1466 3036 1520 3104 ἐπὶ
1534 3040 1631 3105 δυεῖν

556 3157 666 3212 τινοῖν
691 3148 886 3233 διαφοραῖν·
910 3146 995 3229 λέγω
1019 3142 1057 3212 δὲ
1079 3148 1120 3211 τά
1143 3148 1220 3231 δύο,
1246 3149 1284 3213 τὸ
1308 3147 1369 3231 μὲν
1392 3149 1544 3212 οἰκεῖον
1567 3144 1630 3211 καὶ

557 3253 759 3338 ξυγγενές,
782 3255 819 3320 τὸ
844 3255 882 3321 δὲ
900 3254 1113 3338 ἀλλότριον
1131 3252 1195 3319 καὶ
1215 3253 1391 3319 ὀθνεῖον·
1417 3252 1470 3318 ἐπὶ
1488 3250 1549 3337 μὲν
1569 3250 1631 3319 οὖν

556 3371 595 3447 τῇ
623 3371 693 3428 τοῦ
721 3365 873 3428 οἰκείου
899 3358 1008 3449 ἔχθρᾳ
1037 3362 1151 3438 στάσις
1173 3360 1340 3445 κέκληται,
1369 3359 1423 3426 ἐπὶ
1447 3357 1484 3426 δὲ
1506 3372 1546 3447 τῇ
1569 3369 1630 3426 τοῦ

558 3468 772 3554 ἀλλοτρίου
804 3472 1032 3553 πόλεμος...
1058 3469 1147 3551 Φημὶ
1179 3469 1243 3552 γάρ
1274 3469 1312 3533 τὸ
1345 3463 1406 3549 μὲν
1436 3466 1631 3551 Ἑλληνικὸν

556 3574 654 3658 γένος
684 3575 764 3641 αὐτὸ
793 3576 881 3664 αὑτῷ
906 3566 1058 3641 οἰκεῖον
1086 3567 1171 3639 εἶναι
1199 3573 1266 3639 καὶ
1295 3573 1496 3657 ξυγγενές,
1523 3583 1568 3663 τῷ
1594 3575 1631 3641 δὲ

419 3746 428 3759 ,
556 3686 747 3771 βαρβαρικῷ
767 3682 932 3748 ὀθνεῖόν
954 3706 994 3747 τε
1017 3680 1080 3747 καὶ
1105 3681 1325 3767 ἀλλότριου.

397 3786 484 3865 Quae
512 3790 606 3855 nobis
634 3791 716 3856 mira
743 3811 812 3855 esso
839 3790 999 3876 elegantia
1028 3789 1186 3855 sermonis
1215 3788 1343 3854 videtur
1370 3794 1402 3853 et
1425 3788 1560 3855 Platone
1583 3789 1630 3854 in·

356 3922 382 3962 so
395 3896 509 3980 primis
533 3897 640 3983 digna,
664 3897 720 3982 qui
742 3896 853 3962 nativa
874 3896 1023 3961 libertate
1048 3900 1079 3961 et
1103 3895 1233 3981 copulat
1257 3900 1402 3983 cognata,
1425 3895 1478 3961 vel
1499 3895 1563 3961 hoo
1581 3918 1630 3960 or-

396 4002 469 4067 dine
496 4003 549 4068 vel
575 4004 647 4086 illo,
675 4008 707 4068 et
732 4026 772 4068 ex
796 4004 943 4090 cognatis
964 4002 1070 4068 utitur
1092 4002 1194 4068 altero
1218 4003 1258 4068 ad
1282 4025 1354 4067 eum
1377 4003 1510 4068 modum
1534 4024 1630 4087 quem

396 4109 551 4194 exemplis
565 4109 723 4195 pluribus,
741 4114 906 4195 postremo
919 4110 1043 4196 Legum
1057 4110 1164 4175 verbis
1180 4110 1418 4175 deelaravimus.
1457 4108 1520 4175 Sed
1533 4112 1630 4197 longe

396 4216 489 4281 alitor
511 4216 655 4281 iudicans
674 4216 870 4283 Hartmanus
891 4217 925 4282 in
943 4217 1101 4282 Emblem.
1125 4240 1155 4301 p.
1178 4217 1242 4281 110
1260 4218 1339 4283 haee
1357 4219 1404 4282 ita
1422 4216 1631 4283 describenda

397 4324 521 4389 curavit

557 4430 642 4515 λε’γο
675 4432 713 4497 δὲ
744 4434 784 4497 τά
812 4431 876 4497 δύο
903 4432 941 4497 τὸ
968 4428 1031 4517 μὲν
1058 4434 1183 4498 οἰκεῖον
1212 4429 1281 4516 [καὶ
1309 4430 1495 4517 ξυγγενές],
1527 4434 1564 4496 τὸ
1593 4427 1630 4495 δὲ

558 4537 750 4625 [ἀλλότριου
772 4538 841 4625 καλ]
866 4538 1005 4604 ὀθνεῖον
1025 4587 1099 4604 ....
1119 4541 1244 4605 οἰκεῖον
1267 4534 1353 4605 εἶναι
1373 4539 1440 4620 [καλ
1460 4536 1628 4622 ξυγγενές]

556 4694 618 4710 ...
642 4644 780 4712 ὀθνεῖον
804 4646 852 4730 [τε
875 4644 931 4711 καὶ
954 4644 1145 4731 ἀλλότριον]

397 4750 541 4815 subiecta
562 4753 701 4816 ratione:
724 4754 802 4834 quid
817 4753 947 4836 prodest
962 4754 1220 4819 remuditioribus
1237 4754 1285 4819 uti
1302 4752 1458 4819 vocabulis
1475 4753 1505 4818 si
1522 4752 1630 4817 statim

396 4858 483 4922 adest
509 4859 564 4939 ραι
586 4859 687 4922 addat
707 4858 877 4941 vulgario?
908 4859 954 4924 Et
975 4865 1026 4925 est
1048 4861 1195 4946 profecto
1219 4859 1305 4944 quod
1330 4860 1524 4925 admiremur
1546 4859 1631 4924 hano
