3967 5725
403 636 470 700 450
594 637 665 689 LVI.
684 639 799 689 INDEX
818 637 1031 689 LEOTIONUM
1048 636 1290 688 HIBERNARUM
1309 634 1441 704 1902l08.

404 801 521 866 abiecit
544 823 583 865 ex
607 799 716 887 glossa
737 799 848 878 occule,
876 799 1005 878 camella,
1035 819 1115 883 quae
1138 796 1259 884 legitur
1280 821 1311 882 p.
1333 797 1410 882 148,
1429 796 1487 883 20,
1509 798 1574 864 huc
1597 798 1640 862 ir-

403 909 541 993 repsisse
570 907 764 991 suspicatur‚
793 907 917 971 ‘secuta
944 905 1026 989 illa',
1048 909 1086 969 ut
1108 905 1168 989 ait,
1196 904 1285 970 ‘olim
1308 905 1441 969 titulum
1463 905 1639 971 oblitterare

403 1039 434 1100 p.
451 1014 525 1100 146,
538 1014 591 1098 28,
611 1014 663 1078 cui
681 1014 744 1098 ipsi
762 1016 873 1078 noster
889 1015 979 1078 lacus
999 1012 1098 1077 fuerit
1116 1011 1304 1097 adpositus?
1339 1010 1401 1088 Qui
1419 1015 1527 1076 tamen
1541 1034 1638 1097 quam

403 1142 469 1187 non
488 1123 658 1186 contentus
677 1121 776 1185 fuerit
794 1120 898 1184 forma
916 1141 1066 1184 versuum
1085 1123 1135 1184 ter
1153 1119 1320 1204 proposita
1338 1119 1377 1183 iis
1398 1119 1539 1183 declarat
1557 1140 1638 1203 quae

404 1228 536 1294 altili
562 1228 742 1293 adnotavit:
771 1227 874 1291 ‘varie
902 1226 1069 1310 transponi
1098 1229 1131 1290 et
1152 1227 1271 1291 mutari
1293 1229 1430 1310 possunt
1453 1226 1564 1290 verba:
1586 1227 1639 1289 vel

404 1337 589 1402 oblitteretur
611 1334 763 1399 adcitudo
784 1333 974 1416 Pelopidam
995 1331 999 1420 Ι
1020 1383 1027 1395 .
1047 1383 1054 1396 .
1074 1383 1081 1397 .
1100 1383 1107 1396 .
1127 1354 1164 1398 99
1180 1335 1241 1415 pe'r
1262 1353 1319 1398 aas
1340 1331 1511 1399 semesam
1525 1352 1639 1415 percus,¹

403 1446 456 1509 vel
478 1443 670 1525 Pelopidam
691 1439 696 1529 Ι
720 1440 915 1507 oblitteretur
936 1440 1086 1504 udmtuda
1110 1460 1147 1504 aa
1162 1441 1223 1522 pe‘r
1245 1460 1302 1505 uas
1323 1460 1347 1505 s.
1365 1439 1404 1522 p?

493 1549 626 1614 Hiscine
653 1547 783 1633 putabit
810 1546 927 1631 aliquis
956 1549 1128 1629 quicquam
1157 1549 1237 1612 certi
1263 1551 1296 1611 et
1325 1549 1376 1611 cui
1404 1546 1499 1611 fidem
1522 1547 1639 1610 habeat

404 1661 570 1741 repertum
594 1655 683 1720 esse?
714 1653 799 1738 Non,
823 1654 1002 1737 opinamur.
1040 1652 1103 1718 Sed
1126 1658 1162 1718 ut
1180 1655 1347 1718 mittamus
1366 1653 1530 1738 paulisper
1548 1653 1638 1733 caele,

365 1787 391 1829 re
406 1785 488 1848 quae
510 1784 574 1827 vox
597 1761 759 1847 plerisque
781 1761 971 1845 praecipuae
996 1760 1165 1825 offensioni
1187 1760 1258 1846 fuit,
1282 1761 1369 1844 quod
1392 1764 1466 1846 post
1488 1761 1676 1826 uaaitudat

405 1869 605 1935 intercidisse
644 1889 753 1932 vocem
790 1865 993 1951 trisyllabum
1031 1889 1181 1931 mensure
1218 1867 1336 1934 cretica
1372 1872 1536 1950 statuunt,
1573 1869 1638 1932 sive

400 1977 543 2059 pristina
573 1977 639 2040 eive
667 1981 788 2054 mutua,
815 1974 877 2038 hoe
906 1977 955 2039 est
982 1997 1021 2038 ex
1044 1995 1082 2038 eo
1105 1995 1222 2061 genere
1246 1974 1440 2040 deliberandi
1465 1975 1551 2058 quod
1572 1996 1639 2040 non

405 2085 509 2170 possit
535 2105 602 2148 non
628 2104 814 2167 perversum
842 2104 880 2147 ac
908 2104 1004 2146 sanae
1031 2081 1149 2146 rationi
1178 2083 1373 2147 contrarium
1399 2081 1518 2147 haberi.
1554 2079 1639 2146 Nam

405 2195 531 2257 tantum
559 2190 651 2255 abest
677 2194 714 2254 ut
742 2189 902 2254 sententia
930 2189 998 2253 eius
1026 2189 1115 2254 modi
1139 2188 1394 2254 additamentum
1417 2191 1573 2274 requirat,
1604 2192 1642 2252 ut

407 2297 563 2383 quidquid
582 2297 752 2380 addideris,
775 2296 915 2360 dubitari
934 2318 1000 2360 non
1018 2297 1130 2380 possit,
1154 2296 1232 2379 quin
1251 2299 1365 2381 poetae
1385 2297 1487 2361 oratio
1506 2300 1642 2382 perapta

405 2427 444 2470 ac
478 2405 649 2489 perspicua
683 2404 798 2468 misere
837 2406 1068 2487 corrumpatur.
1120 2402 1225 2479 Quare
1260 2425 1327 2468 non
1364 2426 1402 2467 ex
1434 2407 1642 2488 praesumpta

406 2512 501 2576 metri
527 2511 632 2575 forma
660 2511 811 2594 colligere
834 2533 983 2574 mancum
1007 2532 1076 2574 csse
1099 2531 1227 2575 versum
1251 2511 1422 2594 debebant,
1450 2511 1506 2576 sed
1529 2514 1642 2576 contra

407 2641 447 2683 ex
474 2640 511 2683 eo
541 2618 617 2701 quia
642 2617 726 2681 nihil
751 2616 825 2680 addi
848 2621 956 2701 potest
979 2616 1064 2700 quod
1089 2618 1193 2682 oratio
1216 2617 1299 2682 ferat
1322 2622 1378 2682 aut
1400 2619 1547 2702 recipiat,
1574 2639 1641 2682 non

406 2746 476 2790 esse
512 2747 582 2789 eam
619 2745 716 2807 quam
749 2723 951 2788 crediderunt
982 2725 1108 2788 numeri
1139 2725 1296 2790 rationem
1330 2725 1519 2810 intelligere.
1564 2723 1640 2790 Non

366 2855 393 2897 ac
406 2832 512 2898 minus
542 2853 630 2896 mera
654 2830 788 2896 libidine
812 2834 844 2895 et
866 2853 976 2897 versus
1001 2831 1191 2898 conficiendi
1214 2833 1318 2919 gratia
1341 2832 1559 2920 excogitatum
1583 2836 1643 2919 est,

407 2938 493 3023 quod
519 2938 707 3021 Pelopidam
735 2961 794 3023 pro
819 2937 1045 3022 Pelopidarum
1072 2940 1258 3025 genetivum
1286 2961 1345 3024 pro
1373 2942 1523 3027 genetivo
1551 2962 1643 3026 repo·

406 3049 549 3128 suerunt,
567 3045 601 3109 id
620 3046 706 3129 quod
721 3044 879 3111 Muellero
899 3067 937 3110 eo
955 3046 1163 3111 verisimilius
1177 3047 1282 3111 visum
1297 3051 1346 3112 est
1362 3048 1448 3131 quod
1462 3071 1493 3131 p.
1511 3048 1583 3132 146,
1597 3048 1644 3113 30

407 3152 503 3217 ‘idem
526 3152 668 3238 vitium'‚
690 3156 727 3216 ut
750 3153 805 3236 ait,
828 3152 861 3216 in
884 3175 980 3217 versu
1004 3152 1095 3219 Accii
1119 3159 1307 3219 occurreret.
1346 3153 1445 3230 Quasi
1467 3177 1542 3219 vero
1568 3176 1640 3219 cum

406 3260 457 3324 bis
485 3260 594 3325 eadem
622 3260 804 3325 temeritate
833 3264 922 3324 utare
929 3311 938 3345 ,
965 3260 1059 3325 alteri
1087 3283 1127 3324 ex
1155 3262 1255 3325 altera
1283 3260 1405 3345 aliquid
1433 3261 1568 3326 subsidii
1591 3281 1641 3325 ac-

407 3367 512 3432 cedat:
536 3389 611 3431 nam
631 3366 716 3451 quod
734 3366 790 3431 1119
810 3368 904 3431 ‘idem
924 3365 1058 3432 vitium'
1076 3368 1161 3453 dicit,
1181 3372 1229 3433 991
1248 3368 1358 3433 eadem
1376 3368 1456 3434 fides
1474 3370 1641 3452 librorum,

407 3495 489 3557 quae
516 3472 570 3537 hic
598 3477 630 3537 et
657 3473 724 3538 illic
747 3473 974 3556 Pelopidarum
996 3474 1134 3539 formam
1158 3478 1303 3540 testatur.
1343 3473 1397 3541 Sic
1419 3475 1505 3540 enim
1529 3476 1644 3540 scribit

405 3577 535 3644 Nonius
557 3581 577 3643 l.
597 3602 623 3646 9.

542 3687 726 3753 ‘oblitterare
749 3694 792 3754 eet
814 3689 1038 3771 obscurefacere
1060 3695 1088 3753 et
1109 3691 1146 3754 ia
1168 3689 1351 3755 obliciauem
1374 3690 1490 3755 ducere.
1526 3690 1644 3755 Accius

541 3794 842 3877 Apamemaaaidis:
881 3796 1096 3861 “iuimicitias
1128 3795 1355 3878 Pelopidarum
1392 3798 1544 3863 catiaatas
1574 3799 1642 3863 ium

366 3924 393 3965 ac
541 3906 632 3983 atque
654 3902 843 3969 oblitteratas
865 3904 1015 3968 memoria
1037 3904 1229 3969 rereaaare''.'

406 4005 456 4071 De
470 4028 535 4090 quc
549 4029 644 4073 versu
658 4010 756 4093 paulo
770 4015 846 4093 post
860 4010 1087 4095 disputandum
1104 4014 1165 4076 est:
1180 4011 1308 4075 interim
1322 4010 1402 4077 haec
1417 4012 1480 4077 duo
1495 4010 1645 4095 exempla

406 4114 485 4178 satis
503 4114 579 4178 fidei
597 4115 718 4180 faciant
732 4114 866 4181 Accium
881 4116 1108 4199 Pelopidarum
1126 4118 1263 4183 formam
1278 4140 1345 4183 non
1359 4120 1527 4203 sprevisse,
1546 4139 1641 4202 quem

408 4221 502 4284 etiam
534 4222 781 4287 Tantalidarum
814 4223 934 4289 dixisse
967 4227 1094 4289 constat
1125 4224 1160 4288 in
1190 4225 1349 4289 sententia
1380 4229 1510 4291 nostrae
1542 4222 1643 4290 simili

408 4325 485 4413 (fab.
504 4329 614 4393 incert.
634 4346 684 4392 v11
704 4327 836 4417 65111.)

546 4436 684 4517 Quinam
709 4437 956 4504 Tantalidarum
980 4439 1183 4503 iuterueaiaui
1205 4438 1316 4505 modus

542 4541 680 4608 Paretur
702 4549 759 4607 out
779 4565 934 4625 quaestam
956 4565 1107 4625 umquam
1130 4547 1165 4611 ab
1189 4552 1316 4611 mamam
1340 4547 1470 4630 Myrtili

542 4648 659 4715 Pocuie
682 4650 805 4715 luendis
828 4651 954 4715 debita
975 4653 1078 4717 satias
1099 4653 1256 4735 supplici?

409 4753 635 4835 Pelopidarum
654 4757 761 4841 ipsum
780 4756 878 4821 etiam
896 4758 993 4822 tertio
1010 4758 1082 4823 loco
1098 4760 1131 4823 in
1146 4780 1240 4825 versu
1254 4760 1394 4843 quodam
1409 4760 1513 4847 ignoti
1527 4762 1645 4844 poetae

408 4860 524 4945 tragici
546 4860 675 4947 legitur,
698 4864 754 4947 qui
778 4861 925 4928 Ciceroni
949 4885 1076 4949 semper
1098 4865 1131 4929 in
1152 4887 1206 4931 ore
1226 4870 1287 4932 est:
1310 4866 1422 4932 laudat
1440 4868 1524 4932 enim
1544 4866 1644 4931 modo
