3967 5725
417 665 485 730 392
620 668 680 719 Lm
698 666 814 720 INDEX
832 667 1047 720 LEOTIONUM
1064 669 1305 722 HIBERNARUM
1324 669 1491 740 1eoos1901.

420 840 563 914 γραφῶν
580 830 722 895 τούτων·
741 832 779 895 τὸ
799 830 837 895 δὲ
855 839 916 895 τοῦ
930 829 1169 913 Μενεστράτου
1187 841 1321 915 πρᾶγμα
1339 840 1497 897 τοιοῦτον
1515 830 1662 914 ἐγένετο,

413 932 439 999 δ
459 935 740 1021 Μενέστρατος
762 931 861 1014 οὗτος
884 936 1060 1022 ἀπεγράφη
1078 942 1146 1021 κτλ,
1169 960 1251 1022 quae
1269 941 1318 1002 est
1335 937 1539 1002 inimitabilis
1558 937 1658 1003 huius

418 1042 557 1106 oratoris
581 1041 734 1127 ἀφέλεια,
756 1065 817 1108 neo
838 1044 976 1109 multum
1001 1043 1169 1108 dissimilia
1192 1048 1267 1109 sunt
1291 1067 1372 1129 quaa
1394 1045 1429 1109 in
1452 1045 1564 1110 eadem
1588 1067 1663 1110 ora·

418 1150 510 1214 tione
535 1151 576 1213 19
600 1155 633 1214 et
658 1151 697 1216 71
722 1151 883 1236 leguntur.

510 1255 598 1321 Satis
622 1257 857 1322 demonstrasse
877 1257 971 1324 nobis
989 1258 1145 1340 ridemur,
1168 1281 1272 1343 neque
1290 1257 1470 1323 cumulatos
1488 1261 1664 1346 genetivos

421 1385 526 1448 neque
558 1386 635 1429 vero
668 1364 820 1428 iteratum
851 1386 971 1430 nomen
1003 1365 1115 1430 obesse
1142 1366 1314 1449 quominus
1342 1365 1508 1430 emendate
1536 1367 1662 1451 scripta

419 1469 600 1536 habeantur
622 1492 706 1555 quae
733 1475 862 1536 exstant
884 1471 918 1535 in
941 1470 1034 1536 libris
1057 1483 1125 1536 τῶν
1147 1473 1211 1558 γὰρ
1234 1471 1405 1556 προτέρων
1427 1470 1503 1558 περὶ
1522 1471 1663 1550 Ἀναξα-

421 1581 527 1663 φόρον
551 1576 680 1660 λέγεται
704 1579 811 1662 τιολλὴ
830 1578 958 1661 ἀμαθία
976 1581 1059 1643 κατὰ
1077 1580 1137 1643 τὸν
1156 1580 1218 1644 σὸν
1237 1582 1351 1662 λόγον·
1374 1579 1574 1645 τούναντίον
1593 1581 1664 1664 γὰρ

426 1683 628 1770 Ἀναξαγόρᾳ
647 1683 752 1769 φασὶν
771 1688 939 1770 συμβῆναι
957 1685 977 1770 ἦ
996 1687 1085 1770 ὑμῖν.
1119 1684 1208 1762 Quae
1226 1685 1254 1748 si
1272 1707 1383 1750 verum
1398 1685 1492 1750 fateri
1506 1688 1664 1753 volumus

378 1816 406 1857 ιο
422 1792 501 1857 adeo
530 1792 728 1879 integritatis
754 1796 832 1857 nota
859 1793 999 1878 insignia
1027 1796 1116 1876 sunt,
1144 1797 1181 1856 ut
1208 1813 1290 1876 quae
1317 1815 1376 1857 nos
1403 1794 1601 1878 argumentis
1626 1797 1662 1858 et

421 1897 580 1983 exemplis
607 1899 714 1964 allatis
743 1898 849 1964 stabil'
914 1899 1111 1982 studuimus,
1139 1900 1207 1963 sine
1234 1899 1389 1983 exemplis
1417 1903 1450 1964 et
1473 1899 1542 1964 sine
1565 1923 1663 1986 argu-

422 2007 539 2070 mentis
562 2005 639 2070 ullis
662 2027 739 2070 rora
761 2011 795 2071 et
817 2007 943 2092 integra
964 2006 1143 2071 existimari
1166 2006 1342 2070 debuerint

511 2113 657 2178 Alteram
686 2114 907 2197 quaestionem
933 2114 1072 2196 petimus
1101 2135 1139 2178 ex
1164 2113 1276 2178 iisdem
1299 2112 1405 2179 verbis
1429 2113 1570 2198 Hippiae
1593 2137 1662 2178 ma-

421 2219 500 2284 ioris
533 2241 614 2304 quae
646 2219 724 2285 huic
751 2220 850 2304 capiti
867 2221 1150 2304 praescripsimus.
1193 2218 1336 2296 Quorum
1364 2221 1469 2304 prima
1496 2222 1664 2285 sententia

419 2327 500 2392 haec
522 2331 571 2390 est
614 2373 619 2385 .

581 2436 684 2498 καλόν
707 2457 755 2517 γε,
779 2431 805 2499 ὦ
820 2433 938 2511 Ἱππία,
962 2433 1068 2516 λέγεις
1090 2431 1145 2498 καὶ
1162 2432 1246 2518 μέγα
1264 2436 1442 2520 τεκμήριον
1460 2436 1582 2518 σοφίας
1600 2444 1665 2518 τῆς

521 2573 524 2578 -
581 2563 616 2604 τε
644 2549 788 2605 σεαυτοῦ
814 2541 869 2605 καὶ
897 2551 965 2605 τῶν
987 2549 1053 2605 νῦν
1076 2540 1269 2626 ἀνθρώπων
1291 2543 1374 2627 πρὸς
1396 2543 1476 2617 τοὺς
1499 2540 1666 2626 ἀρχαίους

583 2648 679 2712 ὅσον
703 2645 978 2732 διαφέρουσιν.
1602 2698 1604 2702 -

420 2753 459 2818 In
484 2753 601 2838 quibus
626 2754 766 2838 primum
790 2756 924 2837 apparet
946 2753 1061 2819 ultima
1083 2752 1181 2818 verba
1205 2754 1287 2819 ὅσον
1310 2753 1546 2841 διαφέρουσιν,
1576 2779 1663 2841 quae

380 2888 407 2929 ro
422 2883 517 2927 nemo
540 2859 759 2946 attemptarit,
786 2862 924 2928 fortasse
945 2882 1040 2926 nemo
1064 2861 1214 2944 attendit,
1241 2862 1282 2926 ad
1305 2863 1497 2928 sententiam
1522 2886 1589 2929 non
1612 2886 1663 2928 re-

423 2969 519 3053 quiri,
537 2990 620 3053 quae
639 2970 708 3032 sine
727 2969 767 3033 iis
786 2967 957 3033 constabat
974 2973 1040 3033 tam
1060 2972 1145 3034 reete
1160 2991 1256 3052 quam
1270 2970 1354 3033 infra
1368 2966 1413 3056 (p
1429 2970 1460 3050 3,
1473 2968 1533 3057 26)
1548 2971 1662 3035 eadem

411 3058 585 3141 'sententia
608 3077 717 3152 δοκεῖς
735 3076 839 3140 καλὸν
857 3077 1034 3161 τεκμήριον
1053 3074 1254 3160 ἀποφαίνειν
1271 3074 1347 3161 περὶ
1367 3078 1490 3160 σοφίας
1507 3088 1576 3142 τῶν
1593 3088 1667 3143 νῦν

421 3184 506 3270 πρὸς
537 3186 616 3260 τοὺς
647 3181 831 3267 προτέρους
863 3179 908 3268 (h.
933 3204 959 3246 o.
991 3182 1019 3245 si
1053 3187 1280 3266 comparantur
1312 3202 1385 3247 oum
1413 3184 1664 3269 superioribus).

422 3290 505 3355 Dein
530 3289 726 3376 intelligitur
747 3291 828 3353 haec
850 3289 928 3353 satis
951 3287 1053 3353 libero
1076 3288 1192 3353 subiici
1212 3290 1359 3374 orationi,
1383 3312 1465 3375 quae
1483 3291 1578 3355 facile
1596 3293 1664 3375 ipsi

422 3396 544 3463 includi
568 3398 748 3462 sententiae
770 3400 929 3479 poterant,
951 3397 1041 3461 velut
1059 3395 1121 3459 hoc
1140 3396 1236 3460 modo
1256 3398 1434 3480 τεκμήριον
1452 3398 1534 3463 ὅσον
1552 3400 1572 3483 ἡ
1592 3411 1666 3464 τῶν

424 3513 489 3569 νῦν
509 3508 613 3589 σοφία
633 3503 785 3588 διαφέρει
804 3503 886 3583 πρὸς
904 3506 983 3579 τοὺς
1002 3501 1171 3586 ἀρχαίους,
1191 3502 1230 3566 ad
1249 3505 1430 3587 exemplum
1449 3526 1665 3590 eorumquae

422 3612 577 3697 leguntur
599 3610 634 3674 in
656 3609 799 3695 Legibus
817 3627 831 3673 1
849 3632 880 3693 p.
900 3609 954 3690 34,
975 3609 991 3673 1
1014 3608 1153 3689 οὐδένας
1172 3611 1313 3693 οἰόμεθα
1333 3610 1593 3696 ἀμφισβητῆσαι,
1617 3611 1665 3697 μὴ

424 3716 465 3782 οὐ
484 3717 605 3803 τιεῑράν
624 3740 658 3782 τε
678 3716 831 3801 ἀλλήλων
849 3715 974 3799 ίτιιεικῆ
994 3716 1119 3799 ταύτην
1138 3708 1234 3798 εἶναι,
1253 3709 1290 3781 τό
1305 3740 1339 3785 τε
1353 3726 1411 3800 τῆς
1426 3719 1592 3795 εὐτελείας
1606 3718 1665 3787 καὶ

423 3823 606 3910 ἀσφαλείας
616 3824 671 3887 καί
683 3823 804 3908 τοίχους
815 3820 991 3907 διαφέρειν
1003 3822 1086 3905 πρὸς
1097 3823 1154 3898 τάς
1167 3823 1267 3899 ἀλλας
1279 3814 1457 3906 βασάνους.
1476 3823 1550 3890 Ηοο
1559 3846 1664 3911 genus

383 3957 411 3998 so
425 3930 552 3997 dicendi
571 3929 635 3995 late
654 3934 744 4014 patet
759 3930 925 4012 multaque
939 3926 1038 3991 habet
1051 3929 1206 4013 exempla,
1224 3932 1341 4013 partim
1357 3930 1517 4015 simplicia
1531 3934 1565 3996 et
1580 3954 1664 4016 quae

422 4038 582 4103 neminem
608 4036 795 4120 impediant,
818 4034 882 4099 alia
904 4034 1046 4099 eiusdem
1070 4036 1192 4100 farinae
1213 4039 1322 4100 tamen
1345 4036 1391 4101 ita
1415 4042 1602 4123 comparata
1625 4044 1665 4104 ut

423 4143 582 4210 emunctis
611 4142 744 4207 naribus
768 4140 909 4206 fastidiri
932 4162 998 4205 non
1022 4140 1177 4207 desinant.
1215 4140 1299 4219 Quid
1322 4144 1486 4209 veteribus
1509 4144 1544 4209 in
1567 4168 1605 4209 ea
1628 4169 1665 4210 re

423 4250 597 4335 probatum
626 4249 737 4334 fuerit,
764 4248 894 4314 Platoni
919 4246 1057 4312 maxime
1081 4252 1114 4312 et
1135 4247 1318 4333 Aristoteli,
1346 4249 1424 4314 olim
1447 4252 1482 4315 in
1506 4254 1666 4317 mantissa

423 4358 464 4421 ad
488 4356 676 4421 Aristotelis
695 4355 859 4420 Poeticam
879 4352 940 4441 (ed.
960 4371 1000 4417 111
1019 4376 1049 4437 p.
1070 4354 1134 4419 126
1145 4351 1207 4442 sq.)
1226 4356 1381 4441 exemplis
1401 4356 1528 4423 selectis
1548 4359 1665 4424 dooere

424 4464 621 4545 studuimus,
653 4462 726 4527 aliis
755 4466 787 4526 et
814 4462 989 4526 multorum
1017 4463 1130 4544 postca
1157 4461 1191 4525 in
1219 4460 1328 4526 Herm,
1353 4465 1415 4527 vol.
1439 4482 1512 4528 xxx
1535 4487 1565 4549 p.
1586 4465 1665 4551 364,

423 4592 497 4634 cum
515 4568 632 4634 Dionis
651 4569 783 4633 Prusaei
802 4590 897 4631 usum
916 4568 1154 4652 explicaremus,
1179 4589 1274 4651 quem
1293 4590 1396 4654 nuper
1415 4571 1513 4635 etiam
1533 4570 1570 4635 G.
1586 4571 1664 4637 Kai-

424 4674 528 4739 belius
552 4675 585 4738 in
610 4675 735 4740 erudito
760 4672 1162 4738 commentario'lllectrae
1186 4671 1384 4757 Sophocleae
1406 4676 1517 4763 tetigit
1534 4701 1566 4763 p⁴
1589 4678 1663 4744 127.

424 4778 501 4845 Non
519 4780 695 4845 redibimus
715 4779 801 4862 illuc,
826 4800 1021 4863 quamquam
1039 4780 1233 4863 pervelimus
1252 4802 1289 4844 ea
1308 4787 1453 4847 accurate
1472 4788 1663 4872 recognosci
1678 4798 1713 4856 lt

424 4886 465 4949 ab
493 4886 548 4983 iis¹
562 4886 589 4949 si
615 4888 670 4968 qui
693 4891 780 4951 recte
804 4884 944 4950 iudicare
968 4887 1102 4969 eupiunt
1126 4887 1164 4950 de
1187 4885 1239 4951 his
1263 4907 1344 4970 quae
1367 4910 1453 4953 nunc
1477 4890 1511 4953 in
1535 4897 1664 4957 contro-
