3967 5725
416 625 481 694 376
639 629 685 680 m.
705 629 821 680 monn
839 628 1054 680 naorrouuu
1071 628 1304 680 anonvmus
1323 631 1401 691 ιιοο.

413 795 467 854 tus
498 794 638 855 mentem
669 788 834 873 loquentis
867 789 1098 874 scriptorisque
1126 790 1260 858 consilia
1286 791 1514 874 perspicerent.
1556 788 1647 854 Haec

413 897 528 984 igitur,
556 917 595 962 ex
622 897 739 981 quibus
767 895 851 962 nihil
873 896 1031 962 demutari
1054 901 1111 963 aut
1134 897 1232 963 adimi
1255 900 1377 981 potest,
1405 898 1511 974 ἄλλως
1533 920 1569 962 τε
1591 895 1647 962 καὶ

407 1006 492 1080 «τοὺς
520 1003 699 1088 ὑμετέρους
727 1007 806 1080 τοὺς
832 1015 900 1069 τῶν
926 1006 1099 1072 πλουσίων
1121 1001 1177 1070 καὶ
1200 1014 1463 1089 χρηματιστικῶν
1486 1003 1648 1090 (λόγους),

413 1111 466 1176 vel
488 1110 628 1183 maxime
651 1111 822 1195 opinamur
844 1110 987 1178 subsidio
1012 1132 1081 1176 esse
1104 1111 1211 1175 verbis
1235 1133 1316 1194 quae
1340 1114 1416 1181 sunt
1434 1111 1468 1174 in
1486 1111 1647 1195 principio

414 1216 567 1304 Hippiae,
599 1240 639 1284 ex
667 1218 784 1302 quibus
811 1221 940 1283 nostrae
969 1217 1196 1301 disputationis
1224 1218 1287 1283 iter
1314 1217 1379 1283 orsi
1408 1239 1532 1300 sumus,
1560 1217 1647 1283 οὕτω

413 1322 469 1389 καὶ
496 1326 557 1408 τὴν
585 1323 748 1408 ὑμετέραν
775 1326 836 1408 τὴν
863 1336 931 1392 τῶν
958 1335 1127 1406 σοφιστῶν
1154 1323 1282 1410 τέχνην.
1318 1324 1357 1390 In
1383 1323 1444 1389 hac
1471 1330 1578 1389 autern
1602 1326 1648 1389 in-

414 1432 500 1516 signi
528 1452 638 1497 ecrum
667 1431 893 1515 similitudine,
921 1453 1003 1516 quac
1030 1434 1079 1496 est
1102 1433 1247 1515 utrisque
1270 1432 1491 1498 firmissimum
1515 1432 1649 1499 admini-

415 1539 533 1622 culum,
551 1560 617 1603 nou
635 1538 829 1624 negligenda
848 1542 897 1604 est
915 1559 955 1602 ne
974 1539 1183 1604 articulorum
1202 1539 1331 1622 quidem
1349 1540 1443 1623 ratio,
1462 1561 1545 1623 quae
1562 1543 1649 1604 utro·

417 1644 514 1728 bique
538 1645 647 1712 eadem
671 1648 743 1710 estr‘

375 1777 402 1819 ro
599 1752 669 1834 τὴν
692 1751 856 1837 ὑμετέραν
878 1752 949 1836 τὴν
972 1764 1040 1817 τῶν
1063 1763 1234 1837 σοφιστῶν
1256 1750 1375 1838 τέχνην

599 1860 692 1936 τοὺς
713 1857 894 1943 ὑμετέρους
916 1862 1010 1937 τοὺς
1032 1870 1100 1925 τῶν
1122 1860 1292 1926 πλουσίων
1316 1858 1475 1946 (λόγους).

415 1962 509 2029 Unde
532 1964 726 2050 intelligitur
749 1965 827 2050 quid
850 1965 950 2030 fuerit
972 1966 1060 2050 quod
1078 1989 1175 2050 supra
1193 1968 1384 2051 scripturam
1402 1989 1516 2052 parum
1535 1968 1652 2034 idonea

415 2071 478 2144 fide
501 2093 520 2135 a
543 2070 691 2136 Bekkero
714 2077 875 2156 receptam
898 2075 960 2157 τὴν
982 2073 1146 2157 ὑμετέραν
1168 2085 1245 2139 τῶν
1268 2085 1438 2157 σοφιστῶν
1462 2075 1581 2161 τέχνην
1603 2097 1651 2138 re·

416 2179 592 2243 iectaneam
616 2200 685 2244 csse
704 2180 904 2265 duxerimus3
927 2184 959 2244 et
977 2180 1054 2244 licet
1071 2180 1135 2245 boc
1152 2202 1247 2245 nemo
1266 2185 1375 2266 aperte
1394 2180 1519 2267 dixerit,
1542 2186 1651 2246 tamen

412 2301 490 2350 eum
513 2286 722 2356 articulorum
745 2309 840 2352 usum
864 2287 1031 2372 probabile
1055 2290 1103 2351 est
1126 2287 1274 2352 nonnihil
1297 2292 1382 2354 certe
1404 2289 1446 2353 ad
1464 2289 1650 2372 opinionem

416 2393 491 2463 falsi
518 2390 726 2459 additamenti
754 2394 938 2461 contulisse.
970 2394 1020 2458 De
1049 2415 1113 2478 quo
1141 2415 1257 2480 genere
1281 2396 1434 2481 geminati
1458 2395 1586 2460 articuli
1609 2395 1651 2460 ab

415 2499 645 2582 interpretibus
659 2501 726 2566 fere
740 2503 888 2586 neglecto
902 2500 981 2565 alibi
997 2499 1072 2585 [Op.
1086 2501 1144 2566 P.1
1158 2524 1189 2585 p.
1202 2500 1279 2582 193]
1295 2502 1394 2567 verba
1407 2503 1552 2585 fecimus,
1564 2524 1653 2567 nunc

417 2607 495 2670 satis
519 2606 581 2670 erit
604 2607 750 2690 exempla
772 2629 875 2692 pauca
897 2629 1025 2692 ponere.

463 2729 465 2740 ’
528 2723 530 2728 ’
551 2712 626 2798 Leg.
642 2713 930 2797 v11p.48‚25Bk.
955 2711 1082 2798 ἔφαμεν
1100 2717 1193 2791 τοὺς
1210 2724 1271 2780 τοῦ
1285 2717 1461 2782 Διονύσου
1475 2719 1567 2792 τοὺς
1581 2713 1652 2800 ἑξη-

630 2818 1653 2909 κοντούταςᾠδοὺςδιαφερόντωςεὐαισθήτουςὺεῖνγεγονέναι

551 2926 631 2992 Ibid.
650 2951 680 3012 p.
700 2927 753 3012 58,
771 2928 793 2991 4
838 2940 915 2995 τῶν
933 2926 969 2993 ὑὲ
990 2930 1194 3014 σπουδαίων,
1213 2931 1257 3007 ὥς
1275 2948 1369 3015 φασι,
1387 2942 1463 2997 τῶν
1481 2929 1558 3016 περὶ
1576 2954 1651 3014 τρα·

632 3036 758 3123 γῳὺιάν
781 3034 861 3119 ἡμῖν
883 3048 1040 3119 ποιητῶν,
1064 3034 1122 3102 ἐάν
1144 3036 1227 3103 ποτέ
1247 3061 1336 3114 τινες
1358 3037 1469 3105 αὐτῶν
1491 3037 1575 3122 ὑμᾶς
1599 3037 1652 3102 ἐλ-

478 3196 480 3203 ,
605 3145 753 3220 -θόντες
776 3141 1070 3227 ἐπανερωτήσωσιν

552 3248 688 3334 Republ.
707 3267 748 3315 111
766 3273 796 3334 p.
817 3249 890 3334 146,
911 3250 952 3314 12
997 3251 1018 3333 ἥ
1042 3274 1080 3334 γε
1101 3250 1283 3335 περαιτέρω
1306 3261 1530 3335 γυμναστικῆς
1553 3252 1573 3335 ἡ
1594 3273 1650 3315 πε-

632 3357 724 3441 ριττὴ
749 3356 830 3441 αὕτη
855 3355 1023 3442 ἐπιμέλεια
1045 3366 1106 3423 τοῦ
1130 3358 1281 3442 σώματος

551 3461 632 3528 Ibid.
652 3481 716 3527 VIII
733 3487 765 3548 p,
783 3464 902 3547 417,3
949 3464 986 3529 ἐν
1016 3472 1061 3552 τῷ
1085 3465 1185 3552 μύθῳ
1214 3463 1251 3541 ὃς
1278 3463 1354 3547 περὶ
1377 3466 1419 3529 τὸ
1443 3463 1481 3530 ἐν
1498 3463 1652 3551 Ἀρκαδίᾳ

633 3572 673 3635 τὸ
697 3579 757 3635 τοῦ
781 3572 866 3647 Διὸς
889 3581 948 3636 τοῦ
973 3575 1125 3637 Λυκαίου
1150 3571 1242 3657 ἱερὸν
1265 3570 1394 3654 λέγεται

553 3674 648 3765 Gorg.
667 3701 698 3762 p.
719 3678 775 3761 80,
796 3678 835 3743 11
856 3675 947 3743 Schz.
998 3678 1033 3741 τί
1058 3676 1095 3742 ὑὲ
1123 3678 1164 3760 δὴ
1192 3677 1212 3761 ἡ
1241 3680 1344 3762 σεμνὴ
1372 3677 1455 3760 αὕτη
1482 3675 1538 3741 καὶ
1565 3683 1652 3741 θαυ-

633 3787 738 3870 μαστὴ
762 3786 782 3869 ἡ
806 3793 864 3868 τῆς
885 3785 1071 3871 τραγῳδίας
1093 3786 1227 3868 ποίησις
1250 3781 1304 3867 ἐφ’
1330 3776 1594 3871 ᾧέσιιούὺααενς

378 3922 404 3962 ιο
419 3915 501 3978 quae
519 3914 714 3977 quamquam
733 3892 902 3975 perspicua
920 3894 997 3959 sunt
1015 3893 1183 3974 structura,
1201 3894 1309 3956 tamen
1323 3890 1507 3956 criticorum
1521 3891 1653 3975 ingenia

419 4004 637 4065 exercuerunt.

509 4105 630 4183 Quodsi
658 4106 759 4191 igitur
782 4103 922 4189 Hippiae
950 4104 1047 4169 verba
1073 4126 1154 4188 quae
1178 4104 1283 4188 prima
1306 4103 1437 4170 suntin
1460 4103 1523 4169 hoc
1546 4104 1651 4187 capite
1666 4119 1708 4176 1⁸

421 4238 493 4280 cum
513 4214 585 4277 aliis
603 4211 759 4296 exemplis
778 4214 848 4276 tum
866 4213 1005 4277 maxime
1020 4209 1184 4300 Symposii
1202 4211 1388 4275 testimonio
1406 4210 1518 4276 confisi
1532 4214 1564 4274 et
1577 4230 1653 4275 con·

419 4321 542 4387 firmati
555 4320 624 4383 iure
639 4318 882 4403 vindicavimus,
896 4340 1096 4402 consequens
1110 4319 1180 4399 orit,
1194 4319 1231 4380 ut
1245 4313 1402 4398 quidquid
1416 4319 1449 4381 in
1463 4318 1526 4383 hoc
1535 4338 1652 4403 genere

419 4430 574 4492 novatum
597 4427 647 4490 est
670 4447 689 4488 a
712 4425 832 4493 criticis
855 4447 955 4509 pravo
979 4424 1113 4489 consilio
1135 4423 1290 4485 novatum
1310 4439 1379 4483 esse
1397 4422 1605 4490 existimetur.

511 4529 721 4596 Subsistimus
753 4530 861 4614 inviti,
893 4531 948 4595 sed
980 4534 1163 4612 temporum
1196 4522 1354 4605 angustiis
1382 4529 1484 4591 coacti
1512 4534 1653 4613 praeter·

420 4638 581 4703 mittimus
606 4658 686 4719 quae
709 4641 874 4721 praeterea
892 4638 926 4700 in
943 4635 1097 4720 promptu
1116 4631 1208 4693 erant
1225 4625 1264 4689 ad
1283 4625 1437 4709 Hippiam
1457 4637 1654 4716 pertinentia

421 4746 479 4813 aut
500 4765 540 4807 ex
563 4742 686 4826 Hippia
708 4743 850 4807 deducta.
888 4741 976 4818 Quae
999 4740 1027 4803 si
1050 4736 1133 4801 tanti
1156 4731 1262 4796 estin
1285 4732 1380 4796 aliam
1403 4739 1604 4807 occasionem
1623 4745 1653 4811 si

420 4871 486 4934 qua
509 4848 571 4913 erit
594 4869 793 4931 reponemus.
831 4848 897 4913 Sor.
917 4870 958 4911 m.
977 4839 1148 4909 Decembri
1165 4858 1192 4901 a.
1211 4850 1373 4900 nnccclc.

929 4962 1143 4979 “-
