3967 5725
789 603 840 652 DE
859 602 977 655 0an
994 602 1125 652 FASTIS.

529 765 610 829 Esse
633 765 689 829 die
711 764 822 829 stultus
851 763 958 829 Vestae
979 764 1154 829 simuteeru
1169 765 1293 845 mede,

575 872 656 935 More
679 871 779 935 didici
801 892 894 935 eureo
915 871 1147 936 redte·sabeese
1169 870 1266 947 tb0l0;

530 962 621 1061 Iprris
644 979 846 1043 inexstinctus
868 978 978 1059 tempto
1002 978 1119 1042 celetur
1141 980 1177 1042 ire
1199 978 1262 1056 ido,

465 1106 466 1109 ’
575 1084 731 1170 Effigiem
754 1082 876 1149 nullam
899 1084 1002 1149 Vesta
1024 1106 1083 1149 nee
1105 1084 1192 1169 ignis
1214 1084 1322 1167 habet,

347 1194 403 1259 sed
439 1193 552 1257 iisdem
591 1192 686 1256 etiam
724 1191 830 1256 verbis
866 1213 1032 1275 expressas
1065 1191 1241 1256 sententias
1274 1192 1388 1255 iterare
1420 1191 1583 1275 variisque

346 1300 452 1364 modis
476 1300 587 1363 multis
611 1298 724 1363 iisdem
749 1298 854 1363 verbis
877 1298 1051 1362 artificiose
1078 1299 1224 1383 repetitis
1252 1301 1454 1362 venustatem
1484 1319 1583 1380 quen-

350 1408 424 1471 dam
461 1405 672 1470 distichorum
710 1406 938 1488 compositioni
975 1406 1148 1488 acquirere.
1208 1404 1368 1488 Exempla
1386 1460 1389 1464 .
1405 1404 1444 1468 de
1475 1403 1583 1468 Fastis

350 1513 533 1599 selegimus.

365 1639 401 1685 lv
420 1620 485 1685 363
533 1620 620 1684 Ieter
643 1622 689 1683 eit
711 1619 845 1683 adridere
871 1618 1002 1702 Cybeben
1025 1620 1165 1701 uitasque
1189 1618 1340 1684 Celaenas

577 1728 696 1791 Araris
717 1728 744 1790 it
766 1726 892 1808 tesana,
915 1728 1042 1791 neeriae
1067 1726 1189 1805 Gallus,
1213 1748 1305 1809 uode.
1493 1792 1500 1803 ,
1598 1750 1624 1790 ιο

533 1832 595 1909 oui
617 1833 702 1897 bibit
726 1833 800 1896 inde
822 1833 910 1896 furit.
929 1833 1041 1915 proeul
1063 1833 1137 1897 bine
1159 1834 1312 1911 discedite,
1334 1834 1407 1914 peis
1424 1839 1468 1897 est

580 1940 667 2005 Cera
690 1940 787 2005 boreae
810 1942 929 2005 meretis.
975 1938 1039 2015 Qui
1062 1940 1147 2004 bibit
1169 1940 1243 2003 inde
1266 1940 1354 2004 furit.

377 2047 504 2131 11235,
533 2046 608 2112 Una
632 2048 699 2112 dies
722 2047 842 2111 Fabios
864 2047 909 2111 ed
930 2047 1043 2111 bellree
1066 2049 1195 2111 miseret
1217 2066 1337 2111 omnes:
1443 2062 1447 2071 ·

578 2156 634 2219 Ad
657 2154 768 2219 bellura
792 2156 903 2219 masos
919 2155 1065 2235 perdidit
1086 2176 1151 2217 una
1174 2154 1250 2218 dies.

366 2281 403 2326 1v
422 2262 488 2327 483
535 2262 656 2343 Perque
678 2264 758 2326 eires
781 2262 870 2326 modo
895 2260 1112 2343 ‘Persephone'
1137 2260 1227 2325 modo
1251 2258 1349 2341 ‘fitia’
1372 2261 1495 2344 deind,

581 2368 710 2433 Clamet
733 2371 765 2433 et
789 2368 920 2433 alternis
943 2389 1063 2432 nomen
1084 2371 1256 2451 utrumque
1280 2366 1351 2431 ciet.

534 2476 599 2541 Sed
620 2497 716 2557 aeque
739 2476 933 2558 Persephone
959 2473 1098 2539 Cererem
1121 2495 1176 2539 nee
1197 2474 1269 2557 filie
1292 2480 1423 2539 matrem

502 2568 504 2571 ⁵
579 2584 683 2647 Audit
706 2586 738 2646 et
763 2584 895 2646 alternis
918 2604 1036 2647 nomen
1060 2585 1232 2665 utrumque
1255 2581 1347 2664 perit.

367 2710 404 2754 lv
423 2691 488 2755 543
535 2690 618 2754 Tota
640 2689 754 2754 domus
779 2691 861 2754 laete
884 2695 934 2768 est,
958 2690 1014 2754 boe
1036 2696 1080 2754 est
1102 2695 1258 2770 materque
1273 2694 1425 2770 paterque

579 2797 734 2878 Notaque.
758 2802 818 2862 tres
841 2796 892 2862 itti
914 2801 986 2862 tote
1007 2798 1095 2878 fuere
1118 2796 1240 2861 domus.
1599 2820 1626 2858 ro

368 2923 404 2968 lv
424 2905 487 2968 331
534 2903 610 2969 Nox
632 2905 755 2968 aderat:
779 2927 902 2989 querno
925 2906 1066 2990 religant
1088 2905 1123 2968 in
1145 2904 1258 2988 stipite
1281 2893 1403 2987 funem,'

579 3011 729 3093 Dareique
751 3012 810 3076 levi
832 3033 939 3076 somno
962 3032 1091 3093 corpora
1111 3013 1222 3092 fauete
1244 3011 1317 3075 eibo.

536 3118 607 3182 Lux
631 3119 753 3183 aderat:
777 3140 899 3202 querno
923 3118 1055 3183 solvunt
1077 3141 1096 3180 a
1119 3117 1229 3201 stipite
1252 3119 1371 3200 funem,

536 3241 538 3244 ·
581 3227 664 3290 Arete
687 3231 791 3290 temere
807 3228 911 3307 posito
934 3232 1008 3290 turo
1031 3226 1139 3290 dedere
1159 3226 1234 3305 foeo.
1296 3286 1299 3292 .

369 3351 406 3396 1v
428 3331 491 3396 135
537 3330 644 3396 Aurea
667 3354 845 3396 marmoreo
869 3332 1058 3396 redimicula
1081 3333 1196 3396 solvite
1219 3333 1312 3415 eollo,

581 3439 706 3504 Demite
729 3440 875 3504 divitius:
900 3445 973 3504 totu*
986 3440 1127 3503 luouado
1150 3439 1208 3502 deo
1231 3445 1282 3503 est.

538 3545 646 3610 Aurea
670 3547 788 3610 siooato
812 3545 1001 3610 redimicula
1023 3545 1148 3610 reddite
1172 3546 1268 3610 eollo:

581 3653 677 3718 Nure
699 3653 759 3717 etii
781 3653 881 3734 (iores,
904 3673 987 3717 eoae
1010 3673 1091 3717 eoru
1115 3653 1224 3717 dende
1247 3673 1321 3717 rose
1342 3659 1393 3717 est.

340 3759 585 3826 ·Of.1v215s.

367 3868 490 3931 111723
536 3867 615 3931 Eeee
638 3868 710 3932 libet
731 3867 847 3932 subdes
862 3867 965 3948 pisces
989 3867 1210 3949 Tyrrhenaque
1233 3873 1372 3931 monstra
1601 3885 1627 3928 ro

581 3973 695 4038 Dicere
717 4011 761 4020 -
784 3974 838 4038 sed
860 3993 923 4037 reon
946 3979 990 4036 est
1013 3973 1162 4037 carminis
1185 3973 1282 4037 huius
1305 3995 1394 4056 opus.

539 4080 697 4145 Carminis
720 4080 816 4144 huius
841 4103 922 4163 opus
946 4100 1060 4144 meses
1082 4101 1238 4161 exponere,
1261 4100 1358 4161 quere
1379 4117 1423 4125 —

299 4191 336 4246 21
383 4207 405 4251 v
425 4189 489 4253 681
538 4187 645 4252 Ablue
667 4189 834 4270 praeteriti
850 4188 1000 4268 periurio
1022 4189 1180 4267 temporis,
1204 4188 1319 4267 inquit,

582 4293 688 4359 Ablue
712 4295 902 4378 praeteritae
920 4295 1047 4377 perfido
1071 4293 1162 4357 verbe
1185 4294 1243 4357 dte.

370 4403 468 4466 v116
699 4424 738 4465 ex
760 4401 826 4465 illis
848 4402 904 4466 sed
926 4408 1031 4465 tumere
1053 4423 1118 4463 una
1140 4399 1211 4462 fuit.

538 4508 590 4572 Ex
614 4508 680 4572 illis
702 4508 766 4572 fuit
788 4530 860 4586 una,
883 4510 935 4572 sui
954 4527 1109 4590 pererrem
1131 4506 1249 4570 meriti.

370 4634 407 4678 vl
428 4615 491 4680 155
539 4614 691 4680 Protinus
714 4614 846 4679 arbutea
862 4620 965 4696 postes
987 4619 1038 4678 ter
1060 4617 1096 4678 ire
1119 4614 1229 4678 ordine
1250 4614 1353 4695 terruit

584 4721 719 4806 Fronde,
743 4726 793 4786 ter
816 4721 949 4787 arbutea
972 4722 1088 4786 limiae
1110 4719 1224 4785 fronde
1247 4725 1342 4785 dotet.

353 4828 432 4895 Non
455 4833 531 4894 sunt
553 4829 632 4893 haee
656 4829 764 4893 omnia
787 4828 931 4892 eiusdem
955 4829 1091 4912 generis,
1114 4829 1314 4912 possuntque
1340 4826 1460 4890 similia
1487 4825 1590 4888 multa
