3967 5725
359 667 410 718 DE
420 665 564 718 annm
574 663 730 727 QUODAM
737 661 892 714 moerim
901 662 1054 714 amors
1063 661 1299 726 somnisque
1307 663 1505 716 ommium.
1524 659 1591 726 433

358 830 445 893 recte
463 848 533 890 eam
552 824 777 889 intellexisset:
796 845 872 889 nam
890 824 958 888 noli
976 821 1105 888 credere
1123 845 1178 888 eos
1197 823 1253 908 qui
1272 827 1408 908 taceant,
1426 846 1491 909 quo
1509 824 1593 890 nihil

358 938 429 1001 eret
450 934 569 1016 tutius,
597 932 849 1018 perspicaciores
871 930 972 996 fuisse
993 930 1035 996 iis
1059 930 1115 1014 qui
1138 930 1217 996 olim
1239 931 1362 996 frustra
1384 952 1418 997 se
1442 932 1592 1016 expedire

358 1041 554 1109 laborarunt.

448 1147 562 1232 Nuper
584 1147 681 1213 aliam
699 1146 785 1212 viem
806 1146 882 1212 iniit
899 1145 1071 1229 Usensrus,
1094 1147 1145 1211 vir
1160 1146 1197 1211 in
1214 1146 1266 1211 bis
1282 1146 1401 1211 litteris
1420 1145 1592 1230 primarius

359 1259 392 1322 et
425 1276 520 1339 quem
552 1276 612 1320 nos
644 1255 754 1339 magni
780 1255 917 1320 facimus
944 1275 982 1320 aa
1010 1253 1182 1340 diligimus.
1231 1251 1265 1319 Is
1291 1254 1393 1340 igitur
1420 1254 1454 1318 in
1482 1275 1592 1319 museo

360 1361 525 1446 lthensno,
549 1362 602 1427 cui
618 1382 705 1425 nunc
724 1382 797 1426 eum
816 1360 1012 1426 Buechelero
1031 1365 1166 1446 proeest,
1188 1360 1251 1427 rol.
1267 1377 1326 1424 nm
1343 1357 1462 1448 (1901)
1480 1384 1511 1446 p.
1527 1361 1592 1426 312

359 1468 401 1534 sd
423 1470 510 1534 huno
532 1470 639 1534 locum
663 1469 797 1552 deletus,
820 1489 893 1534 cum
917 1468 1115 1554 intelligeret
1137 1489 1157 1532 a
1179 1468 1400 1552 superioribus
1423 1468 1506 1533 nihil
1524 1489 1593 1533 esse

359 1575 559 1642 emendando
586 1578 643 1640 aut
669 1574 910 1660 interpretando
941 1575 1104 1658 effectum,
1136 1579 1173 1640 ut
1200 1574 1297 1639 verbe
1323 1574 1365 1638 ad
1391 1574 1593 1660 probabilem

358 1703 490 1750 sensnm
512 1687 685 1766 revocaret,
708 1683 781 1748 Iooe
798 1679 843 1768 (h.
858 1705 885 1747 e.
903 1679 1023 1768 Iovem)
1045 1703 1106 1767 pro
1125 1682 1199 1748 Iove
1220 1682 1333 1767 reponi
1356 1683 1461 1767 iussit,
1481 1686 1514 1748 et
1531 1682 1594 1748 hoo

360 1810 461 1877 genus
480 1790 700 1876 interrogandi
722 1790 788 1871 ero
805 1789 933 1855 Ionem?
956 1789 1113 1874 exemplis
1131 1790 1279 1874 pluribus
1299 1790 1483 1874 illustravit,
1505 1790 1595 1855 velut
1608 1816 1634 1859 rr

359 1897 540 1964 Horatiano
577 1897 643 1979 Quo
669 1896 750 1961 111111
774 1897 938 1978 fertonem
963 1898 993 1962 si
1019 1917 1084 1963 non
1109 1899 1286 1963 macedinrr
1306 1899 1355 1962 111
1387 1901 1419 1962 et
1448 1897 1488 1962 iis
1511 1918 1594 1981 quse

359 2005 514 2070 Heinsius
537 2003 701 2090 congessit
723 2003 764 2068 ed
782 2001 890 2068 Ovidii
909 2002 1040 2068 Heroid
1059 2003 1157 2069 1153.
1194 2002 1318 2080 Quibus
1341 2003 1457 2070 addere
1474 2003 1595 2069 licebat

324 2112 448 2197 tquod
476 2133 493 2177 s
516 2109 661 2176 Varrone
687 2109 815 2175 Nonius
842 2112 1002 2195 excerpsit
1029 2133 1059 2194 p.
1082 2109 1190 2194 100,4
1222 2112 1287 2193 Quo
1314 2112 1394 2177 mihi
1421 2131 1544 2178 mensos
1565 2112 1596 2178 11

360 2220 507 2285 domitio
543 2218 678 2284 toditem:
715 2218 762 2282 sic
793 2217 891 2300 enim,
927 2222 1092 2302 putamus,
1129 2222 1215 2283 reete
1247 2218 1348 2283 edidit
1379 2217 1595 2284 Buechelems

361 2324 561 2413 (1111588)
595 2325 682 2409 quod
714 2329 763 2389 est
792 2325 878 2409 apud
904 2324 1050 2390 Nonium
1081 2325 1160 2408 qnid
1186 2323 1266 2390 mibi
1291 2345 1398 2391 sermm
1425 2325 1594 2410 (sormms);

359 2433 402 2497 ad
426 2431 622 2515 eandemque
650 2432 806 2496 orationis
834 2432 972 2496 formam
999 2432 1134 2496 redeunt
1157 2431 1254 2496 etiam
1277 2431 1356 2496 haec
1382 2432 1469 2516 epud
1491 2431 1595 2498 Hora·

361 2543 444 2605 tium
472 2537 735 2627 (sst.117,116)
762 2540 847 2604 ande
873 2539 953 2604 mibi
979 2539 1141 2622 lapidem?
1170 2541 1252 2604 nnde
1277 2539 1432 2620 sumam?
1479 2537 1595 2616 Quam·

362 2667 460 2731 quam
488 2647 641 2730 pleraque
668 2646 738 2710 eius
765 2645 855 2710 modi
881 2648 1029 2731 exemplo
1056 2643 1178 2729 aliquid
1200 2646 1325 2731 proprii
1346 2645 1481 2730 habent,
1508 2645 1595 2729 quod

360 2755 454 2819 abest
476 2775 495 2816 a
517 2756 643 2836 nostro,
670 2757 777 2818 tamen
799 2775 865 2818 non
888 2753 1125 2837 intercedimus,
1153 2754 1325 2837 quominus
1348 2752 1492 2835 Lesbos,
1522 2774 1595 2818 cum

362 2862 425 2926 hoo
448 2861 578 2945 diceret,
600 2859 721 2925 nullius
744 2882 822 2926 usus
845 2882 915 2927 esse
938 2863 972 2926 in
994 2862 1056 2927 hae
1078 2882 1113 2926 re
1136 2861 1254 2942 Iovem,
1278 2861 1312 2926 id
1334 2862 1397 2927 iste
1419 2863 1595 2947 interroga·
1609 2885 1636 2927 ro

361 2968 450 3033 tione
484 2968 690 3053 expresserit:
727 2968 792 3050 ero
815 2968 942 3034 Iovem?
987 2969 1111 3034 Verum
1142 2972 1251 3033 temen
1283 2969 1329 3033 ite
1361 2969 1531 3050 sentimus,
1564 2971 1596 3033 et
1666 3024 1670 3031 .

362 3094 529 3159 speramus
552 3074 614 3140 hoc
636 3098 696 3141 nos
718 3074 863 3141 Usenero
885 3096 1106 3160 persuasores,
1130 3076 1242 3140 scitius
1266 3077 1362 3140 etiam
1387 3098 1482 3159 quam
1505 3080 1595 3160 puta-

362 3183 418 3247 bet
445 3204 515 3248 esse
544 3181 713 3247 consilium
738 3182 904 3267 scriptoris
932 3188 965 3247 et
991 3182 1025 3247 id
1055 3182 1167 3267 quavis
1191 3184 1368 3246 mutatione
1397 3183 1430 3245 in
1454 3182 1595 3246 deterius

362 3289 490 3354 mutari.
528 3288 621 3365 Quod
643 3294 682 3353 ut
703 3293 790 3355 recte
811 3288 1017 3374 percipiatur,
1040 3289 1180 3373 primum
1201 3288 1429 3353 attendendum
1449 3292 1507 3371 est,
1529 3285 1596 3351 Sei-

362 3399 493 3482 pionem
516 3417 589 3461 oum
613 3396 660 3466 ito
682 3396 768 3461 dicat
791 3396 945 3462 Imitabor
966 3416 1036 3479 erpo
1059 3396 1198 3461 Aratum
1220 3396 1275 3477 qni
1299 3396 1426 3477 mapnne
1448 3395 1597 3460 derebus

362 3505 463 3569 dicere
488 3503 653 3569 exordiens
680 3525 701 3567 a
728 3503 801 3569 Iooe
826 3504 1041 3585 incipiendam
1064 3508 1161 3585 potat
1185 3502 1249 3569 hoc
1275 3502 1416 3568 voluisse
1444 3500 1549 3589 ‘Ergo
1578 3524 1596 3567 a

361 3609 447 3693 Iove,
470 3615 508 3674 ut
529 3611 651 3675 Aratus
673 3610 761 3694 feeit,
783 3608 1001 3695 incipiamus’
1042 3608 1103 3674 aui
1126 3630 1198 3675 oum
1221 3609 1353 3674 subiicit
1375 3608 1503 3674 Laelius
1531 3610 1596 3690 Qno

363 3718 459 3782 Ione?
481 3739 548 3782 non
571 3717 698 3801 quaerit
720 3717 760 3783 de
782 3717 890 3783 nescio
915 3739 978 3800 qua
1003 3716 1158 3801 qualitate
1181 3716 1282 3799 Iovis,
1305 3718 1360 3781 sed
1382 3718 1445 3782 hoe
1467 3716 1596 3799 indicet,

362 3846 428 3889 non
451 3846 521 3889 esse
539 3824 658 3908 Iovem,
680 3844 700 3887 a
723 3846 787 3908 quo
811 3824 844 3888 in
867 3824 928 3888 hac
951 3823 1169 3909 disputatione
1193 3824 1422 3889 exordiendum
1441 3823 1595 3888 rideatur.

365 3932 593 4014 ‘Marspiter
615 3931 680 3996 loos
701 3951 763 3996 mre
784 3932 943 4014 bepinnen.
982 3934 1009 3995 Γ
1035 3932 1113 3997 Was
1132 3932 1189 4013 fiir
1211 3932 1310 3996 einem
1332 3930 1497 4013 eritert'
1539 3929 1637 3995 ’Ense

363 4040 448 4115 Διὸς
471 4039 682 4123 ἀρχώμεσθα.
711 4041 739 4101 Γ
765 4040 874 4103 Ποίου
894 4041 991 4117 Aesim
1021 4036 1192 4103 Neminem
1214 4038 1378 4122 putaveris
1401 4037 1480 4103 haee
1498 4058 1596 4121 prave

363 4145 612 4211 intellecturum.
649 4142 713 4209 Sed
732 4144 770 4209 de
787 4142 915 4211 Graecis
934 4144 1019 4209 infra
1038 4144 1206 4210 dicendum
1226 4145 1295 4209 erit.
1332 4149 1458 4210 Interea
1472 4143 1597 4209 Cicero-

363 4272 438 4316 nem
458 4250 621 4316 Ciceronis
644 4253 791 4336 exemplo
811 4252 1018 4318 vindicemus.
1056 4251 1117 4328 Qui
1139 4273 1211 4316 eum
1230 4252 1276 4316 ita
1294 4251 1407 4316 scribit
1425 4252 1459 4316 in
1477 4250 1597 4318 Tuscu·

363 4357 446 4423 lenis
471 4358 747 4442 disputationibus
770 4357 978 4446 144,105*)

452 4550 590 4623 ’31)[Ει
613 4551 715 4606 iisdem
737 4551 767 4605 in
790 4552 974 4606 adnotatione
997 4551 1138 4606 afferimus
1162 4567 1235 4621 quae
1257 4551 1294 4606 ad
1317 4552 1394 4606 idem
1412 4568 1501 4623 genus
1520 4554 1596 4607 reete

363 4639 463 4695 referri
480 4640 612 4696 sidentur
629 4646 751 4705 121Αὸ
769 4643 840 4696 soleo
857 4658 937 4710 saepe
955 4642 1055 4696 mirari
1072 4643 1269 4697 nonnollornm
1287 4642 1461 4697 insolentiam
1475 4642 1596 4712 pbiloso-

359 4730 480 4800 phorum
509 4731 558 4799 qoi
584 4737 703 4785 notnroe
729 4731 909 4800 repetitionem
936 4731 1114 4786 admiranter
1136 4732 1246 4800 eiusque
1269 4730 1406 4787 inventori
1428 4738 1455 4787 et
1471 4730 1598 4802 prinm'pi

364 4821 472 4889 pretias
485 4820 651 4876 1111111111
664 4826 753 4891 apsent
764 4836 876 4887 emnque
889 4827 1055 4876 manner
1067 4827 1100 4875 nt
1113 4821 1206 4875 deam
1220 4820 1348 4876 liberatos
1362 4822 1434 4876 enim
1442 4838 1527 4891 seper
1536 4838 1597 4875 eom

365 4906 463 4964 ammi
474 4910 645 4979 pravissimis
658 4910 786 4977 dominis,
800 4914 900 4964 terrore
912 4910 1074 4979 sempiterno
1088 4917 1114 4965 et
1126 4910 1228 4965 diurno
1243 4927 1276 4966 ac
1289 4916 1422 4967 nocnnno
1435 4917 1515 4967 orem.
1537 4910 1597 4981 ouo

419 5007 547 5048 Vshlsnl
560 5007 671 5057 opuscula
684 5008 716 5047 11
1348 5004 1382 5053 28
