3967 5725
473 636 525 685 DE
541 636 678 686 somus
695 635 909 698 QUIBUSDAM
926 636 1151 686 SENTENTIAE
1170 636 1456 688 COMPARATIVAE.
1523 634 1586 700 195

514 796 612 880 τέρας
634 797 698 880 γάρ
721 796 741 861 ὁ
763 799 837 878 βίος
858 797 913 860 καὶ
936 798 977 860 τά
999 795 1163 880 πράγματ’
1190 795 1262 862 ε’στί
1282 823 1355 881 μοι,

513 906 554 968 τά
575 900 638 984 μὲν
660 901 713 967 δι’
726 899 851 987 Ἥραν,
872 904 914 966 τά
936 899 975 967 δὲ
997 904 1035 967 τὸ
1057 903 1179 979 κάλλος
1201 910 1322 970 αίτιον·

512 1008 578 1075 εἶθ’
607 1007 873 1092 ε’ξαλειφθείσ
901 1009 951 1085 ὡς
972 1008 1110 1094 ἄγαλμ’
1137 1005 1240 1087 αὖθις
1262 1011 1364 1076 πάλιν

512 1125 644 1200 αίσχιον
666 1109 757 1192 ελδος
777 1114 853 1180 ἀντὶ
875 1125 937 1180 τοῦ
959 1123 1064 1181 καλοῦ
1080 1115 1204 1201 ’λαβον

351 1230 453 1290 semet
474 1225 634 1310 extergeri
652 1224 743 1306 cupit
759 1228 925 1306 tamquam
942 1223 1102 1307 picturum
1121 1229 1159 1289 ut
1176 1224 1354 1309 turpiorem
1371 1247 1432 1310 pro
1451 1225 1587 1310 pulchre

351 1332 490 1417 speciem
510 1332 723 1396 nanciscatur.
761 1329 951 1414 Supplicum
975 1330 1092 1395 choms
1116 1330 1163 1395 ita
1186 1333 1273 1396 canit
1295 1331 1335 1396 de
1358 1354 1391 1396 se
1414 1329 1511 1418 (961)

511 1439 663 1503 δυσαίων
685 1435 715 1501 δ’
742 1436 761 1500 δ
783 1439 871 1519 βίος,

510 1546 688 1627 πλαγκτὰ
710 1542 740 1608 δ’
768 1545 863 1608 ὡσεί
882 1568 942 1621 τις
963 1543 1110 1628 νεφέλα

510 1653 745 1735 πνευμάτων
766 1650 842 1715 ὑπὸ
866 1652 1070 1735 δυσχίμων
1093 1651 1230 1736 ἀίσσω,

350 1781 433 1843 quae
449 1759 546 1824 focile
562 1762 713 1842 poterant
729 1760 890 1843 integram
909 1757 1160 1842 comparationis
1177 1759 1315 1825 formam
1333 1761 1473 1845 induere,
1498 1761 1585 1827 velut
1600 1787 1626 1828 ιο

350 1867 395 1941 ὡς
416 1887 449 1930 π.
472 1865 597 1950 νεφέλα
623 1865 822 1949 πνευμάτων
848 1866 914 1930 ὑπὸ
943 1867 1115 1949 δυσχίμων
1142 1865 1265 1948 ἀίσσει,
1292 1868 1339 1931 sic
1360 1889 1421 1953 ego
1445 1867 1584 1933 miseriis

349 1976 471 2037 vexata
492 1994 605 2058 vagor3
631 1993 719 2036 nunc
745 1971 803 2036 illa
830 1975 995 2038 contracta
1022 1994 1119 2055 quam
1148 1972 1284 2037 dicimus
1311 1975 1436 2038 ratione
1467 1973 1585 2038 chorus

350 2102 432 2163 quae
458 2079 555 2143 nubis
584 2081 717 2143 suntin
743 2101 778 2143 se
805 2079 980 2143 transtulit.
1017 2075 1056 2142 In
1079 2077 1215 2144 Troasin
1238 2079 1466 2146 Andromacha
1488 2079 1585 2168 (750)

510 2183 537 2251 ὦ
559 2199 635 2269 παῖ,
658 2187 826 2271 δακρύεις;

509 2295 545 2357 τί
564 2319 633 2377 μου
655 2292 811 2376 δέδραξαι
833 2294 926 2376 χερσλ
949 2292 1100 2376 κάντέχει
1122 2293 1272 2376 πέπλων,

510 2403 677 2477 νεοσσὸς
699 2398 792 2488 ὡσεζὶ
813 2400 1012 2484 πτέρυγας
1034 2402 1250 2466 είσπίτνων
1272 2399 1380 2485 ἐμάς,

350 2530 447 2592 quam
471 2508 744 2592 comparationem
765 2507 892 2591 plenius
916 2507 1008 2573 effert
1030 2506 1163 2594 Megara
1185 2509 1221 2572 in
1238 2505 1378 2572 Hercule
1397 2508 1437 2572 'il
1449 2531 1495 2592 sq.
1533 2509 1585 2574 Ex

348 2613 523 2682 Plutarcho
542 2637 645 2698 pauca
662 2615 702 2678 de
719 2615 832 2678 multis
851 2636 933 2698 quae
951 2614 1051 2680 habet
1068 2615 1186 2679 similia
1200 2616 1385 2699 selegimus:
1403 2615 1442 2680 ds
1457 2616 1585 2681 defectu

349 2742 431 2786 orac.
446 2741 472 2786 c.
486 2721 507 2786 8
521 2743 551 2805 p.
566 2721 659 2787 4140

483 2827 570 2894 οὕτω
588 2830 663 2893 τότε
681 2832 834 2894 πλείοσιν
851 2827 969 2914 ἐχρῆτο
988 2839 1117 2914 φωναῖς
1131 2830 1214 2915 πρὸς
1227 2829 1416 2913 πλείοναςή
1431 2834 1582 2915 μαντική,
1597 2856 1624 2898 ιο

528 2945 594 3000 νῦν
616 2933 654 3001 δὲ
676 2937 874 3001 τούναντίον
892 2933 961 3003 ἔδει
979 2938 1165 3019 θαυμάζειν
1183 2938 1242 3002 τὸν
1259 2940 1353 3021 θεόν,
1372 2940 1403 3003 εί
1418 2939 1583 3022 περιεώρα

527 3045 589 3126 τήν
607 3044 769 3126 μαντικήν
788 3042 990 3128 ἀχρήστως
1009 3045 1125 3127 δίκην
1143 3043 1287 3120 ὕδατος
1306 3042 1582 3129 ἀπορρέουσαν

529 3150 548 3233 ἢ
571 3152 748 3235 καθάπερ
773 3151 812 3214 αλ
834 3150 973 3236 πέτραι
997 3149 1196 3233 ποιμένων
1215 3148 1257 3215 ἐν
1276 3149 1416 3237 έρημίμ
1434 3148 1498 3216 καὶ
1517 3154 1582 3233 βο-

528 3259 736 3341 σκημάτων
759 3268 911 3342 φωναῖς
932 3257 1194 3340 ἀντηχοῦσαν.

348 3364 423 3428 Duo
441 3366 535 3449 ponit
552 3364 707 3449 exempla,
725 3385 863 3448 quorum
882 3365 944 3429 hoc
962 3365 1108 3447 alterum,
1127 3363 1215 3448 quod
1228 3364 1289 3447 τήν
1303 3365 1464 3448 μαντικήν
1478 3365 1582 3449 ipsam

347 3475 386 3534 ut
409 3494 486 3536 saxa
508 3473 542 3535 in
565 3471 738 3536 solitudine
761 3476 928 3555 pastorum
952 3475 984 3535 et
1006 3472 1132 3555 pecoris
1154 3470 1289 3536 vocibus
1308 3476 1510 3537 resonantem
1529 3494 1583 3556 ap-

347 3578 458 3662 pellat,
480 3578 632 3644 audacius
655 3578 810 3661 videatur,
833 3577 889 3642 sed
906 3579 989 3642 ratio
1010 3577 1136 3642 dicendi
1154 3577 1265 3641 eadem
1282 3580 1340 3642 est.
1378 3572 1582 3663 simpliciora

348 3689 426 3751 sunt
447 3685 535 3770 haec,
558 3686 596 3749 de
620 3685 725 3751 cohib.
744 3687 792 3750 ira
809 3706 835 3751 c.
857 3686 899 3750 10
917 3708 947 3769 p.
966 3683 1065 3748 458d

482 3790 537 3856 καὶ
559 3794 642 3877 πρὸς
665 3795 797 3878 ἀμυναυ
820 3792 886 3875 ἅμα
910 3802 1044 3857 σκοπῶν
1066 3792 1126 3856 τὸν
1145 3789 1189 3856 δι’
1213 3791 1315 3875 ὀργῆς
1332 3795 1458 3876 τρόπον
1477 3794 1581 3876 ἀπρα-

526 3924 607 3965 κτον
635 3900 778 3984 εὑρίσκω
806 3902 846 3964 tol
874 3900 996 3983 πολλά,
1028 3900 1172 3984 δήγμασι
1199 3903 1318 3984 χειλῶν
1345 3899 1400 3963 καλ
1427 3902 1582 3983 πρίσεσιν
1596 3925 1623 3965 ιο

527 4007 676 4072 ὀδόντων
698 4006 753 4071 καὶ
776 4019 887 4084 κεναῖς
910 4006 1104 4092 ἐπιδρομαῖς
1126 4004 1181 4071 καλ
1204 4006 1428 4090 βλασφημίαις
1446 4004 1582 4083 ἀπειλὰς

527 4112 690 4195 ἀνοήτους
719 4111 874 4197 ἐχούσαις
900 4114 1237 4195 καταναλισκόμενον,
1270 4104 1344 4177 εἶθ’
1380 4112 1508 4196 ὥσπερ
1541 4112 1582 4177 ἐν

527 4230 610 4296 τοῖς
630 4221 792 4305 δρόμοις
809 4221 855 4285 τά
871 4221 1012 4285 παιδία
1026 4227 1076 4308 τῷ
1086 4221 1135 4303 μή
1149 4230 1308 4303 κρατεῖν
1323 4216 1473 4284 ἑαυτῶν
1487 4239 1581 4299 προ·

526 4329 821 4392 καταπίπτοντα
843 4335 913 4392 τοῦ
936 4324 1075 4403 τέλους
1099 4324 1155 4410 ἐφ’
1183 4326 1201 4392 δ
1226 4326 1388 4391 σπεύδει
1408 4327 1580 4408 γελοίως.

346 4431 397 4497 De
420 4432 605 4499 curiositate
630 4455 654 4498 c.
674 4434 696 4497 9
714 4456 745 4517 p.
764 4433 862 4499 5191}

294 4555 333 4611 16
481 4538 544 4606 κάν
572 4539 592 4624 ἢ
621 4542 724 4622 λόγου
748 4542 841 4618 τινὸς
864 4541 1055 4625 ἀπορρήτου
1077 4541 1242 4623 παρόντος
1264 4537 1285 4622 ἣ
1307 4537 1455 4623 πράξεως
1478 4555 1581 4606 σπου-

527 4648 623 4724 δαίας
644 4645 885 4733 περαινομένης
908 4647 991 4732 ἀνὴρ
1013 4646 1262 4730 πολυπράγμων
1280 4644 1435 4733 ἐπιφανῇ,
1458 4648 1581 4712 καθά-

526 4776 599 4838 περ
623 4756 724 4833 όφον
746 4761 867 4839 γαλής
889 4753 1223 4839 παραδραμούσης
1245 4758 1432 4836 αἴρουσιν
1455 4752 1496 4819 ἐκ
1515 4752 1581 4835 μέ-

528 4877 599 4927 σου
621 4864 685 4927 καλ
708 4860 1043 4947 ἀποκρύπτουσιν.

1315 4964 1366 5017 13*
