3967 5725
809 622 859 672 DE
872 621 1052 673 Pusroms
1066 621 1212 673 eonem.
1612 615 1634 681 9

396 786 439 849 de
463 784 588 871 origine
613 788 646 849 et
669 782 860 869 cognatione
883 782 973 849 vocis
996 783 1239 867 perstrinxisse,
1264 803 1361 867 qnam
1385 780 1634 847 exhauriendam

396 895 438 955 ut
472 912 531 975 par
563 894 613 956 est
643 888 856 975 relinquimus
888 890 928 955 iis
961 890 1018 974 qui
1049 889 1193 974 πέλαγος
1222 888 1407 975 linguarum
1439 888 1635 954 emetiuntur

397 997 561 1082 intrepidi.
597 995 668 1062 Nos
696 997 758 1061 hac
779 996 900 1061 leviore
924 996 1041 1081 cymba
1062 1018 1120 1081 per
1142 997 1247 1080 ripam
1268 999 1417 1080 repentes
1441 996 1634 1081 quaerimus,

398 1104 486 1189 quod
511 1106 648 1169 alterum
672 1107 753 1187 erat,
781 1102 860 1188 quid
884 1102 976 1169 Plato
1000 1102 1168 1189 scripsisse
1189 1102 1337 1168 rideatur
1359 1107 1393 1169 et
1414 1102 1448 1167 id
1471 1102 1635 1188 quomodo

397 1210 621 1296 accipiendum
653 1210 704 1275 sit
753 1206 852 1275 cuius
884 1210 988 1274 oratio
1021 1210 1062 1275 ad
1096 1208 1231 1294 Sauppii
1264 1214 1402 1275 mentem
1436 1210 1637 1276 conformata

396 1317 483 1383 nihil
503 1316 602 1383 habet
625 1316 779 1382 nimirum
803 1318 890 1400 quod
912 1317 1115 1402 vituperetur
1132 1320 1189 1382 aut
1212 1316 1362 1381 offendat.
1403 1315 1467 1381 Sed
1490 1337 1555 1381 non
1573 1317 1635 1381 hoo

399 1425 521 1513 agitur,
548 1445 661 1489 verum
690 1422 772 1489 illud
798 1424 908 1507 potius
936 1445 1002 1508 quo
1029 1425 1100 1488 inre
1127 1424 1306 1508 antiquitus
1334 1425 1496 1508 scriptura
1517 1423 1637 1489 tradita

398 1532 636 1597 emendatorem
663 1551 795 1615 poscere
823 1531 1034 1595 existimetur.
1076 1529 1171 1607 Quod
1192 1553 1252 1595 nos
1275 1531 1354 1595 olim
1376 1530 1559 1617 negandum
1578 1552 1635 1615 pu-

398 1639 538 1705 tavimus
571 1637 789 1721 disputatione
822 1638 909 1702 edita
940 1659 966 1703 a.
998 1636 1137 1725 lew),
1169 1662 1189 1703 a
1221 1635 1363 1723 Snuppio
1397 1641 1430 1702 et
1461 1662 1481 1703 a
1513 1637 1635 1720 ceteris,

400 1744 556 1811 Sohauzio
585 1766 713 1829 quoque
741 1744 776 1809 in
797 1742 947 1829 Platone,
974 1743 1122 1830 neglecta
1148 1748 1204 1810 aut
1225 1745 1401 1829 repudiata.
1442 1744 1504 1810 Est
1526 1748 1634 1809 autem
1649 1770 1678 1810 ιο

399 1852 519 1936 duplex
542 1852 677 1918 offensio
702 1872 782 1936 quae
802 1850 980 1937 Sauppium
1004 1853 1115 1936 movit,
1138 1855 1195 1937 qui
1213 1853 1354 1936 primum
1372 1853 1559 1917 criminatus
1577 1856 1636 1935 est,

398 1952 421 2043 ᾗ
440 1980 620 2044 pronomen
639 1958 727 2042 quod
745 1980 812 2024 non
829 1964 942 2043 posset
959 1982 1026 2025 non
1044 1959 1085 2025 ad
1104 1960 1233 2025 τούτων
1251 1970 1320 2024 τῶν
1337 1961 1447 2026 λίθοιν
1465 1959 1636 2043 pertinere,

398 2070 508 2131 tamen
529 2065 591 2130 hac
608 2065 713 2130 forma
731 2064 772 2129 ad
790 2086 828 2130 ea
845 2066 943 2131 verba
960 2065 1073 2131 referri
1092 2088 1157 2132 non
1176 2087 1284 2149 posse;
1308 2065 1423 2131 deinde
1441 2077 1509 2130 τῶν
1527 2067 1636 2132 λίθων

399 2174 488 2238 τινά
515 2173 673 2237 absonum
701 2192 769 2237 esse
797 2174 832 2237 in
859 2172 921 2239 hae
948 2173 1108 2238 sententia
1130 2174 1183 2238 cui
1205 2173 1300 2237 unice
1323 2172 1509 2237 conveniret
1531 2176 1565 2237 et
1588 2194 1636 2237 ss·

398 2279 562 2345 tisfaoerct
588 2278 622 2343 id
650 2278 737 2363 qnod
763 2280 988 2364 insequeretur
1015 2281 1076 2363 τὴν
1098 2278 1246 2364 ἀρίστην.
1284 2278 1428 2356 Quorum
1450 2280 1532 2345 illud
1554 2280 1636 2344 elios

399 2408 529 2471 quoque
552 2385 699 2471 advertit,
724 2386 779 2470 qui
803 2408 867 2470 quo
892 2390 1125 2453 sustentaretur
1144 2390 1314 2471 structura,
1337 2408 1376 2450 ex
1395 2378 1416 2473 ᾖ
1434 2391 1491 2451 ant
1509 2378 1562 2463 αἷς
1580 2392 1638 2451 aut

399 2494 438 2558 αἵ
459 2493 661 2559 efficiendum
683 2497 847 2577 putarunt.
890 2492 1026 2578 Sauppii
1047 2494 1215 2578 proprium
1233 2497 1283 2559 est
1300 2492 1436 2557 alterum
1455 2494 1542 2577 quod
1560 2494 1637 2559 ιινοί

399 2600 441 2664 ab
464 2599 650 2685 interpretis
674 2622 781 2667 errore
804 2600 887 2665 falso
910 2599 1037 2665 illatum
1061 2600 1199 2666 censuit:
1223 2621 1288 2683 quo
1312 2603 1437 2664 remoto
1461 2594 1482 2687 ᾗ
1503 2622 1634 2667 necesse

399 2711 450 2772 est
477 2729 542 2771 una
569 2707 676 2793 eadat3
708 2708 742 2771 in
770 2707 861 2772 ouius
888 2707 997 2773 locum
1025 2707 1053 2772 si
1079 2709 1143 2772 iam
1171 2708 1259 2772 eliud
1287 2706 1548 2773 substituendum
1578 2712 1636 2792 est,

398 2813 437 2880 αἵ
457 2813 658 2899 probabilius
682 2836 751 2881 esse
774 2836 871 2900 quam
895 2805 947 2892 αἷς
969 2835 1037 2881 non
1058 2818 1124 2880 tem
1142 2812 1283 2880 Parisini
1305 2813 1425 2880 codicis
1449 2814 1511 2880 fide
1535 2814 1632 2880 oredi-
1648 2843 1676 2886 ιο

398 2943 482 3006 mue,
505 2921 540 2986 in
562 2943 627 3005 quo
650 2921 732 2986 illud
761 2926 927 2986 exaratum
951 2925 1058 2986 exstat
1080 2921 1111 2986 h.
1131 2945 1156 2985 e.
1181 2921 1259 2986 olim
1282 2945 1301 2985 a
1324 2926 1503 2987 correctore
1525 2923 1635 2987 nescio

400 3050 465 3114 quo
489 3033 722 3114 recuperatum,
747 3051 843 3113 quam
868 3029 955 3112 quod
977 3028 1194 3114 Theophrasti
1217 3030 1365 3115 exemplo
1390 3050 1453 3112 quo
1473 3027 1635 3115 Sauppius

399 3157 480 3200 usus
513 3139 563 3202 est
594 3135 652 3202 illa
682 3127 788 3220 mogis'
819 3136 922 3202 oratio
955 3137 1198 3201 commendatur
1230 3158 1294 3220 qua
1324 3135 1449 3220 lapides
1476 3135 1636 3220 dicuntur,

398 3264 467 3307 non
493 3242 642 3308 homines
670 3242 847 3327 lapidibus,
875 3246 1074 3326 βασανίζειν.
1116 3243 1162 3308 At
1188 3264 1248 3307 uos
1277 3242 1353 3307 olim
1379 3241 1442 3307 hoc
1463 3243 1637 3326 praecipue

399 3350 625 3434 probavimus,
653 3350 836 3416 studuimus
865 3349 995 3435 quidem
1023 3353 1108 3415 certe
1135 3351 1287 3435 probare,
1314 3349 1444 3414 τούτων
1471 3350 1546 3414 τινὰ
1568 3361 1638 3414 τῶν

343 3475 386 3530 10
401 3459 510 3522 λίθων
531 3449 553 3542 ᾗ
576 3459 829 3540 βασανίζουσιν,
856 3457 1004 3540 quamvis
1032 3479 1051 3521 a
1078 3457 1241 3521 communi
1269 3478 1357 3521 more
1380 3460 1413 3520 et
1436 3478 1455 3519 a
1477 3460 1566 3520 recta
1589 3455 1636 3519 di-

400 3563 492 3630 cendi
511 3564 637 3629 ratione
656 3563 851 3647 abhorreret,
870 3567 1063 3628 nontamen
1082 3587 1101 3628 a
1120 3563 1277 3649 scriptore
1296 3562 1543 3628 abiudioandum
1557 3584 1637 3645 csse,

400 3670 457 3753 qui
481 3693 553 3736 cum
577 3673 689 3755 posset
711 3675 768 3735 aut
791 3672 893 3735 λίθον
915 3672 990 3735 τινὰ
1014 3663 1035 3757 ἦ
1053 3673 1292 3754 βασανίζουσιν
1311 3670 1415 3750 dicere
1433 3673 1490 3733 aut
1507 3669 1636 3734 τούτων

399 3777 475 3841 τινὰ
502 3789 570 3844 τῶν
600 3781 708 3842 λίθων
737 3768 788 3854 αἷς
817 3775 898 3860 (sive
922 3774 971 3863 αἳ)
997 3780 1235 3861 βασανίζουσιν
1258 3777 1338 3840 duos
1361 3776 1475 3840 modos
1497 3777 1636 3841 miscens

401 3883 508 3950 effecit
535 3889 572 3948 ut
593 3885 766 3948 relativum
789 3883 875 3966 quod
899 3883 938 3947 ad
961 3885 1092 3949 τούτων
1115 3907 1141 3948 τ.
1161 3890 1189 3949 λ.
1213 3883 1348 3948 debebat
1371 3882 1412 3946 ad
1434 3883 1511 3948 τινά
1533 3883 1635 3968 eppli·
1650 3912 1679 3953 so

400 3993 488 4054 caret
527 4042 534 4054 .
576 3988 666 4055 Idem
695 3991 780 4055 enim
808 4011 910 4076 genus
938 3991 1221 4075 inconsequentiae
1244 3989 1317 4054 aliis
1341 3989 1532 4074 quibusdam
1555 3989 1636 4055 locis

401 4096 429 4160 si
455 4119 521 4162 non
549 4097 661 4162 multis
684 4101 718 4162 at
741 4097 838 4161 certis
861 4098 993 4182 agnosci
1017 4095 1258 4183 putabamus*).
1300 4097 1444 4162 Primum
1467 4097 1502 4160 in
1525 4097 1636 4162 eodem

401 4201 525 4290 Gorgia
548 4202 643 4291 (106,
661 4201 721 4290 24)

419 4350 616 4358 ...ψ-

507 4433 552 4503 *9)
573 4433 776 4505 [Zeitsobriftf.
792 4435 818 4488 d.
833 4438 926 4489 ester-r.
940 4451 1033 4504 pyren.
1048 4453 1117 4487 xxnr
1131 4436 1223 4503 (1872)
1236 4453 1264 4503 p.
1279 4436 1354 4506 499]

488 4521 551 4592 *all
571 4521 646 4594 [an
665 4521 763 4576 referri
781 4525 856 4576 recte
875 4522 1007 4578 videntur
1020 4540 1094 4590 qnae
1107 4522 1257 4592 Euripides
1272 4523 1372 4578 scribit
1386 4523 1416 4577 in
1430 4523 1586 4594 Hippolyto
1602 4529 1637 4578 66

395 4612 502 4680 ’Ἄρτεμι
525 4654 530 4664 .
552 4653 557 4665 .
582 4609 714 4667 καλλίστα
738 4613 808 4667 πολὺ
831 4609 998 4679 παρθένων,
1027 4611 1045 4665 ἃ
1070 4611 1157 4684 μέγαν
1179 4611 1241 4667 κατ’
1270 4613 1394 4682 οὐρανὸν
1417 4610 1507 4674 ναίεις
1530 4655 1536 4666 .
1556 4654 1562 4665 .
1584 4656 1589 4666 .
1613 4607 1637 4667 ὦ

401 4696 532 4754 καλλίστα
549 4708 607 4755 τῶν
625 4697 688 4754 κατ’
705 4697 847 4770 Ὄλυμπον
860 4698 1025 4768 παρθένων,
1039 4698 1155 4770 Ἄρτομιι
1174 4701 1224 4755 ubi
1238 4702 1269 4755 in
1282 4718 1338 4756 uno
1353 4700 1476 4755 alterove
1490 4701 1549 4754 cod.
1570 4699 1600 4754 αἳ
1610 4741 1635 4755 ..

401 4784 491 4842 ναίετ’
517 4791 672 4843 correctum
695 4791 751 4856 est,
775 4789 824 4842 sed
848 4789 968 4859 eogitari
986 4787 1077 4844 voluit
1095 4788 1225 4845 καλλίστα
1244 4789 1399 4857 παρθένων
1417 4788 1448 4841 αἳ
1467 4830 1472 4842 .
1489 4830 1495 4841 .
1515 4785 1637 4855 ναίονσι,

399 4881 435 4929 nt
452 4877 537 4945 paulo
554 4880 620 4946 post
639 4879 715 4950 ml]
