<?xml version="1.0" encoding="UTF-8"?>
<!DOCTYPE html PUBLIC "-//W3C//DTD XHTML 1.0 Transitional//EN"
    "http://www.w3.org/TR/xhtml1/DTD/xhtml1-transitional.dtd">
<html xmlns="http://www.w3.org/1999/xhtml" xml:lang="en" lang="en">
 <head>
  <title>
</title>
<meta http-equiv="Content-Type" content="text/html;charset=utf-8" />
  <meta name='ocr-system' content='tesseract 3.04.00' />
  <meta name='ocr-capabilities' content='ocr_page ocr_carea ocr_par ocr_line ocrx_word'/>
</head>
<body>
  <div class='ocr_page' id='page_1' title='image "./iohannisvahleni00vahlgoog/iohannisvahleni00vahlgoog_0112.png"; bbox 0 0 3967 5725; ppageno 0'>
   <div class='ocr_carea' id='block_1_1' title="bbox 396 628 1483 699">
    <p class='ocr_par' dir='ltr' id='par_1_1' title="bbox 396 628 1483 699">
     <span class='ocr_line' id='line_1_1' title="bbox 396 628 1483 699; baseline -0.001 -18"><span class='ocrx_word' id='word_1_1' title='bbox 396 629 462 692; x_wconf 73' lang='lat'><strong>104</strong></span> <span class='ocrx_word' id='word_1_2' title='bbox 555 632 708 681; x_wconf 75' lang='lat' dir='ltr'><strong>mm</strong></span> <span class='ocrx_word' id='word_1_3' title='bbox 727 632 844 681; x_wconf 73' lang='lat' dir='ltr'><strong>ln&#39;nsx</strong></span> <span class='ocrx_word' id='word_1_4' title='bbox 860 631 1076 683; x_wconf 66' lang='lat' dir='ltr'><strong>merlonus</strong></span> <span class='ocrx_word' id='word_1_5' title='bbox 1091 632 1333 682; x_wconf 71' lang='lat' dir='ltr'><strong>mmmm</strong></span> <span class='ocrx_word' id='word_1_6' title='bbox 1351 628 1483 699; x_wconf 69' lang='lat'><strong>1893,&#39;94.</strong></span> 
     </span>
    </p>
   </div>
   <div class='ocr_carea' id='block_1_2' title="bbox 352 794 1735 4406">
    <p class='ocr_par' dir='ltr' id='par_1_2' title="bbox 392 794 1627 1178">
     <span class='ocr_line' id='line_1_2' title="bbox 576 794 1305 874; baseline 0.003 -19"><span class='ocrx_word' id='word_1_7' title='bbox 576 794 624 856; x_wconf 81' lang='lat' dir='ltr'><strong>Et</strong></span> <span class='ocrx_word' id='word_1_8' title='bbox 645 799 767 874; x_wconf 74' lang='lat' dir='ltr'><strong>carperet</strong></span> <span class='ocrx_word' id='word_1_9' title='bbox 785 795 888 873; x_wconf 75' lang='lat' dir='ltr'><strong>foeces</strong></span> <span class='ocrx_word' id='word_1_10' title='bbox 909 815 931 856; x_wconf 88' lang='lat' dir='ltr'><strong>o</strong></span> <span class='ocrx_word' id='word_1_11' title='bbox 953 813 1046 857; x_wconf 67' lang='lat' dir='ltr'><strong>atrro</strong></span> <span class='ocrx_word' id='word_1_12' title='bbox 1068 794 1175 857; x_wconf 71' lang='lat' dir='ltr'><strong>consid</strong></span> <span class='ocrx_word' id='word_1_13' title='bbox 1196 800 1305 857; x_wconf 74' lang='lat' dir='ltr'><strong>aratro</strong></span> 
     </span>
     <span class='ocr_line' id='line_1_3' title="bbox 621 900 1316 964; baseline 0.001 -1"><span class='ocrx_word' id='word_1_14' title='bbox 621 900 689 963; x_wconf 77' lang='lat' dir='ltr'><strong>Xec</strong></span> <span class='ocrx_word' id='word_1_15' title='bbox 710 902 828 963; x_wconf 73' lang='lat' dir='ltr'><strong>oimea</strong></span> <span class='ocrx_word' id='word_1_16' title='bbox 850 900 950 963; x_wconf 83' lang='lat' dir='ltr'><strong>dorus</strong></span> <span class='ocrx_word' id='word_1_17' title='bbox 971 906 1048 964; x_wconf 65' lang='lat' dir='ltr'><strong>osso</strong></span> <span class='ocrx_word' id='word_1_18' title='bbox 1067 900 1179 964; x_wconf 78' lang='lat' dir='ltr'><strong>tubere</strong></span> <span class='ocrx_word' id='word_1_19' title='bbox 1200 920 1316 964; x_wconf 74' lang='lat' dir='ltr'><strong>monus</strong></span> 
     </span>
     <span class='ocr_line' id='line_1_4' title="bbox 392 1004 1627 1071; baseline -0.003 -1"><span class='ocrx_word' id='word_1_20' title='bbox 392 1008 494 1071; x_wconf 81' lang='lat' dir='ltr'><strong>durae</strong></span> <span class='ocrx_word' id='word_1_21' title='bbox 520 1028 636 1071; x_wconf 65' lang='lat' dir='ltr'><strong>uranus</strong></span> <span class='ocrx_word' id='word_1_22' title='bbox 661 1028 727 1069; x_wconf 90' lang='lat' dir='ltr'><strong>nou</strong></span> <span class='ocrx_word' id='word_1_23' title='bbox 754 1008 790 1069; x_wconf 91' lang='lat' dir='ltr'><strong>in</strong></span> <span class='ocrx_word' id='word_1_24' title='bbox 815 1006 946 1071; x_wconf 79' lang='lat' dir='ltr'><strong>rusticis</strong></span> <span class='ocrx_word' id='word_1_25' title='bbox 974 1006 1031 1070; x_wconf 88' lang='lat' dir='ltr'><strong>sed</strong></span> <span class='ocrx_word' id='word_1_26' title='bbox 1057 1006 1092 1069; x_wconf 90' lang='lat' dir='ltr'><strong>iu</strong></span> <span class='ocrx_word' id='word_1_27' title='bbox 1119 1005 1323 1071; x_wconf 87' lang='lat' dir='ltr'><strong>senatoribus</strong></span> <span class='ocrx_word' id='word_1_28' title='bbox 1349 1012 1407 1070; x_wconf 87' lang='lat' dir='ltr'><strong>aut</strong></span> <span class='ocrx_word' id='word_1_29' title='bbox 1437 1004 1627 1069; x_wconf 84' lang='lat' dir='ltr'><strong>consulibus</strong></span> 
     </span>
     <span class='ocr_line' id='line_1_5' title="bbox 394 1113 915 1178; baseline 0 -1"><span class='ocrx_word' id='word_1_30' title='bbox 394 1115 521 1177; x_wconf 87' lang='lat' dir='ltr'><strong>crimini</strong></span> <span class='ocrx_word' id='word_1_31' title='bbox 542 1136 609 1178; x_wconf 89' lang='lat' dir='ltr'><strong>non</strong></span> <span class='ocrx_word' id='word_1_32' title='bbox 630 1114 733 1178; x_wconf 87' lang='lat' dir='ltr'><strong>fuisse</strong></span> <span class='ocrx_word' id='word_1_33' title='bbox 755 1113 915 1177; x_wconf 88' lang='lat' dir='ltr'><strong>dicuntur.</strong></span> 
     </span>
    </p>

    <p class='ocr_par' dir='ltr' id='par_1_3' title="bbox 392 1219 1683 1733">
     <span class='ocr_line' id='line_1_6' title="bbox 482 1219 1627 1305; baseline -0.003 -19"><span class='ocrx_word' id='word_1_34' title='bbox 482 1219 573 1286; x_wconf 84' lang='lat' dir='ltr'><strong>Haec</strong></span> <span class='ocrx_word' id='word_1_35' title='bbox 604 1244 687 1304; x_wconf 88' lang='lat' dir='ltr'><strong>quae</strong></span> <span class='ocrx_word' id='word_1_36' title='bbox 719 1222 927 1305; x_wconf 83' lang='lat' dir='ltr'><strong>exposuimus</strong></span> <span class='ocrx_word' id='word_1_37' title='bbox 959 1222 1055 1283; x_wconf 88' lang='lat' dir='ltr'><strong>fidem</strong></span> <span class='ocrx_word' id='word_1_38' title='bbox 1087 1220 1194 1284; x_wconf 84' lang='lat' dir='ltr'><strong>facere</strong></span> <span class='ocrx_word' id='word_1_39' title='bbox 1224 1220 1295 1284; x_wconf 80' lang='lat' dir='ltr'><strong>risa</strong></span> <span class='ocrx_word' id='word_1_40' title='bbox 1325 1224 1402 1283; x_wconf 88' lang='lat' dir='ltr'><strong>sunt</strong></span> <span class='ocrx_word' id='word_1_41' title='bbox 1432 1220 1473 1283; x_wconf 89' lang='lat' dir='ltr'><strong>de</strong></span> <span class='ocrx_word' id='word_1_42' title='bbox 1503 1219 1627 1283; x_wconf 87' lang='lat' dir='ltr'><strong>inserto</strong></span> 
     </span>
     <span class='ocr_line' id='line_1_7' title="bbox 393 1326 1629 1413; baseline -0.002 -22"><span class='ocrx_word' id='word_1_43' title='bbox 393 1326 499 1392; x_wconf 86' lang='lat' dir='ltr'><strong>alieno</strong></span> <span class='ocrx_word' id='word_1_44' title='bbox 523 1327 663 1391; x_wconf 78' lang='lat' dir='ltr'><strong>disticho</strong></span> <span class='ocrx_word' id='word_1_45' title='bbox 686 1351 754 1392; x_wconf 87' lang='lat' dir='ltr'><strong>uon</strong></span> <span class='ocrx_word' id='word_1_46' title='bbox 771 1350 842 1391; x_wconf 86' lang='lat' dir='ltr'><strong>esse</strong></span> <span class='ocrx_word' id='word_1_47' title='bbox 861 1328 1084 1413; x_wconf 70' lang='lat' dir='ltr'><strong>cogitandum,</strong></span> <span class='ocrx_word' id='word_1_48' title='bbox 1104 1350 1210 1411; x_wconf 90' lang='lat' dir='ltr'><strong>neque</strong></span> <span class='ocrx_word' id='word_1_49' title='bbox 1227 1326 1324 1392; x_wconf 90' lang='lat' dir='ltr'><strong>Petro</strong></span> <span class='ocrx_word' id='word_1_50' title='bbox 1343 1327 1483 1412; x_wconf 84' lang='lat' dir='ltr'><strong>contigit</strong></span> <span class='ocrx_word' id='word_1_51' title='bbox 1500 1332 1539 1389; x_wconf 90' lang='lat' dir='ltr'><strong>ut</strong></span> <span class='ocrx_word' id='word_1_52' title='bbox 1554 1348 1629 1410; x_wconf 82' lang='lat' dir='ltr'><strong>pro</strong></span> 
     </span>
     <span class='ocr_line' id='line_1_8' title="bbox 392 1432 1627 1518; baseline -0.005 -19"><span class='ocrx_word' id='word_1_53' title='bbox 392 1435 534 1499; x_wconf 87' lang='lat' dir='ltr'><strong>hahilem</strong></span> <span class='ocrx_word' id='word_1_54' title='bbox 561 1458 671 1499; x_wconf 89' lang='lat' dir='ltr'><strong>ausam</strong></span> <span class='ocrx_word' id='word_1_55' title='bbox 699 1435 911 1499; x_wconf 69' lang='lat' dir='ltr'><strong>addimmenti</strong></span> <span class='ocrx_word' id='word_1_56' title='bbox 937 1435 1017 1497; x_wconf 76' lang='lat' dir='ltr'><strong>iacti</strong></span> <span class='ocrx_word' id='word_1_57' title='bbox 1044 1440 1077 1497; x_wconf 92' lang='lat' dir='ltr'><strong>et</strong></span> <span class='ocrx_word' id='word_1_58' title='bbox 1103 1434 1167 1499; x_wconf 92' lang='lat' dir='ltr'><strong>hoc</strong></span> <span class='ocrx_word' id='word_1_59' title='bbox 1192 1436 1267 1498; x_wconf 85' lang='lat' dir='ltr'><strong>loeo</strong></span> <span class='ocrx_word' id='word_1_60' title='bbox 1297 1435 1399 1518; x_wconf 86' lang='lat' dir='ltr'><strong>positi</strong></span> <span class='ocrx_word' id='word_1_61' title='bbox 1430 1432 1627 1498; x_wconf 72' lang='lat' dir='ltr'><strong>ostenderet:</strong></span> 
     </span>
     <span class='ocr_line' id='line_1_9' title="bbox 392 1539 1627 1625; baseline -0.002 -20"><span class='ocrx_word' id='word_1_62' title='bbox 392 1564 468 1605; x_wconf 87' lang='lat' dir='ltr'><strong>uam</strong></span> <span class='ocrx_word' id='word_1_63' title='bbox 495 1564 578 1625; x_wconf 87' lang='lat' dir='ltr'><strong>quae</strong></span> <span class='ocrx_word' id='word_1_64' title='bbox 605 1545 789 1625; x_wconf 77' lang='lat' dir='ltr'><strong>proposuit,</strong></span> <span class='ocrx_word' id='word_1_65' title='bbox 817 1539 981 1605; x_wconf 73' lang='lat' dir='ltr'><strong>(tilbertus</strong></span> <span class='ocrx_word' id='word_1_66' title='bbox 1008 1541 1198 1605; x_wconf 72' lang='lat' dir='ltr'><strong>verisimilia</strong></span> <span class='ocrx_word' id='word_1_67' title='bbox 1223 1563 1293 1605; x_wconf 85' lang='lat' dir='ltr'><strong>esse</strong></span> <span class='ocrx_word' id='word_1_68' title='bbox 1319 1546 1420 1622; x_wconf 88' lang='lat' dir='ltr'><strong>recte,</strong></span> <span class='ocrx_word' id='word_1_69' title='bbox 1447 1541 1627 1624; x_wconf 75' lang='lat' dir='ltr'><strong>opinamur,</strong></span> 
     </span>
     <span class='ocr_line' id='line_1_10' title="bbox 392 1647 1683 1733; baseline -0.002 -21"><span class='ocrx_word' id='word_1_70' title='bbox 392 1651 534 1733; x_wconf 82' lang='lat' dir='ltr'><strong>negarit.</strong></span> <span class='ocrx_word' id='word_1_71' title='bbox 578 1647 700 1712; x_wconf 85' lang='lat' dir='ltr'><strong>Verum</strong></span> <span class='ocrx_word' id='word_1_72' title='bbox 732 1657 843 1712; x_wconf 85' lang='lat' dir='ltr'><strong>tamen</strong></span> <span class='ocrx_word' id='word_1_73' title='bbox 871 1671 972 1712; x_wconf 92' lang='lat' dir='ltr'><strong>unum</strong></span> <span class='ocrx_word' id='word_1_74' title='bbox 1002 1653 1053 1712; x_wconf 90' lang='lat' dir='ltr'><strong>est</strong></span> <span class='ocrx_word' id='word_1_75' title='bbox 1081 1650 1117 1712; x_wconf 90' lang='lat' dir='ltr'><strong>iu</strong></span> <span class='ocrx_word' id='word_1_76' title='bbox 1143 1647 1233 1711; x_wconf 89' lang='lat' dir='ltr'><strong>Petri</strong></span> <span class='ocrx_word' id='word_1_77' title='bbox 1261 1648 1509 1712; x_wconf 66' lang='lat' dir='ltr'><strong>ratiocinatione</strong></span> <span class='ocrx_word' id='word_1_78' title='bbox 1538 1647 1627 1730; x_wconf 91' lang='lat' dir='ltr'><strong>quod</strong></span> <span class='ocrx_word' id='word_1_79' title='bbox 1640 1647 1683 1702; x_wconf 61' lang='grc' dir='ltr'><strong>Β</strong></span> 
     </span>
    </p>

    <p class='ocr_par' dir='ltr' id='par_1_4' title="bbox 352 1754 1627 2033">
     <span class='ocr_line' id='line_1_11' title="bbox 352 1754 1627 1839; baseline -0.001 -20"><span class='ocrx_word' id='word_1_80' title='bbox 352 1780 381 1819; x_wconf 81' lang='grc' dir='ltr'><strong>ιο</strong></span> <span class='ocrx_word' id='word_1_81' title='bbox 393 1754 652 1838; x_wconf 80' lang='lat' dir='ltr'><strong>interpolationis</strong></span> <span class='ocrx_word' id='word_1_82' title='bbox 671 1755 802 1838; x_wconf 87' lang='lat' dir='ltr'><strong>quidem</strong></span> <span class='ocrx_word' id='word_1_83' title='bbox 821 1757 1008 1839; x_wconf 90' lang='lat' dir='ltr'><strong>opinionem</strong></span> <span class='ocrx_word' id='word_1_84' title='bbox 1025 1755 1155 1818; x_wconf 84' lang='lat' dir='ltr'><strong>firmare</strong></span> <span class='ocrx_word' id='word_1_85' title='bbox 1170 1777 1238 1818; x_wconf 89' lang='lat' dir='ltr'><strong>non</strong></span> <span class='ocrx_word' id='word_1_86' title='bbox 1254 1760 1373 1839; x_wconf 68' lang='lat' dir='ltr'><strong>potest</strong></span> <span class='ocrx_word' id='word_1_87' title='bbox 1390 1754 1627 1818; x_wconf 77' lang='lat' dir='ltr'><strong>duhitah&#39;onem</strong></span> 
     </span>
     <span class='ocr_line' id='line_1_12' title="bbox 393 1860 1627 1947; baseline 0 -22"><span class='ocrx_word' id='word_1_88' title='bbox 393 1866 502 1925; x_wconf 90' lang='lat' dir='ltr'><strong>autem</strong></span> <span class='ocrx_word' id='word_1_89' title='bbox 524 1884 653 1927; x_wconf 79' lang='lat' dir='ltr'><strong>morere</strong></span> <span class='ocrx_word' id='word_1_90' title='bbox 676 1863 716 1925; x_wconf 93' lang='lat' dir='ltr'><strong>de</strong></span> <span class='ocrx_word' id='word_1_91' title='bbox 738 1863 855 1926; x_wconf 94' lang='lat' dir='ltr'><strong>horum</strong></span> <span class='ocrx_word' id='word_1_92' title='bbox 875 1885 1027 1925; x_wconf 78' lang='lat' dir='ltr'><strong>versuum</strong></span> <span class='ocrx_word' id='word_1_93' title='bbox 1045 1862 1243 1947; x_wconf 78' lang='lat' dir='ltr'><strong>integritate.</strong></span> <span class='ocrx_word' id='word_1_94' title='bbox 1279 1860 1352 1926; x_wconf 91' lang='lat' dir='ltr'><strong>Hoc</strong></span> <span class='ocrx_word' id='word_1_95' title='bbox 1369 1861 1518 1945; x_wconf 81' lang='lat' dir='ltr'><strong>dicimus,</strong></span> <span class='ocrx_word' id='word_1_96' title='bbox 1539 1860 1627 1945; x_wconf 89' lang='lat' dir='ltr'><strong>quod</strong></span> 
     </span>
     <span class='ocr_line' id='line_1_13' title="bbox 393 1967 684 2033; baseline 0 -1"><span class='ocrx_word' id='word_1_97' title='bbox 393 1967 451 2032; x_wconf 91' lang='lat' dir='ltr'><strong>illa</strong></span> <span class='ocrx_word' id='word_1_98' title='bbox 473 1968 514 2032; x_wconf 88' lang='lat' dir='ltr'><strong>de</strong></span> <span class='ocrx_word' id='word_1_99' title='bbox 536 1974 684 2033; x_wconf 88' lang='lat' dir='ltr'><strong>senatore</strong></span> 
     </span>
    </p>

    <p class='ocr_par' dir='ltr' id='par_1_5' title="bbox 394 2075 1253 2267">
     <span class='ocr_line' id='line_1_14' title="bbox 465 2075 1253 2157; baseline -0.001 -17"><span class='ocrx_word' id='word_1_100' title='bbox 465 2075 533 2139; x_wconf 77' lang='lat'><strong>204</strong></span> <span class='ocrx_word' id='word_1_101' title='bbox 623 2075 832 2157; x_wconf 75' lang='lat' dir='ltr'><strong>Poscetotque</strong></span> <span class='ocrx_word' id='word_1_102' title='bbox 853 2096 930 2139; x_wconf 76' lang='lat' dir='ltr'><strong>arros</strong></span> <span class='ocrx_word' id='word_1_103' title='bbox 953 2078 1019 2157; x_wconf 61' lang='lat' dir='ltr'><strong>ipsse</strong></span> <span class='ocrx_word' id='word_1_104' title='bbox 1038 2081 1164 2139; x_wconf 72' lang='lat' dir='ltr'><strong>serrator</strong></span> <span class='ocrx_word' id='word_1_105' title='bbox 1183 2097 1253 2139; x_wconf 84' lang='lat' dir='ltr'><strong>oues</strong></span> 
     </span>
     <span class='ocr_line' id='line_1_15' title="bbox 394 2181 762 2267; baseline 0.003 -22"><span class='ocrx_word' id='word_1_106' title='bbox 394 2181 529 2246; x_wconf 85' lang='lat' dir='ltr'><strong>ethaeo</strong></span> <span class='ocrx_word' id='word_1_107' title='bbox 551 2183 591 2246; x_wconf 87' lang='lat' dir='ltr'><strong>de</strong></span> <span class='ocrx_word' id='word_1_108' title='bbox 613 2188 762 2267; x_wconf 88' lang='lat' dir='ltr'><strong>praetore</strong></span> 
     </span>
    </p>

    <p class='ocr_par' dir='ltr' id='par_1_6' title="bbox 394 2289 1631 2802">
     <span class='ocr_line' id='line_1_16' title="bbox 466 2289 1445 2371; baseline 0 -18"><span class='ocrx_word' id='word_1_109' title='bbox 466 2289 531 2353; x_wconf 67' lang='lat'><strong>201</strong></span> <span class='ocrx_word' id='word_1_110' title='bbox 577 2289 658 2353; x_wconf 83' lang='lat' dir='ltr'><strong>Iuro</strong></span> <span class='ocrx_word' id='word_1_111' title='bbox 682 2290 779 2354; x_wconf 79' lang='lat' dir='ltr'><strong>dotat</strong></span> <span class='ocrx_word' id='word_1_112' title='bbox 794 2290 927 2371; x_wconf 80' lang='lat' dir='ltr'><strong>popidis</strong></span> <span class='ocrx_word' id='word_1_113' title='bbox 941 2291 1047 2370; x_wconf 65' lang='lat' dir='ltr'><strong>posito</strong></span> <span class='ocrx_word' id='word_1_114' title='bbox 1069 2290 1160 2353; x_wconf 81' lang='lat' dir='ltr'><strong>ruodo</strong></span> <span class='ocrx_word' id='word_1_115' title='bbox 1174 2296 1306 2370; x_wconf 72' lang='lat' dir='ltr'><strong>prodor</strong></span> <span class='ocrx_word' id='word_1_116' title='bbox 1327 2296 1445 2367; x_wconf 81' lang='lat' dir='ltr'><strong>aratro,</strong></span> 
     </span>
     <span class='ocr_line' id='line_1_17' title="bbox 395 2396 1628 2481; baseline 0 -22"><span class='ocrx_word' id='word_1_117' title='bbox 395 2418 478 2479; x_wconf 90' lang='lat' dir='ltr'><strong>quae</strong></span> <span class='ocrx_word' id='word_1_118' title='bbox 501 2401 616 2480; x_wconf 90' lang='lat' dir='ltr'><strong>suapte</strong></span> <span class='ocrx_word' id='word_1_119' title='bbox 637 2402 753 2460; x_wconf 89' lang='lat' dir='ltr'><strong>natura</strong></span> <span class='ocrx_word' id='word_1_120' title='bbox 777 2396 923 2481; x_wconf 87' lang='lat' dir='ltr'><strong>copulari</strong></span> <span class='ocrx_word' id='word_1_121' title='bbox 946 2396 1128 2479; x_wconf 74' lang='lat' dir='ltr'><strong>oportebat,</strong></span> <span class='ocrx_word' id='word_1_122' title='bbox 1150 2401 1189 2459; x_wconf 92' lang='lat' dir='ltr'><strong>ut</strong></span> <span class='ocrx_word' id='word_1_123' title='bbox 1210 2401 1259 2459; x_wconf 88' lang='lat' dir='ltr'><strong>est</strong></span> <span class='ocrx_word' id='word_1_124' title='bbox 1277 2397 1313 2460; x_wconf 92' lang='lat' dir='ltr'><strong>in</strong></span> <span class='ocrx_word' id='word_1_125' title='bbox 1329 2398 1461 2481; x_wconf 84' lang='lat' dir='ltr'><strong>gemino</strong></span> <span class='ocrx_word' id='word_1_126' title='bbox 1478 2397 1628 2480; x_wconf 84' lang='lat' dir='ltr'><strong>exemplo</strong></span> 
     </span>
     <span class='ocr_line' id='line_1_18' title="bbox 394 2502 1630 2587; baseline 0.002 -22"><span class='ocrx_word' id='word_1_127' title='bbox 394 2520 435 2565; x_wconf 91' lang='lat'><strong>111</strong></span> <span class='ocrx_word' id='word_1_128' title='bbox 454 2502 630 2567; x_wconf 69' lang='lat'>780-181</span> <span class='ocrx_word' id='word_1_129' title='bbox 655 2503 743 2586; x_wconf 87' lang='lat' dir='ltr'><strong>quod</strong></span> <span class='ocrx_word' id='word_1_130' title='bbox 766 2504 865 2587; x_wconf 81' lang='lat' dir='ltr'><strong>snpra</strong></span> <span class='ocrx_word' id='word_1_131' title='bbox 887 2502 1067 2585; x_wconf 83' lang='lat' dir='ltr'><strong>attulimus,</strong></span> <span class='ocrx_word' id='word_1_132' title='bbox 1088 2504 1147 2567; x_wconf 87' lang='lat' dir='ltr'><strong>illo</strong></span> <span class='ocrx_word' id='word_1_133' title='bbox 1166 2503 1362 2586; x_wconf 82' lang='lat' dir='ltr'><strong>interposito</strong></span> <span class='ocrx_word' id='word_1_134' title='bbox 1379 2502 1521 2567; x_wconf 83' lang='lat' dir='ltr'><strong>disticho</strong></span> <span class='ocrx_word' id='word_1_135' title='bbox 1538 2525 1630 2586; x_wconf 87' lang='lat' dir='ltr'><strong>sepa-</strong></span> 
     </span>
     <span class='ocr_line' id='line_1_19' title="bbox 394 2609 1631 2694; baseline -0.001 -21"><span class='ocrx_word' id='word_1_136' title='bbox 394 2614 522 2674; x_wconf 87' lang='lat' dir='ltr'><strong>rantur:</strong></span> <span class='ocrx_word' id='word_1_137' title='bbox 545 2609 633 2694; x_wconf 89' lang='lat' dir='ltr'><strong>quod</strong></span> <span class='ocrx_word' id='word_1_138' title='bbox 655 2610 906 2692; x_wconf 82' lang='lat' dir='ltr'><strong>incommodum,</strong></span> <span class='ocrx_word' id='word_1_139' title='bbox 929 2632 1126 2693; x_wconf 85' lang='lat' dir='ltr'><strong>quamquam</strong></span> <span class='ocrx_word' id='word_1_140' title='bbox 1149 2610 1206 2673; x_wconf 90' lang='lat' dir='ltr'><strong>illa</strong></span> <span class='ocrx_word' id='word_1_141' title='bbox 1229 2632 1326 2693; x_wconf 92' lang='lat' dir='ltr'><strong>quam</strong></span> <span class='ocrx_word' id='word_1_142' title='bbox 1347 2609 1558 2693; x_wconf 75' lang='lat' dir='ltr'><strong>probavimus</strong></span> <span class='ocrx_word' id='word_1_143' title='bbox 1575 2632 1631 2672; x_wconf 86' lang='lat' dir='ltr'><strong>ex·</strong></span> 
     </span>
     <span class='ocr_line' id='line_1_20' title="bbox 394 2716 1630 2802; baseline -0.001 -22"><span class='ocrx_word' id='word_1_144' title='bbox 394 2717 571 2801; x_wconf 77' lang='lat' dir='ltr'><strong>plicatione</strong></span> <span class='ocrx_word' id='word_1_145' title='bbox 593 2717 725 2781; x_wconf 85' lang='lat' dir='ltr'><strong>distichi</strong></span> <span class='ocrx_word' id='word_1_146' title='bbox 747 2716 916 2798; x_wconf 90' lang='lat' dir='ltr'><strong>minuitur,</strong></span> <span class='ocrx_word' id='word_1_147' title='bbox 937 2721 1046 2780; x_wconf 89' lang='lat' dir='ltr'><strong>tamen</strong></span> <span class='ocrx_word' id='word_1_148' title='bbox 1068 2738 1108 2780; x_wconf 90' lang='lat' dir='ltr'><strong>eo</strong></span> <span class='ocrx_word' id='word_1_149' title='bbox 1129 2719 1262 2802; x_wconf 80' lang='lat' dir='ltr'><strong>gravius</strong></span> <span class='ocrx_word' id='word_1_150' title='bbox 1284 2718 1424 2780; x_wconf 84' lang='lat' dir='ltr'><strong>sentitur</strong></span> <span class='ocrx_word' id='word_1_151' title='bbox 1440 2717 1528 2800; x_wconf 86' lang='lat' dir='ltr'><strong>quod</strong></span> <span class='ocrx_word' id='word_1_152' title='bbox 1546 2739 1630 2800; x_wconf 81' lang='lat' dir='ltr'><strong>quse</strong></span> 
     </span>
    </p>

    <p class='ocr_par' dir='ltr' id='par_1_7' title="bbox 354 2824 1735 3871">
     <span class='ocr_line' id='line_1_21' title="bbox 354 2824 1630 2908; baseline -0.002 -18"><span class='ocrx_word' id='word_1_153' title='bbox 354 2851 382 2890; x_wconf 80' lang='lat' dir='ltr'><strong>ss</strong></span> <span class='ocrx_word' id='word_1_154' title='bbox 395 2824 435 2888; x_wconf 91' lang='lat' dir='ltr'><strong>de</strong></span> <span class='ocrx_word' id='word_1_155' title='bbox 458 2825 567 2908; x_wconf 91' lang='lat' dir='ltr'><strong>quiete</strong></span> <span class='ocrx_word' id='word_1_156' title='bbox 589 2825 624 2888; x_wconf 91' lang='lat' dir='ltr'><strong>in</strong></span> <span class='ocrx_word' id='word_1_157' title='bbox 647 2826 769 2908; x_wconf 91' lang='lat' dir='ltr'><strong>stipula</strong></span> <span class='ocrx_word' id='word_1_158' title='bbox 790 2828 848 2888; x_wconf 89' lang='lat' dir='ltr'><strong>aut</strong></span> <span class='ocrx_word' id='word_1_159' title='bbox 869 2824 965 2889; x_wconf 87' lang='lat' dir='ltr'><strong>faeno</strong></span> <span class='ocrx_word' id='word_1_160' title='bbox 983 2825 1137 2888; x_wconf 91' lang='lat' dir='ltr'><strong>dicuntur</strong></span> <span class='ocrx_word' id='word_1_161' title='bbox 1153 2824 1196 2888; x_wconf 87' lang='lat' dir='ltr'><strong>ad</strong></span> <span class='ocrx_word' id='word_1_162' title='bbox 1211 2828 1394 2908; x_wconf 84' lang='lat' dir='ltr'><strong>praetorem</strong></span> <span class='ocrx_word' id='word_1_163' title='bbox 1412 2829 1555 2888; x_wconf 67' lang='lat' dir='ltr'><strong>archum</strong></span> <span class='ocrx_word' id='word_1_164' title='bbox 1572 2824 1630 2887; x_wconf 90' lang='lat' dir='ltr'><strong>du·</strong></span> 
     </span>
     <span class='ocr_line' id='line_1_22' title="bbox 396 2931 1630 3016; baseline -0.001 -21"><span class='ocrx_word' id='word_1_165' title='bbox 396 2937 521 2995; x_wconf 90' lang='lat' dir='ltr'><strong>centem</strong></span> <span class='ocrx_word' id='word_1_166' title='bbox 544 2955 612 2997; x_wconf 89' lang='lat' dir='ltr'><strong>non</strong></span> <span class='ocrx_word' id='word_1_167' title='bbox 633 2933 740 2996; x_wconf 89' lang='lat' dir='ltr'><strong>minus</strong></span> <span class='ocrx_word' id='word_1_168' title='bbox 763 2937 839 3016; x_wconf 88' lang='lat' dir='ltr'><strong>apte</strong></span> <span class='ocrx_word' id='word_1_169' title='bbox 861 2931 973 2996; x_wconf 86' lang='lat' dir='ltr'><strong>referri</strong></span> <span class='ocrx_word' id='word_1_170' title='bbox 996 2936 1148 3015; x_wconf 86' lang='lat' dir='ltr'><strong>poterant</strong></span> <span class='ocrx_word' id='word_1_171' title='bbox 1170 2954 1268 3015; x_wconf 87' lang='lat' dir='ltr'><strong>qnam</strong></span> <span class='ocrx_word' id='word_1_172' title='bbox 1290 2931 1332 2995; x_wconf 87' lang='lat' dir='ltr'><strong>ud</strong></span> <span class='ocrx_word' id='word_1_173' title='bbox 1347 2935 1534 3015; x_wconf 82' lang='lat' dir='ltr'><strong>pascentem</strong></span> <span class='ocrx_word' id='word_1_174' title='bbox 1550 2953 1630 2995; x_wconf 76' lang='lat' dir='ltr'><strong>ores</strong></span> 
     </span>
     <span class='ocr_line' id='line_1_23' title="bbox 394 3037 1735 3123; baseline 0 -21"><span class='ocrx_word' id='word_1_175' title='bbox 394 3045 585 3103; x_wconf 85' lang='lat' dir='ltr'><strong>senatorem</strong></span> <span class='ocrx_word' id='word_1_176' title='bbox 630 3039 683 3102; x_wconf 82' lang='lat' dir='ltr'><strong>Ab</strong></span> <span class='ocrx_word' id='word_1_177' title='bbox 706 3039 770 3103; x_wconf 91' lang='lat' dir='ltr'><strong>hoc</strong></span> <span class='ocrx_word' id='word_1_178' title='bbox 791 3041 952 3123; x_wconf 85' lang='lat' dir='ltr'><strong>principio</strong></span> <span class='ocrx_word' id='word_1_179' title='bbox 975 3040 1115 3123; x_wconf 87' lang='lat' dir='ltr'><strong>profecti</strong></span> <span class='ocrx_word' id='word_1_180' title='bbox 1138 3038 1216 3103; x_wconf 80' lang='lat' dir='ltr'><strong>(lum</strong></span> <span class='ocrx_word' id='word_1_181' title='bbox 1237 3037 1453 3104; x_wconf 85' lang='lat' dir='ltr'><strong>distiehomm</strong></span> <span class='ocrx_word' id='word_1_182' title='bbox 1471 3041 1633 3122; x_wconf 86' lang='lat' dir='ltr'><strong>composi-</strong></span> <span class='ocrx_word' id='word_1_183' title='bbox 1726 3043 1735 3058; x_wconf 79' lang='lat'><em>⁶</em></span> 
     </span>
     <span class='ocr_line' id='line_1_24' title="bbox 395 3145 1631 3229; baseline -0.002 -19"><span class='ocrx_word' id='word_1_184' title='bbox 395 3148 518 3210; x_wconf 89' lang='lat' dir='ltr'><strong>tionem</strong></span> <span class='ocrx_word' id='word_1_185' title='bbox 541 3147 698 3210; x_wconf 85' lang='lat' dir='ltr'><strong>curiosius</strong></span> <span class='ocrx_word' id='word_1_186' title='bbox 721 3146 949 3229; x_wconf 87' lang='lat' dir='ltr'><strong>perquirimus,</strong></span> <span class='ocrx_word' id='word_1_187' title='bbox 975 3167 1015 3209; x_wconf 94' lang='lat' dir='ltr'><strong>eo</strong></span> <span class='ocrx_word' id='word_1_188' title='bbox 1043 3146 1239 3227; x_wconf 79' lang='lat' dir='ltr'><strong>devenimus,</strong></span> <span class='ocrx_word' id='word_1_189' title='bbox 1264 3168 1334 3208; x_wconf 91' lang='lat' dir='ltr'><strong>non</strong></span> <span class='ocrx_word' id='word_1_190' title='bbox 1354 3149 1392 3208; x_wconf 92' lang='lat' dir='ltr'><strong>ut</strong></span> <span class='ocrx_word' id='word_1_191' title='bbox 1414 3145 1519 3228; x_wconf 87' lang='lat' dir='ltr'><strong>spurii</strong></span> <span class='ocrx_word' id='word_1_192' title='bbox 1541 3147 1631 3228; x_wconf 84' lang='lat' dir='ltr'><strong>quic·</strong></span> 
     </span>
     <span class='ocr_line' id='line_1_25' title="bbox 396 3250 1630 3336; baseline 0 -20"><span class='ocrx_word' id='word_1_193' title='bbox 396 3275 493 3336; x_wconf 88' lang='lat' dir='ltr'><strong>quarn</strong></span> <span class='ocrx_word' id='word_1_194' title='bbox 524 3253 692 3336; x_wconf 82' lang='lat' dir='ltr'><strong>irrepsisse</strong></span> <span class='ocrx_word' id='word_1_195' title='bbox 724 3253 780 3316; x_wconf 82' lang='lat' dir='ltr'><strong>sed</strong></span> <span class='ocrx_word' id='word_1_196' title='bbox 810 3257 848 3316; x_wconf 91' lang='lat' dir='ltr'><strong>ut</strong></span> <span class='ocrx_word' id='word_1_197' title='bbox 875 3275 1030 3317; x_wconf 76' lang='lat' dir='ltr'><strong>versuum</strong></span> <span class='ocrx_word' id='word_1_198' title='bbox 1056 3252 1202 3316; x_wconf 88' lang='lat' dir='ltr'><strong>ordinem</strong></span> <span class='ocrx_word' id='word_1_199' title='bbox 1228 3254 1340 3334; x_wconf 84' lang='lat' dir='ltr'><strong>aliqua</strong></span> <span class='ocrx_word' id='word_1_200' title='bbox 1364 3256 1458 3336; x_wconf 88' lang='lat' dir='ltr'><strong>parte</strong></span> <span class='ocrx_word' id='word_1_201' title='bbox 1479 3250 1630 3316; x_wconf 74' lang='lat' dir='ltr'><strong>laborare</strong></span> 
     </span>
     <span class='ocr_line' id='line_1_26' title="bbox 396 3357 1634 3444; baseline -0.002 -21"><span class='ocrx_word' id='word_1_202' title='bbox 396 3361 612 3444; x_wconf 85' lang='lat' dir='ltr'><strong>opinaremur.</strong></span> <span class='ocrx_word' id='word_1_203' title='bbox 662 3358 748 3422; x_wconf 79' lang='lat' dir='ltr'><strong>Nam</strong></span> <span class='ocrx_word' id='word_1_204' title='bbox 781 3362 838 3443; x_wconf 93' lang='lat' dir='ltr'><strong>qui</strong></span> <span class='ocrx_word' id='word_1_205' title='bbox 871 3359 1085 3424; x_wconf 82' lang='lat' dir='ltr'><strong>distichorum</strong></span> <span class='ocrx_word' id='word_1_206' title='bbox 1117 3363 1221 3422; x_wconf 89' lang='lat' dir='ltr'><strong>artem</strong></span> <span class='ocrx_word' id='word_1_207' title='bbox 1252 3357 1446 3422; x_wconf 84' lang='lat' dir='ltr'><strong>Ovidiauam</strong></span> <span class='ocrx_word' id='word_1_208' title='bbox 1476 3360 1634 3444; x_wconf 77' lang='lat' dir='ltr'><strong>exegerit,</strong></span> 
     </span>
     <span class='ocr_line' id='line_1_27' title="bbox 396 3467 1631 3552; baseline -0.003 -20"><span class='ocrx_word' id='word_1_209' title='bbox 396 3470 454 3552; x_wconf 90' lang='lat' dir='ltr'><strong>qui</strong></span> <span class='ocrx_word' id='word_1_210' title='bbox 484 3490 580 3550; x_wconf 88' lang='lat' dir='ltr'><strong>saepe</strong></span> <span class='ocrx_word' id='word_1_211' title='bbox 611 3467 745 3530; x_wconf 89' lang='lat' dir='ltr'><strong>eandem</strong></span> <span class='ocrx_word' id='word_1_212' title='bbox 776 3471 901 3530; x_wconf 90' lang='lat' dir='ltr'><strong>mutata</strong></span> <span class='ocrx_word' id='word_1_213' title='bbox 932 3469 1079 3530; x_wconf 90' lang='lat' dir='ltr'><strong>oratione</strong></span> <span class='ocrx_word' id='word_1_214' title='bbox 1105 3467 1159 3529; x_wconf 81' lang='lat' dir='ltr'><strong>rel</strong></span> <span class='ocrx_word' id='word_1_215' title='bbox 1184 3467 1323 3530; x_wconf 85' lang='lat' dir='ltr'><strong>similem</strong></span> <span class='ocrx_word' id='word_1_216' title='bbox 1349 3470 1459 3529; x_wconf 87' lang='lat' dir='ltr'><strong>tamen</strong></span> <span class='ocrx_word' id='word_1_217' title='bbox 1490 3469 1631 3548; x_wconf 79' lang='lat' dir='ltr'><strong>uhoque</strong></span> 
     </span>
     <span class='ocr_line' id='line_1_28' title="bbox 396 3571 1632 3656; baseline -0.002 -19"><span class='ocrx_word' id='word_1_218' title='bbox 396 3597 491 3639; x_wconf 76' lang='lat' dir='ltr'><strong>versu</strong></span> <span class='ocrx_word' id='word_1_219' title='bbox 513 3577 705 3638; x_wconf 87' lang='lat' dir='ltr'><strong>sententiam</strong></span> <span class='ocrx_word' id='word_1_220' title='bbox 728 3574 840 3638; x_wconf 83' lang='lat' dir='ltr'><strong>efferre</strong></span> <span class='ocrx_word' id='word_1_221' title='bbox 863 3573 965 3636; x_wconf 87' lang='lat' dir='ltr'><strong>soleat</strong></span> <span class='ocrx_word' id='word_1_222' title='bbox 987 3595 1093 3656; x_wconf 89' lang='lat' dir='ltr'><strong>neque</strong></span> <span class='ocrx_word' id='word_1_223' title='bbox 1117 3572 1215 3637; x_wconf 86' lang='lat' dir='ltr'><strong>facile</strong></span> <span class='ocrx_word' id='word_1_224' title='bbox 1242 3574 1397 3656; x_wconf 80' lang='lat' dir='ltr'><strong>coniungi</strong></span> <span class='ocrx_word' id='word_1_225' title='bbox 1422 3572 1476 3636; x_wconf 89' lang='lat' dir='ltr'><strong>his</strong></span> <span class='ocrx_word' id='word_1_226' title='bbox 1503 3571 1632 3636; x_wconf 84' lang='lat' dir='ltr'><strong>duobus</strong></span> 
     </span>
     <span class='ocr_line' id='line_1_29' title="bbox 396 3680 1632 3765; baseline -0.002 -21"><span class='ocrx_word' id='word_1_227' title='bbox 396 3682 542 3746; x_wconf 83' lang='lat' dir='ltr'><strong>versibus</strong></span> <span class='ocrx_word' id='word_1_228' title='bbox 568 3681 713 3765; x_wconf 90' lang='lat' dir='ltr'><strong>patiatur</strong></span> <span class='ocrx_word' id='word_1_229' title='bbox 740 3702 823 3763; x_wconf 89' lang='lat' dir='ltr'><strong>quae</strong></span> <span class='ocrx_word' id='word_1_230' title='bbox 848 3702 916 3743; x_wconf 90' lang='lat' dir='ltr'><strong>non</strong></span> <span class='ocrx_word' id='word_1_231' title='bbox 942 3681 1054 3763; x_wconf 86' lang='lat' dir='ltr'><strong>aliquo</strong></span> <span class='ocrx_word' id='word_1_232' title='bbox 1080 3680 1178 3743; x_wconf 88' lang='lat' dir='ltr'><strong>modo</strong></span> <span class='ocrx_word' id='word_1_233' title='bbox 1205 3684 1382 3743; x_wconf 90' lang='lat' dir='ltr'><strong>metrorum</strong></span> <span class='ocrx_word' id='word_1_234' title='bbox 1403 3680 1475 3762; x_wconf 88' lang='lat' dir='ltr'><strong>pari</strong></span> <span class='ocrx_word' id='word_1_235' title='bbox 1496 3701 1632 3761; x_wconf 75' lang='lat' dir='ltr'><strong>roepou·</strong></span> 
     </span>
     <span class='ocr_line' id='line_1_30' title="bbox 396 3785 1632 3871; baseline -0.001 -20"><span class='ocrx_word' id='word_1_236' title='bbox 396 3787 548 3871; x_wconf 83' lang='lat' dir='ltr'><strong>deant*l,</strong></span> <span class='ocrx_word' id='word_1_237' title='bbox 575 3787 713 3851; x_wconf 87' lang='lat' dir='ltr'><strong>fortasse</strong></span> <span class='ocrx_word' id='word_1_238' title='bbox 746 3787 853 3851; x_wconf 86' lang='lat' dir='ltr'><strong>sensui</strong></span> <span class='ocrx_word' id='word_1_239' title='bbox 880 3801 992 3850; x_wconf 84' lang='lat' dir='ltr'><strong>nostro</strong></span> <span class='ocrx_word' id='word_1_240' title='bbox 1020 3787 1163 3869; x_wconf 83' lang='lat' dir='ltr'><strong>accedet,</strong></span> <span class='ocrx_word' id='word_1_241' title='bbox 1195 3808 1261 3869; x_wconf 92' lang='lat' dir='ltr'><strong>quo</strong></span> <span class='ocrx_word' id='word_1_242' title='bbox 1286 3785 1367 3849; x_wconf 84' lang='lat' dir='ltr'><strong>haee</strong></span> <span class='ocrx_word' id='word_1_243' title='bbox 1391 3807 1460 3850; x_wconf 93' lang='lat' dir='ltr'><strong>uno</strong></span> <span class='ocrx_word' id='word_1_244' title='bbox 1488 3785 1632 3851; x_wconf 87' lang='lat' dir='ltr'><strong>disticho</strong></span> 
     </span>
    </p>

    <p class='ocr_par' dir='ltr' id='par_1_8' title="bbox 356 3897 508 3980">
     <span class='ocr_line' id='line_1_31' title="bbox 356 3897 508 3980; baseline 0 -22"><span class='ocrx_word' id='word_1_245' title='bbox 356 3897 508 3980; x_wconf 73' lang='lat' dir='ltr'><strong>seiugata</strong></span> 
     </span>
    </p>

    <p class='ocr_par' dir='ltr' id='par_1_9' title="bbox 468 3999 1480 4082">
     <span class='ocr_line' id='line_1_32' title="bbox 468 3999 1480 4082; baseline 0 -18"><span class='ocrx_word' id='word_1_246' title='bbox 468 4001 535 4064; x_wconf 68' lang='lat'><strong>:³03</strong></span> <span class='ocrx_word' id='word_1_247' title='bbox 579 4002 762 4066; x_wconf 82' lang='lat' dir='ltr'><strong>Frondihos</strong></span> <span class='ocrx_word' id='word_1_248' title='bbox 783 4001 939 4065; x_wconf 79' lang='lat' dir='ltr'><strong>onrohou!</strong></span> <span class='ocrx_word' id='word_1_249' title='bbox 960 4022 1040 4081; x_wconf 67' lang='grc' dir='ltr'><strong>φατε</strong></span> <span class='ocrx_word' id='word_1_250' title='bbox 1060 4020 1146 4063; x_wconf 73' lang='lat' dir='ltr'><strong>ausc</strong></span> <span class='ocrx_word' id='word_1_251' title='bbox 1168 3999 1326 4081; x_wconf 74' lang='lat' dir='ltr'><strong>Cepritolio</strong></span> <span class='ocrx_word' id='word_1_252' title='bbox 1346 4002 1480 4082; x_wconf 56' lang='lat' dir='ltr'><strong>mursia</strong></span> 
     </span>
    </p>

    <p class='ocr_par' dir='ltr' id='par_1_10' title="bbox 398 4109 1633 4406">
     <span class='ocr_line' id='line_1_33' title="bbox 627 4109 1260 4190; baseline -0.003 -18"><span class='ocrx_word' id='word_1_253' title='bbox 627 4109 837 4190; x_wconf 64' lang='lat' dir='ltr'><strong>Pumbotqne</strong></span> <span class='ocrx_word' id='word_1_254' title='bbox 857 4129 934 4172; x_wconf 72' lang='lat' dir='ltr'><strong>aros</strong></span> <span class='ocrx_word' id='word_1_255' title='bbox 958 4110 1023 4188; x_wconf 69' lang='lat' dir='ltr'><strong>ipse</strong></span> <span class='ocrx_word' id='word_1_256' title='bbox 1043 4113 1169 4172; x_wconf 69' lang='lat' dir='ltr'><strong>motor</strong></span> <span class='ocrx_word' id='word_1_257' title='bbox 1189 4128 1260 4171; x_wconf 80' lang='lat' dir='ltr'><strong>ores</strong></span> 
     </span>
     <span class='ocr_line' id='line_1_34' title="bbox 398 4213 1633 4298; baseline -0.002 -20"><span class='ocrx_word' id='word_1_258' title='bbox 398 4214 447 4278; x_wconf 94' lang='lat' dir='ltr'><strong>illi</strong></span> <span class='ocrx_word' id='word_1_259' title='bbox 470 4216 534 4278; x_wconf 87' lang='lat' dir='ltr'><strong>arti</strong></span> <span class='ocrx_word' id='word_1_260' title='bbox 557 4237 670 4298; x_wconf 89' lang='lat' dir='ltr'><strong>parum</strong></span> <span class='ocrx_word' id='word_1_261' title='bbox 694 4219 908 4279; x_wconf 85' lang='lat' dir='ltr'><strong>consentanea</strong></span> <span class='ocrx_word' id='word_1_262' title='bbox 931 4237 1002 4278; x_wconf 80' lang='lat' dir='ltr'><strong>esse</strong></span> <span class='ocrx_word' id='word_1_263' title='bbox 1023 4234 1129 4297; x_wconf 86' lang='lat' dir='ltr'><strong>neque</strong></span> <span class='ocrx_word' id='word_1_264' title='bbox 1150 4213 1228 4278; x_wconf 92' lang='lat' dir='ltr'><strong>huic</strong></span> <span class='ocrx_word' id='word_1_265' title='bbox 1249 4214 1437 4278; x_wconf 84' lang='lat' dir='ltr'><strong>hexametro</strong></span> <span class='ocrx_word' id='word_1_266' title='bbox 1455 4214 1535 4277; x_wconf 84' lang='lat' dir='ltr'><strong>satis</strong></span> <span class='ocrx_word' id='word_1_267' title='bbox 1553 4235 1633 4278; x_wconf 86' lang='lat' dir='ltr'><strong>cou-</strong></span> 
     </span>
     <span class='ocr_line' id='line_1_35' title="bbox 398 4319 1633 4406; baseline 0.001 -22"><span class='ocrx_word' id='word_1_268' title='bbox 398 4326 551 4406; x_wconf 87' lang='lat' dir='ltr'><strong>grueuter</strong></span> <span class='ocrx_word' id='word_1_269' title='bbox 572 4334 809 4405; x_wconf 90' lang='lat' dir='ltr'><strong>pentametrum</strong></span> <span class='ocrx_word' id='word_1_270' title='bbox 833 4321 1020 4387; x_wconf 83' lang='lat' dir='ltr'><strong>adiunctum</strong></span> <span class='ocrx_word' id='word_1_271' title='bbox 1043 4322 1273 4385; x_wconf 82' lang='lat' dir='ltr'><strong>existimamus.</strong></span> <span class='ocrx_word' id='word_1_272' title='bbox 1318 4319 1412 4397; x_wconf 82' lang='lat' dir='ltr'><strong>Quod</strong></span> <span class='ocrx_word' id='word_1_273' title='bbox 1438 4321 1468 4384; x_wconf 84' lang='lat' dir='ltr'><strong>si</strong></span> <span class='ocrx_word' id='word_1_274' title='bbox 1494 4320 1633 4385; x_wconf 77' lang='lat' dir='ltr'><strong>cirrum</strong></span> 
     </span>
    </p>
   </div>
   <div class='ocr_carea' id='block_1_3' title="bbox 397 4513 1634 4942">
    <p class='ocr_par' dir='ltr' id='par_1_11' title="bbox 397 4513 1634 4942">
     <span class='ocr_line' id='line_1_36' title="bbox 487 4513 1634 4583; baseline 0 -17"><span class='ocrx_word' id='word_1_275' title='bbox 487 4514 551 4566; x_wconf 63' lang='lat' dir='ltr'><strong>‘tsi</strong></span> <span class='ocrx_word' id='word_1_276' title='bbox 570 4514 693 4568; x_wconf 85' lang='lat' dir='ltr'><strong>Difficile</strong></span> <span class='ocrx_word' id='word_1_277' title='bbox 715 4517 786 4569; x_wconf 75' lang='lat' dir='ltr'><strong>haer</strong></span> <span class='ocrx_word' id='word_1_278' title='bbox 813 4517 849 4568; x_wconf 86' lang='lat' dir='ltr'><strong>de</strong></span> <span class='ocrx_word' id='word_1_279' title='bbox 871 4516 1060 4568; x_wconf 86' lang='lat' dir='ltr'><strong>distichorum</strong></span> <span class='ocrx_word' id='word_1_280' title='bbox 1080 4515 1239 4568; x_wconf 74' lang='lat' dir='ltr'><strong>ratiomhus</strong></span> <span class='ocrx_word' id='word_1_281' title='bbox 1263 4531 1337 4583; x_wconf 82' lang='lat' dir='ltr'><strong>quas</strong></span> <span class='ocrx_word' id='word_1_282' title='bbox 1355 4514 1476 4567; x_wconf 81' lang='lat' dir='ltr'><strong>dicimus</strong></span> <span class='ocrx_word' id='word_1_283' title='bbox 1493 4513 1634 4582; x_wconf 80' lang='lat' dir='ltr'><strong>exemplis</strong></span> 
     </span>
     <span class='ocr_line' id='line_1_37' title="bbox 397 4602 1633 4673; baseline 0 -18"><span class='ocrx_word' id='word_1_284' title='bbox 397 4605 604 4658; x_wconf 84' lang='lat' dir='ltr'><strong>monstrantur:</strong></span> <span class='ocrx_word' id='word_1_285' title='bbox 626 4604 676 4656; x_wconf 85' lang='lat' dir='ltr'><strong>sed</strong></span> <span class='ocrx_word' id='word_1_286' title='bbox 698 4612 794 4658; x_wconf 79' lang='lat' dir='ltr'><strong>tamen</strong></span> <span class='ocrx_word' id='word_1_287' title='bbox 813 4605 863 4672; x_wconf 90' lang='lat' dir='ltr'><strong>qui</strong></span> <span class='ocrx_word' id='word_1_288' title='bbox 880 4620 976 4658; x_wconf 70' lang='lat' dir='ltr'><strong>rusus</strong></span> <span class='ocrx_word' id='word_1_289' title='bbox 996 4605 1142 4671; x_wconf 86' lang='lat' dir='ltr'><strong>deprimo</strong></span> <span class='ocrx_word' id='word_1_290' title='bbox 1160 4623 1231 4672; x_wconf 78' lang='lat' dir='ltr'><strong>quos</strong></span> <span class='ocrx_word' id='word_1_291' title='bbox 1249 4620 1336 4673; x_wconf 78' lang='lat' dir='ltr'><strong>supra</strong></span> <span class='ocrx_word' id='word_1_292' title='bbox 1353 4621 1383 4671; x_wconf 90' lang='lat' dir='ltr'><strong>p.</strong></span> <span class='ocrx_word' id='word_1_293' title='bbox 1396 4608 1464 4656; x_wconf 66' lang='lat'><strong>811</strong></span> <span class='ocrx_word' id='word_1_294' title='bbox 1481 4602 1633 4656; x_wconf 82' lang='lat' dir='ltr'><strong>attulimus</strong></span> 
     </span>
     <span class='ocr_line' id='line_1_38' title="bbox 399 4691 1634 4761; baseline 0.001 -17"><span class='ocrx_word' id='word_1_295' title='bbox 399 4695 505 4746; x_wconf 73' lang='lat' dir='ltr'><strong>&#39;It-84</strong></span> <span class='ocrx_word' id='word_1_296' title='bbox 528 4691 696 4761; x_wconf 75' lang='lat' dir='ltr'><strong>singillatim</strong></span> <span class='ocrx_word' id='word_1_297' title='bbox 719 4693 885 4758; x_wconf 79' lang='lat' dir='ltr'><strong>tontulerit,</strong></span> <span class='ocrx_word' id='word_1_298' title='bbox 907 4693 1051 4760; x_wconf 76' lang='lat' dir='ltr'><strong>intelliget</strong></span> <span class='ocrx_word' id='word_1_299' title='bbox 1072 4692 1142 4759; x_wconf 80' lang='lat' dir='ltr'><strong>quid</strong></span> <span class='ocrx_word' id='word_1_300' title='bbox 1165 4694 1201 4744; x_wconf 81' lang='lat' dir='ltr'><strong>sit</strong></span> <span class='ocrx_word' id='word_1_301' title='bbox 1224 4693 1301 4758; x_wconf 79' lang='lat' dir='ltr'><strong>quod</strong></span> <span class='ocrx_word' id='word_1_302' title='bbox 1318 4693 1350 4745; x_wconf 83' lang='lat' dir='ltr'><strong>in</strong></span> <span class='ocrx_word' id='word_1_303' title='bbox 1367 4692 1422 4745; x_wconf 79' lang='lat' dir='ltr'><strong>hac</strong></span> <span class='ocrx_word' id='word_1_304' title='bbox 1439 4694 1502 4744; x_wconf 80' lang='lat' dir='ltr'><strong>ute</strong></span> <span class='ocrx_word' id='word_1_305' title='bbox 1518 4691 1634 4760; x_wconf 76' lang='lat' dir='ltr'><strong>praedi·</strong></span> 
     </span>
     <span class='ocr_line' id='line_1_39' title="bbox 397 4779 1634 4850; baseline -0.002 -14"><span class='ocrx_word' id='word_1_306' title='bbox 397 4795 505 4838; x_wconf 82' lang='lat' dir='ltr'><strong>csmus:</strong></span> <span class='ocrx_word' id='word_1_307' title='bbox 524 4781 628 4849; x_wconf 81' lang='lat' dir='ltr'><strong>quibus</strong></span> <span class='ocrx_word' id='word_1_308' title='bbox 645 4782 777 4835; x_wconf 78' lang='lat' dir='ltr'><strong>addimus</strong></span> <span class='ocrx_word' id='word_1_309' title='bbox 794 4782 917 4850; x_wconf 83' lang='lat' dir='ltr'><strong>exempli</strong></span> <span class='ocrx_word' id='word_1_310' title='bbox 935 4797 1021 4834; x_wconf 81' lang='lat' dir='ltr'><strong>causa</strong></span> <span class='ocrx_word' id='word_1_311' title='bbox 1039 4779 1076 4832; x_wconf 88' lang='lat' dir='ltr'><strong>de</strong></span> <span class='ocrx_word' id='word_1_312' title='bbox 1092 4781 1179 4833; x_wconf 82' lang='lat' dir='ltr'><strong>tertio</strong></span> <span class='ocrx_word' id='word_1_313' title='bbox 1195 4798 1292 4835; x_wconf 76' lang='lat' dir='ltr'><strong>sersus</strong></span> <span class='ocrx_word' id='word_1_314' title='bbox 1309 4786 1453 4834; x_wconf 64' lang='lat' dir='ltr'><strong>ito—itt</strong></span> <span class='ocrx_word' id='word_1_315' title='bbox 1470 4781 1570 4850; x_wconf 80' lang='lat' dir='ltr'><strong>etqui</strong></span> <span class='ocrx_word' id='word_1_316' title='bbox 1586 4779 1634 4834; x_wconf 79' lang='lat' dir='ltr'><strong>his</strong></span> 
     </span>
     <span class='ocr_line' id='line_1_40' title="bbox 397 4870 896 4942; baseline -0.002 -18"><span class='ocrx_word' id='word_1_317' title='bbox 397 4870 569 4942; x_wconf 86' lang='lat' dir='ltr'><strong>respondent</strong></span> <span class='ocrx_word' id='word_1_318' title='bbox 585 4870 617 4924; x_wconf 86' lang='lat' dir='ltr'><strong>iu</strong></span> <span class='ocrx_word' id='word_1_319' title='bbox 635 4871 726 4941; x_wconf 86' lang='lat' dir='ltr'><strong>primo</strong></span> <span class='ocrx_word' id='word_1_320' title='bbox 746 4876 896 4925; x_wconf 74' lang='lat' dir='ltr'><strong>rol-15⁰.</strong></span> 
     </span>
    </p>
   </div>
   <div class='ocr_carea' id='block_1_4' title="bbox 0 0 2001 5725">
    <p class='ocr_par' dir='ltr' id='par_1_12' title="bbox 0 0 2001 5725">
     <span class='ocr_line' id='line_1_41' title="bbox 0 0 2001 5725; baseline 0 0"><span class='ocrx_word' id='word_1_321' title='bbox 0 0 2001 5725; x_wconf 95' lang='lat' dir='ltr'><strong> </strong></span> 
     </span>
    </p>
   </div>
  </div>
 </body>
</html>
