3967 5725
406 640 471 704 358
638 643 684 694 LI.
704 642 820 692 mnnx
838 642 1053 694 LEOTIONUM
1071 642 1304 694 AESTIVARUM
1323 646 1401 696 1900.

404 806 429 869 ii
447 804 542 869 nobis
562 803 692 888 quidem
711 804 857 888 quamvis
876 805 942 868 sint
961 802 1047 868 clara
1066 805 1198 868 nomina
1214 784 1432 890 philologicos
1448 804 1528 869 artis
1542 826 1638 888 quam

404 911 590 997 praedicant
617 910 700 975 nihil
726 911 927 996 perspexisse
954 910 1017 974 visi
1045 915 1121 975 sunt
1147 911 1211 975 nisi
1238 910 1406 976 libidinem
1431 933 1499 976 esse
1522 912 1677 977 herum4

405 1040 511 1083 rerum
534 1018 778 1082 dominatricem
802 1020 835 1081 et
857 1039 969 1082 verum
991 1039 1060 1082 esse
1084 1017 1171 1101 quod
1195 1018 1310 1102 cuique
1332 1018 1491 1102 placuerit
1514 1023 1546 1083 ct
1565 1040 1637 1104 pro-

404 1126 515 1190 batum
539 1125 645 1189 fuerit.
683 1123 747 1189 Sed
770 1128 852 1189 esto:
875 1146 935 1189 nos
959 1125 1096 1189 eundem
1115 1147 1211 1208 quem
1230 1124 1336 1189 adhuc
1353 1126 1517 1190 tramitem
1535 1147 1638 1211 gram-

404 1232 539 1297 maticae
567 1233 646 1297 artis
672 1231 909 1317 persequimur3
937 1231 1173 1316 proficiscimur
1199 1235 1307 1296 autem
1335 1252 1421 1296 nunc
1448 1232 1489 1297 ab
1517 1230 1640 1317 Hippia

405 1339 526 1404 maiore
557 1339 588 1403 h.
616 1360 640 1403 e.
668 1339 790 1403 maiore
819 1337 955 1402 duorum
983 1337 1127 1424 dialogo,
1160 1338 1277 1422 quibus
1304 1336 1446 1422 Hippiae
1474 1339 1637 1423 sophistae

404 1445 477 1511 lllei
495 1467 613 1510 nomen
633 1445 824 1529 inscriptum
843 1448 900 1528 est,
920 1445 975 1529 qui
993 1444 1084 1529 liber,
1103 1446 1170 1509 sive
1188 1445 1335 1509 Platonis
1355 1449 1413 1531 est,
1432 1445 1518 1530 quod
1536 1445 1638 1511 multa

405 1552 592 1617 dissuadent
618 1573 660 1616 ne
687 1551 847 1634 eradatur,
874 1552 941 1616 sive
968 1573 1035 1616 non
1062 1556 1111 1617 cst
1140 1551 1299 1637 Platonis,
1328 1551 1367 1616 de
1395 1551 1540 1617 oratione
1564 1574 1637 1618 cum

404 1659 526 1745 agitur,
558 1658 669 1724 eodem
700 1658 796 1743 plane
829 1658 960 1723 modulo
992 1679 1066 1724 cum
1098 1659 1273 1724 verissimis
1306 1659 1434 1744 scriptis
1461 1658 1638 1725 Platonicis

365 1791 391 1831 10
405 1764 585 1830 metiendus
609 1767 666 1832 est.
703 1764 747 1830 Et
769 1788 829 1831 nos
853 1763 929 1831 hinc
950 1765 1050 1831 ordiri
1067 1770 1211 1831 nostram
1231 1765 1497 1848 observationem,
1519 1789 1585 1832 non
1604 1769 1639 1832 in

405 1893 443 1937 eo
466 1894 500 1936 se
522 1871 607 1937 libro
626 1874 790 1937 continere
808 1873 966 1956 volumus,
989 1895 1100 1938 verum
1120 1873 1195 1937 dum
1214 1872 1414 1944 Platonicam
1433 1874 1638 1957 potissimum

405 1979 668 2044 consuetudinem
693 1979 852 2045 scribendi
875 1981 1041 2064 sequimur
1064 1983 1096 2044 et
1118 1979 1318 2066 indagamus,
1341 1980 1381 2045 ab
1401 1980 1458 2045 illo
1478 1982 1637 2066 principio

404 2087 472 2151 άνω
496 2087 551 2152 καί
573 2087 660 2153 κάιω
683 2091 837 2172 vagantes
861 2088 950 2153 etin
973 2087 1071 2152 variis
1095 2087 1300 2153 deverticulis
1323 2087 1449 2152 itineris
1469 2088 1572 2152 nostri
1591 2087 1639 2155 in·

404 2194 553 2276 sistentes
576 2215 649 2259 cum
673 2197 827 2260 varietate
849 2194 973 2278 aliquid
997 2193 1147 2259 utilitatis
1171 2196 1211 2259 iis
1236 2195 1292 2278 qui
1309 2193 1478 2259 Platonem
1497 2194 1639 2281 diligunt

403 2301 517 2365 afferre
545 2301 693 2385 cupimus
720 2306 819 2387 atque
841 2301 882 2365 iis
904 2301 1052 2386 inprimis
1076 2323 1214 2385 quorum
1238 2301 1345 2365 studia
1369 2301 1408 2364 ad
1431 2301 1490 2366 has
1512 2302 1638 2368 litteras

404 2407 522 2472 collata
544 2407 695 2474 adiuvare
719 2413 751 2472 et
773 2408 909 2473 incitare
931 2407 981 2472 his
1006 2408 1126 2473 nostris
1150 2408 1379 2493 scriptionibus
1404 2408 1551 2474 solemus.

492 2531 514 2579 1.
546 2512 585 2578 In
607 2512 729 2598 Hippia
753 2515 853 2600 igitur
875 2515 998 2579 maiore
1016 2515 1092 2580 libri
1112 2537 1248 2600 quorum
1268 2516 1330 2580 fide
1349 2515 1392 2580 M.
1413 2514 1586 2581 Sohanzius
1606 2519 1639 2580 et

404 2620 489 2685 hune
516 2619 664 2687 libellum
692 2625 724 2685 et
748 2625 870 2687 ceteros
894 2621 1085 2708 tetralogiae
1109 2623 1263 2706 septimae
1287 2646 1305 2687 a
1329 2623 1437 2689 codice
1461 2620 1639 2688 Oxoniensi

405 2727 527 2792 alienae
558 2727 719 2793 recensuit
750 2727 831 2794 haec
863 2730 983 2812 scripta
1016 2726 1171 2794 exhibent
1203 2751 1269 2795 non
1300 2731 1398 2815 longe
1430 2753 1449 2794 a
1478 2729 1638 2814 principio

363 2864 390 2904 ao
405 2832 450 2922 (p.
472 2835 500 2919 1,
521 2836 559 2901 11
578 2832 664 2923 Seli.)

584 2947 658 3008 ΣΩ.
691 2948 852 3010 Τοιοῦτον
879 2944 1008 3028 μέντοι,
1041 2941 1066 3010 ὧ
1091 2942 1216 3029 Ἱππία,
1244 2942 1335 3011 ἔστιν
1362 2947 1400 3011 τὸ
1428 2955 1467 3031 τῇ
1496 2945 1638 3033 ἀληθεία

540 3054 649 3135 σοφόν
671 3075 706 3116 τε
729 3050 784 3116 καὶ
807 3051 935 3117 τέλειον
958 3053 1065 3136 ἄνδρα
1089 3044 1184 3117 εἶναι.
1217 3055 1259 3117 σὺ
1279 3054 1341 3138 γάρ
1361 3051 1415 3117 καὶ
1436 3055 1506 3141 ἰδία
1525 3054 1639 3130 ἱκανὸς

539 3150 571 3222 εἷ
599 3159 689 3242 παρὰ
721 3171 788 3225 τῶν
819 3158 906 3225 νέων
937 3161 1044 3225 πολλά
1076 3162 1223 3243 χρήματα
1254 3160 1432 3245 λαμβάνων
1459 3156 1508 3225 ἔτι
1536 3163 1638 3226 πλείω

538 3266 682 3350 ὠφελεῖν
704 3260 753 3332 ὧν
777 3266 967 3351 λαμβάνεις,
992 3264 1048 3332 καὶ
1072 3261 1114 3331 αὖ
1139 3267 1281 3352 δημοσίᾳ
1303 3268 1365 3351 τὴν
1389 3276 1514 3333 σαυτοῦ
1537 3270 1639 3333 πόλιν

450 3370 491 3436 15
538 3373 651 3449 ἱκανὸς
678 3372 877 3457 εὐεργετεῖν,
904 3374 1015 3458 ὥσπερ
1044 3374 1105 3457 χρὴ
1132 3374 1192 3438 τὸν
1219 3373 1382 3458 μέλλοντα
1404 3374 1448 3459 μὴ
1472 3397 1639 3458 καταφρο-

538 3482 700 3563 νήσεσθαι
737 3478 808 3545 ἀλλ’
850 3481 1083 3565 εὐδοκιμήσειν
1120 3479 1157 3544 ἐν
1189 3490 1259 3557 τοῖς
1290 3463 1435 3557 notiori.
1477 3480 1578 3565 άιάρ,
1612 3476 1638 3546 ὦ

534 3582 659 3669 Ἱππία,
681 3588 716 3651 τί
736 3608 815 3651 ποτε
838 3588 875 3652 τὸ
900 3588 1023 3670 αἴτιον,
1048 3586 1099 3651 ὅτι
1123 3588 1155 3652 ol
1179 3585 1314 3652 παλαιοὶ
1338 3585 1469 3668 ἐκεῖνοι,
1493 3582 1541 3653 ὧν
1564 3588 1639 3653 ὀνό-

539 3717 625 3775 ματα
648 3695 774 3779 μεγάλα
797 3692 924 3776 λέγεται
949 3692 1002 3760 ἐπὶ
1026 3694 1141 3780 σοφίᾳ,
1165 3698 1335 3759 Πιττακοῦ
1358 3718 1394 3759 τε
1417 3693 1471 3761 καὶ
1496 3696 1639 3772 Βίαντος
1739 3730 1744 3736 ·

538 3798 593 3866 καὶ
620 3812 687 3866 τῶν
716 3798 802 3885 άμφλ
829 3801 889 3865 τὸν
917 3802 1089 3884 Μιλήσιον
1115 3804 1228 3884 Θαλῆν
1255 3799 1310 3866 καὶ
1334 3798 1383 3867 ἔτι
1406 3813 1474 3867 τῶν
1496 3802 1639 3886 ὕστερον

363 3934 389 3974 ιο
448 3904 493 3971 20
536 3908 631 3993 μέχρι
650 3905 889 3991 Ἀναξαγόρου,
918 3908 962 3984 ὡς
989 3906 1009 3991 ἢ
1037 3907 1158 3984 πάντες
1184 3906 1204 3991 ἢ
1229 3909 1264 3973 οί
1284 3906 1403 3974 πολλοὶ
1426 3908 1538 3974 αὐτῶν
1561 3910 1638 3993 φαί-

537 4038 653 4079 νονται
677 4014 874 4099 ἀπεχόμενοι
895 4024 964 4079 τῶν
986 4020 1168 4081 πολιτικῶν
1190 4013 1354 4100 πράξεων,

583 4125 645 4186 Ill.
677 4124 719 4187 Τί
741 4119 771 4185 d'
798 4127 871 4205 oter,
895 4116 920 4186 ὦ
946 4122 1135 4207 Σώκρατες,
1159 4122 1239 4187 etto
1263 4145 1301 4205 ys
1324 4120 1343 4205 ἢ
1368 4121 1530 4187 ἀδύνατοι
1551 4118 1638 4206 ἦσαν

537 4229 592 4293 καί
617 4228 679 4313 οὐχ
703 4226 812 4293 ἱκανοὶ
836 4226 1039 4306 ἐξικνεῖσθαι
1063 4232 1226 4313 φρονήσει
1250 4227 1306 4294 ἐπ’
1329 4228 1513 4314 άμφότερα,
1541 4230 1581 4294 τά
1604 4253 1638 4295 τε

537 4337 635 4401 κοινά
657 4334 712 4401 καὶ
735 4337 776 4400 τά
800 4336 883 4414 ἴδια,

403 4440 440 4506 In
469 4463 534 4525 qua
560 4448 652 4527 parte
680 4443 836 4508 sermonis
861 4441 1025 4508 Socratem
1049 4444 1134 4508 inter
1157 4447 1189 4508 et
1212 4443 1368 4528 Hippiam
1392 4444 1532 4511 instituti
1555 4444 1639 4509 nihil

404 4552 453 4613 est
480 4549 567 4633 quod
595 4554 651 4615 aut
677 4550 931 4635 vituperaverint
960 4550 1017 4614 alii
1041 4554 1096 4614 aut
1118 4571 1178 4614 nos
1201 4551 1416 4635 vituperaturi
1440 4552 1553 4633 rimus,
1581 4551 1638 4615 sed

403 4656 559 4721 nonnulla
586 4658 698 4723 insunt
723 4657 811 4723 haud
838 4658 972 4743 indigna
998 4676 1079 4739 quae
1102 4658 1206 4722 acrius
1230 4658 1538 4742 animadvertentur,
1565 4681 1638 4743 pro-

403 4766 513 4846 pterea
541 4764 628 4847 quod
655 4764 825 4830 subvenire
847 4785 943 4848 posse
967 4762 1039 4827 aliis
1063 4761 1214 4829 videntur
1236 4787 1318 4849 quaa
1341 4765 1526 4831 criticorum
1549 4765 1638 4831 fasti-

405 4867 494 4933 dium
513 4870 757 4956 corrigendique
776 4870 984 4955 cupiditatem
1003 4875 1181 4937 moverunt.
1213 4871 1358 4939 Primum
1375 4873 1456 4953 ¹haec
1474 4869 1636 4960 (la-15)
