3967 5725
397 617 464 691 232
589 628 685 679 univ.
704 627 820 678 muux
837 623 1050 678 momorum
1068 623 1309 677 umuuusnun
1328 625 1460 688 reseret.

397 789 505 856 oero?'
533 788 647 871 “Quid
664 787 798 862 ὀκκκεῬ
812 789 889 871 ptris
906 789 1002 853 imbro
1020 790 1125 871 aiom,
1142 785 1254 870 inquit,
1271 787 1301 852 εί
1318 784 1430 850 soree
1453 783 1492 850 In
1506 783 1625 850 buton

396 896 547 981 v17,18
580 896 783 978 Quamobrem
814 896 941 962 οοκεκίίο
972 901 1124 978 quautam
1146 900 1265 977 potero,
1297 893 1400 958 labore
1424 892 1502 975 plus
1525 911 1627 974 poete

394 1023 489 1084 quem
509 1008 617 1086 potero
644 997 794 1067 excubabo
821 1001 1013 1084 otpitoboqce
1034 1022 1095 1083 pro
1120 1000 1212 1066 οοίίο.
1248 998 1312 1064 Ρεο
1337 997 1487 1075 Quinctio
1510 998 1563 1082 15,
1581 998 1625 1063 49

396 1109 495 1176 Gutus
521 1131 590 1175 οονο
618 1109 698 1174 bono
719 1108 893 1188 οεκίοννκί,
920 1109 1010 1174 atius
1030 1127 1094 1173 κοκ
1116 1110 1206 1173 κοοοίο
1228 1107 1304 1172 illoc
1325 1106 1541 1188 amplissimae
1560 1106 1626 1187 for-

394 1214 500 1298 tunae,
526 1215 582 1283 sed
607 1219 703 1281 etiem
729 1217 827 1280 eidos
853 1216 1036 1297 vestitusque
1062 1215 1254 1292 κοοοεοονίκο
1274 1213 1331 1279 eret
1351 1228 1533 1296 praeconem
1556 1231 1625 1277 erem

394 1324 536 1389 dedecore
557 1324 708 1388 sutieetm
729 1327 786 1401 eet,
813 1323 927 1387 ίεκοκ
949 1323 1040 1386 modo
1062 1341 1100 1386 ee
1121 1341 1250 1386 numero
1272 1322 1413 1386 οίοοκνκ
1436 1318 1624 1397 emerebatur,

392 1429 458 1511 sed,
484 1432 515 1496 si
540 1429 612 1513 fieri
631 1435 744 1510 potest,
772 1429 862 1510 iusto
888 1429 983 1493 etiam
1010 1433 1145 1492 mortuos
1167 1428 1369 1492 conaudetur.
1404 1425 1485 1491 Post
1501 1425 1565 1490 red.
1585 1424 1625 1489 ad

392 1538 520 1621 pop.4,
541 1536 583 1601 10
610 1556 679 1601 oum
706 1538 736 1600 ie
763 1535 922 1614 inimices,
938 1537 1005 1616 ,pai
1031 1532 1076 1599 od
1097 1555 1199 1599 mecm
1215 1535 1389 1616 νενκίοίονκ
1411 1554 1511 1599 eoeem
1532 1553 1625 1599 οκονκ

392 1643 604 1709 commembres
621 1643 757 1709 homibus
770 1643 969 1724 praebuisset,
981 1641 1107 1723 >spiritu
1125 1641 1291 1707 ιίννοίοκοί
1307 1642 1427 1720 eiceret,
1449 1641 1624 1722 requietem

352 1751 482 1832 sobesec
512 1769 617 1815 omues
648 1755 782 1815 mortuos
813 1750 1005 1814 οοκοκᾱοίνε
1032 1754 1114 1814 esset.
1151 1746 1219 1813 Aut
1246 1747 1433 1833 Apuleium,
1465 1748 1518 1812 oui
1545 1747 1624 1812 hooc

392 1856 581 1941 placuerunt
608 1856 913 1941 Metamorphoeeon
941 1857 1038 1920 tertio
1067 1877 1092 1921 c.
1116 1856 1137 1920 2
1164 1875 1354 1938 quemquem
1381 1855 1481 1936 capite
1507 1855 1544 1920 ie
1566 1861 1623 1919 ter-

390 1957 472 2044 νοοο,
493 1967 590 2030 imbro
612 1965 658 2030 oei
681 1967 762 2047 ipsos
783 1965 902 2046 inseres
923 1964 990 2028 ίκοκ
1010 1963 1121 2028 detecto
1139 1969 1274 2028 moestae
1292 1962 1470 2027 incederem.
1500 1959 1624 2038 Quibus

391 2071 452 2135 etei
475 2065 528 2135 hie
541 2063 620 2137 'illio
642 2071 766 2155 aliquid
787 2070 928 2137 leniendi
951 2087 1048 2134 cauea
1071 2089 1108 2134 ea
1131 2089 1212 2154 quae
1235 2070 1331 2133 nimie
1354 2068 1556 2134 incredibilia
1578 2068 1624 2133 ri·

391 2176 541 2243 dotentur
573 2179 799 2262 interpositum
831 2182 892 2263 eet,
924 2176 1028 2242 nihilo
1060 2177 1167 2242 minue
1199 2176 1405 2263 exaggeratio
1432 2180 1483 2240 est
1509 2179 1543 2240 et
1571 2197 1624 2241 ex·

390 2285 565 2371 aggerandi
588 2277 759 2351 eonsilium
781 2286 929 2371 patescit.
960 2283 1010 2349 De
1030 2281 1158 2350 Graecis
1181 2283 1261 2348 haec
1284 2283 1350 2348 sint
1373 2303 1437 2348 una
1456 2283 1553 2348 etiam
1572 2304 1623 2347 ex·

390 2393 496 2476 emplo
533 2413 615 2475 quae
652 2412 692 2456 ax
728 2392 894 2476 Euripidis
930 2391 1048 2476 Dictye
1085 2391 1244 2475 excerpsit
1281 2388 1438 2454 Stobaeue
1476 2386 1527 2475 (fr.
1557 2388 1621 2453 336

388 2497 529 2563 Nauckii
546 2497 587 2586 11)

602 2607 650 2682 είς
672 2604 709 2670 δ’
731 2603 903 2690 εὐγένειαν
926 2603 1013 2688 ὀλίγ’
1038 2603 1101 2690 ἔχω
1125 2605 1251 2689 φράσαι
1269 2604 1371 2670 καλά·

603 2712 620 2778 ὁ
643 2713 791 2796 μὲνγὰρ
815 2711 936 2789 ἐσθλὸς
960 2713 1098 2796 εὐγενὴς
1121 2709 1228 2797 ἔμοιγ’
1254 2711 1354 2795 ἀνήρ,

349 2845 375 2887 νο
448 2813 451 2816 ’
606 2817 678 2886 ὁδ’
706 2819 748 2885 οὐ
771 2820 899 2897 δίκαιος
921 2817 985 2885 κᾶν
1008 2819 1219 2903 ἀμείνονος
1241 2817 1386 2905 πατρὸς

604 2928 729 3011 Ζηνὸς
750 2928 905 3013 πεφύκῃ
929 2928 1092 3011 δυογενὴς
1115 2921 1200 2993 eleae
1225 2929 1330 3010 torret,

348 3031 351 3035 ’
389 3035 422 3098 in
441 3028 564 3118 quibus⁴
573 3054 629 3099 aex
644 3029 765 3119 septem
781 3031 885 3100 critici
899 3035 1109 3100 valentissimi
1124 3039 1289 3119 tamquam
1304 3035 1520 3121 obstupefacti
1535 3034 1622 3119 quod

388 3142 461 3225 quis
483 3141 586 3226 patris
609 3141 752 3205 melioris
770 3139 852 3206 love.
864 3142 952 3207 filius
972 3140 1132 3208 diceretur
1148 3142 1235 3209 hune
1253 3140 1363 3209 Iovem
1381 3143 1453 3209 loco
1473 3142 1622 3207 deiicien-

388 3248 463 3313 dum
487 3250 550 3313 rati
573 3248 862 3333 provabg-quid
880 3246 1115 3333 reposuerunt?
1138 3242 1213 3331 ἶνις,
1237 3252 1345 3333 γόνος,
1369 3250 1474 3334 γένος,
1497 3248 1620 3331 κείνου,

387 3354 439 3419 vel
461 3355 594 3420 liberius
621 3355 794 3439 exspatieti
822 3354 887 3421 κᾶν
909 3355 1084 3440 ἀμείνονος
1106 3354 1218 3433 τινοςἸ
1236 3358 1360 3440 πατρὸς
1382 3358 1529 3443 πεφύκῃ,
1556 3355 1620 3422 κᾶν

386 3462 567 3546 ὁμοίμονος
584 3460 645 3527 Διί
667 3458 789 3545 coepte
807 3482 842 3527 κ.
878 3461 1023 3539 Quorum
1046 3462 1122 3529 lieet
1145 3464 1283 3529 alterum
1308 3464 1408 3530 altero
1432 3464 1529 3549 paulo
1548 3484 1620 3547 pro⁴

386 3568 526 3635 habilius
545 3570 589 3633 eit
607 3572 639 3633 et
656 3565 810 3653 postremi
829 3571 967 3635 maxime
986 3571 1147 3635 sententia
1160 3572 1273 3637 ceteris
1286 3576 1450 3657 praestare
1464 3560 1619 3653 ¹videatur,

386 3682 494 3740 temen
523 3698 620 3759 quam
648 3671 745 3741 exilia
772 3681 847 3741 eunt
874 3678 937 3742 ieta
965 3678 1086 3762 omnia,
1119 3698 1214 3763 quem
1241 3682 1356 3764 poetae
1383 3676 1518 3745 consilio
1547 3698 1621 3743 oon⁴

385 3785 492 3865 traria,
520 3784 577 3868 qui
600 3786 776 3849 sententiae
798 3785 923 3849 ratione
945 3789 1081 3870 cogente
1104 3782 1307 3852 nobilitatem
1331 3786 1456 3871 generis
1480 3784 1543 3849 diei
1567 3802 1618 3849 ou·

346 3889 497 3974 sopiebat
524 3912 588 3974 qua
614 3892 753 3975 amplior
780 3892 917 3976 eogitari
944 3913 1011 3955 non
1035 3888 1154 3977 posset.
1191 3892 1305 3977 Neque
1327 3891 1468 3957 insolens
1492 3894 1541 3955 est
1563 3892 1620 3955 eut

386 3996 549 4081 singulare
570 3994 611 4061 ‘in
637 3998 736 4063 simili
763 4020 860 4064 eausa
881 3994 989 4065 Iovem
1014 4000 1182 4085 asciscere3
1210 4000 1243 4063 id
1267 4000 1352 4084 quod
1375 4002 1408 4063 et
1429 3997 1618 4083 Propertius

392 4105 536 4170 instituit
551 4104 593 4191 (Π
608 4105 639 4187 2,
653 4103 698 4192 6),
717 4110 749 4175 et
763 4102 907 4170 Catullus
928 4106 976 4170 bie
996 4108 1028 4172 in
1047 4106 1135 4171 hunc
1150 4106 1280 4171 modurn
1295 4105 1421 4171 locutus
1437 4109 1494 4189 est,
1513 4124 1584 4171 Lxx
1600 4111 1618 4174 1

599 4206 692 4277 Nulli
714 4233 746 4278 ee
768 4213 846 4277 dicit
867 4213 979 4277 mulier
1002 4234 1071 4278 meo
1093 4214 1206 4278 uetere
1228 4212 1321 4277 ννοίίο

591 4314 594 4319 ’
644 4341 739 4402 quom
762 4321 853 4398 mue,
877 4340 941 4385 κον
961 4322 991 4385 si
1014 4340 1046 4385 ee
1068 4322 1211 4402 Iuppiter
1233 4322 1299 4403 ipse
1317 4327 1415 4403 petat,

386 4433 419 4491 ot
441 4444 515 4491 uxu
536 4430 573 4491 1·

599 4528 734 4600 Dicebas
757 4536 914 4618 ονονοίονκ
937 4534 1037 4599 solum
1061 4540 1088 4599 te
1110 4554 1198 4600 uoeee
1223 4534 1394 4615 Catullum,

643 4642 771 4727 Lesbia,
793 4661 848 4707 κον
863 4662 945 4723 prce
968 4662 1016 4706 me
1038 4642 1112 4707 uelle
1134 4648 1234 4707 terrere
1255 4643 1377 4719 Iovem;

384 4745 546 4813 Iuvenalis
572 4752 681 4812 autem
707 4753 746 4814 ut
772 4750 911 4833 priscam
938 4748 1142 4813 nobilitatem
1166 4748 1353 4833 depingeret
1375 4750 1454 4815 haec
1476 4751 1618 4834 ὑκερβο·

385 4861 482 4932 leues
506 4855 663 4939 expressit
686 4851 763 4940 (viu
783 4853 862 4941 131)
966 4850 970 4853 ’
