3967 5725
535 644 586 694 nn
608 643 729 702 vanno
749 643 923 693 sumasne
941 643 980 692 m
1001 642 1203 694 sornocms
1221 641 1418 694 iunceus.
1532 638 1596 706 175
1646 669 1649 678 ·

362 803 578 891 Intelligimus
611 827 677 869 non
705 825 833 868 securos
859 803 960 868 fuisse
987 803 1148 886 Bebrycas
1176 803 1262 888 regis
1291 804 1389 868 occisi
1418 803 1472 868 sed
1501 777 1612 869 armis

364 912 466 995 captis
482 912 702 977 vindicaturos
721 913 888 975 mortuum
904 909 1034 975 Polluci
1052 910 1181 976 obviam
1200 913 1306 995 ivisse,
1330 911 1599 996 agnoscimusque

363 1018 496 1084 eandem
519 1042 614 1103 quam
638 1023 711 1083 ante
735 1016 825 1083 verbi
849 1016 1028 1100 ἀφειδήσαι
1052 1018 1331 1103 significationem.
1369 1015 1461 1083 Nihil
1483 1017 1599 1083 disere

363 1127 491 1210 pantiae
515 1131 565 1190 est
587 1127 621 1191 in
643 1126 746 1210 libris,
769 1146 873 1208 neque
892 1123 1099 1190 scholiastam
1117 1129 1268 1208 putamus
1288 1124 1375 1189 aliud
1393 1125 1519 1210 legisse,
1542 1124 1598 1208 qui

318 1245 332 1279 ³·
364 1255 437 1298 cum
464 1234 658 1303 sententiam
687 1234 733 1298 ita
760 1233 991 1316 interpretatur
1018 1231 1080 1296 οὐκ
1108 1230 1307 1315 ἠμέλησαν
1329 1231 1368 1296 δέ
1390 1249 1494 1314 φησιν
1518 1227 1599 1297 οὐδὲ

363 1344 666 1425 κατεφρόνησαν
679 1349 739 1405 τοῦ
750 1337 895 1423 Ἀμύκου
910 1341 1130 1422 πεπτωκότος,
1144 1338 1258 1404 iisdem
1273 1338 1402 1422 quidem
1417 1338 1522 1403 verbis
1537 1340 1598 1402 uti-

363 1452 426 1531 tur,
441 1447 558 1530 quibus
574 1447 727 1531 ἀφειδεῖν
738 1446 993 1530 interpretantur
1006 1445 1217 1529 grammatici,
1233 1445 1267 1509 in
1276 1444 1599 1511 BeklreriAneodotis

363 1578 395 1639 p.
409 1554 476 1620 469
491 1553 688 1639 ἀφειδήσαςτ
708 1553 912 1637 ἀμελήσας,
925 1551 1107 1636 Hesychius
1127 1551 1321 1636 ἀφειδήσας·
1341 1553 1385 1636 μή
1400 1553 1600 1637 φεισόμενος

364 1664 668 1745 καταφρονήσας
691 1661 711 1744 ή
734 1661 888 1744 παριδών
910 1656 1109 1747 (τιεριιδών).
1142 1658 1226 1724 Vide
1249 1658 1334 1743 apud
1353 1659 1490 1724 eundem
1508 1660 1600 1744 ήφει-

365 1770 508 1852 δηκότες.
549 1767 663 1832 Nihilo
698 1769 805 1832 minus
832 1766 918 1832 hano
945 1766 1138 1850 scripturam
1168 1766 1362 1831 abiecenmt.
1403 1764 1487 1852 Quia
1514 1766 1600 1830 enim
1616 1792 1642 1833 ιο
1721 1779 1723 1786 ⁴

366 1874 609 1941 choeroboscus
636 1874 672 1939 in
699 1873 873 1938 Theodosii
901 1871 1060 1957 Oanoner,
1087 1874 1134 1938 ibi
1161 1873 1219 1938 ubi
1247 1874 1430 1958 Βεβρύκων
1459 1872 1600 1938 nominis

364 1982 549 2069 prosodiam
568 1983 728 2065 disceptet
746 1980 772 2068 (1
791 2004 821 2066 p.
842 1981 907 2045 314
923 1979 1021 2045 Gaisf.
1045 1999 1057 2044 1
1076 2003 1106 2064 p.
1121 1980 1187 2044 295
1201 1977 1315 2067 Hilg.),
1334 2003 1407 2047 cum
1424 1981 1471 2045 ita
1489 1980 1601 2046 scribit

366 2089 489 2172 εὑρέθη
514 2091 576 2174 γάρ
597 2087 756 2176 (Βέβρνξ)
780 2086 834 2152 καὶ
859 2086 1074 2169 ἐκτεταμένον
1096 2084 1175 2172 ἔχον
1197 2090 1234 2152 τὸ
1257 2098 1290 2170 ὑ,
1315 2077 1389 2152 οἷον
1407 2087 1601 2171 *Βεβρύκων

367 2200 524 2280 βασιλῆος
543 2195 718 2281 ἀγήνορος’
739 2193 862 2281 (Apoll.
876 2212 903 2258 11
917 2192 963 2280 2),
981 2195 1036 2260 καὶ
1051 2193 1326 2278 συνεσταλμένον,
1345 2184 1419 2259 οἷον
1434 2191 1519 2258 ὀὐδ’
1538 2195 1602 2276 ἀρα

365 2302 532 2388 Βέβρυκες
550 2304 672 2387 ἀνδρες
685 2302 889 2386 ἀκήδησαν
902 2304 1061 2384 βασιλῆος
1069 2300 1086 2382 ’,
1105 2303 1139 2366 in
1153 2323 1248 2366 versu
1261 2305 1373 2366 nostro
1388 2322 1455 2365 non
1469 2300 1601 2386 ἀφείδη-

367 2427 429 2474 σαν
444 2411 500 2473 sed
514 2410 685 2493 ἀκήδησαν
697 2410 792 2473 affert
806 2407 894 2496 (nam
907 2410 1020 2474 testari
1034 2430 1075 2473 ne
1090 2408 1153 2473 dici
1164 2408 1293 2492 quidem
1302 2406 1435 2495 potest),
1448 2407 1602 2474 hocMer·

366 2516 479 2600 helius,
490 2520 597 2601 spreto
607 2516 764 2581 librorum
774 2515 970 2599 testimonio,
979 2515 1156 2601 Apollonio
1167 2537 1225 2580 suo
1236 2515 1384 2598 reddidit,
1399 2515 1601 2598 improbante

366 2613 529 2688 Meinekio
557 2622 650 2688 Ansl.
678 2623 769 2688 Alex„
797 2646 828 2707 p.
858 2622 936 2706 130,
967 2623 1126 2708 probante
1159 2623 1301 2708 graviter
1328 2622 1485 2688 Bonitzio.
1528 2621 1602 2688 Utri

365 2732 452 2815 parti
480 2730 660 2795 credimus?
696 2730 802 2795 Peene
829 2730 1012 2795 mirandum
1040 2733 1088 2795 est
1116 2730 1227 2796 doctos
1255 2729 1401 2794 homines
1425 2734 1492 2795 tam
1514 2729 1602 2793 festi-

366 2841 480 2903 nanter
503 2859 522 2901 s
546 2835 771 2903 Choerobosco
795 2836 972 2903 exhibitam
996 2838 1188 2922 scripturam
1211 2838 1395 2922 arripuisse,
1418 2858 1522 2922 neque
1544 2859 1602 2922 pu·
1617 2870 1644 2910 τι

367 2949 472 3010 tamus
500 2944 563 3010 hoo
588 2945 659 3009 fieri
681 2946 828 3029 potuisse
850 2945 914 3009 nisi
937 2945 977 3009 ab
1001 2947 1042 3010 iis
1066 2946 1122 3029 qui
1145 2950 1202 3010 eut
1223 2944 1348 3009 nollent
1371 2948 1515 3010 autnon
1538 2965 1603 3010 cre

369 3052 480 3117 derent
502 3052 689 3136 ἀφείδησαν
711 3051 829 3116 habere
852 3074 936 3137 earn,
960 3075 1058 3137 quam
1080 3051 1299 3136 probavimus,
1325 3052 1602 3138 significationem.

368 3157 453 3222 Nam
481 3158 520 3222 de
547 3181 654 3222 errore
682 3160 711 3223 si
738 3160 859 3244 agitur,
889 3181 1084 3243 quamquam
1112 3180 1178 3223 non
1205 3161 1364 3223 nescimus
1393 3161 1541 3243 φείδεται
1570 3162 1603 3222 et

368 3266 511 3349 κήδεται,
535 3266 733 3348 φειδόμενος
757 3270 789 3329 et
812 3268 992 3349 κηδόμενος
1015 3267 1069 3331 hic
1087 3266 1155 3330 illic
1173 3266 1257 3330 inter
1276 3287 1310 3330 se
1329 3268 1361 3330 et
1381 3266 1415 3330 in
1433 3269 1603 3349 utramque

369 3372 499 3456 quidem
525 3375 651 3457 partem
679 3377 878 3457 permutatas
903 3373 1023 3438 formas
1047 3394 1116 3438 esse
1140 3370 1280 3458 (quade
1303 3393 1337 3437 re
1360 3370 1603 3457 Falacobsius,

370 3500 465 3561 quem
488 3477 669 3543 Meinelrius
697 3480 819 3562 laudat,
848 3481 882 3543 in
905 3479 1038 3544 Anthol.
1057 3478 1158 3545 Pelet.
1177 3479 1280 3544 v279
1305 3484 1337 3545 et
1356 3480 1545 3546 Wecklinus
1570 3480 1604 3543 in

369 3585 448 3649 Arte
473 3583 643 3668 Sophoclis
671 3586 861 3651 emendandi
883 3611 914 3672 p.
934 3586 978 3650 50
1002 3585 1130 3673 agunt),
1159 3609 1269 3671 quem,
1298 3609 1504 3672 quaesumus,
1531 3609 1604 3672 pro-

369 3691 476 3756 babile
504 3696 566 3775 est,
593 3692 793 3777 ἀφείδησαν,
821 3694 907 3777 quod
941 3698 990 3758 est
1017 3694 1251 3779 significantius
1280 3694 1413 3759 verbum
1442 3698 1473 3757 et
1500 3694 1604 3779 magis

370 3800 552 3884 proprium,
580 3799 730 3883 quodque
758 3822 820 3865 usu
846 3806 961 3885 poetae
988 3800 1250 3884 testimoniisque
1272 3801 1429 3865 librorum
1453 3804 1486 3864 et
1508 3800 1603 3865 inter-

370 3908 469 3989 pretis
500 3905 614 3971 Graeci
641 3906 818 3991 stabilitur,
845 3929 953 3972 errore
979 3911 1093 3973 natum
1120 3929 1203 3991 esse,
1232 3929 1297 3971 non
1325 3928 1430 3972 errore
1459 3906 1603 3987 alterum,
1619 3938 1645 3980 ιο

372 4012 459 4096 quod
481 4017 515 4077 et
537 4013 716 4097 simplicem
739 4013 836 4077 habet
855 4018 1064 4098 apertamque
1083 4013 1353 4098 significationem
1374 4017 1406 4077 et
1424 4012 1465 4076 ab
1485 4035 1522 4077 eo
1542 4017 1605 4078 tra-

372 4118 471 4203 ditur,
500 4120 556 4203 qui
578 4120 696 4185 mirum
720 4124 876 4205 quantum
899 4124 1002 4184 scatet
1024 4121 1186 4186 erroribus
1209 4121 1243 4184 in
1266 4124 1435 4205 poetarum
1458 4120 1605 4185 versibus

372 4247 454 4308 quos
478 4224 597 4310 citavit,
621 4226 688 4291 sive
710 4226 835 4292 librarii
857 4231 1031 4312 peccanmt
1054 4228 1121 4291 sive
1145 4226 1373 4313 grammaticus
1392 4226 1507 4316 ipse*).
1542 4227 1606 4293 Sed

461 4456 526 4522 *38)
544 4454 682 4509 Nolumus
705 4455 758 4509 hoc
780 4456 913 4525 persequi
936 4456 1061 4526 longius,
1085 4472 1254 4525 quamquam
1276 4455 1306 4509 in
1325 4456 1544 4527 diligentissima
1562 4474 1604 4511 re·

373 4542 657 4614 censioneHilgardi
682 4543 794 4599 facilius
817 4561 892 4598 nunc
915 4547 959 4599 est
981 4562 1067 4614 quam
1091 4546 1203 4599 eratin
1228 4543 1370 4599 Gaisl'ordi
1394 4546 1531 4613 editione,
1555 4546 1604 4600 sed

372 4630 516 4686 afferimus
534 4634 639 4700 tamen,
658 4634 682 4686 si
702 4634 765 4702 quis
784 4635 943 4688 examinare
962 4634 1067 4702 cupiat,
1085 4651 1177 4703 pauca
1195 4633 1325 4703 exempla
1339 4650 1412 4702 quae
1426 4652 1460 4689 ex
1474 4634 1605 4704 Hilgardi

372 4718 446 4774 libro
469 4721 617 4791 elegimus:
641 4740 668 4791 p.
690 4729 753 4790 155,
773 4728 815 4777 30.
836 4728 901 4789 296,
916 4728 958 4776 82.
978 4728 1043 4784 297,
1064 4729 1105 4777 29.
1126 4728 1186 4777 164.
1207 4728 1266 4778 168.
1293 4754 1325 4763 —
1350 4722 1479 4777 Ceterum
1503 4723 1605 4779 similis

373 4809 587 4879 significationis
606 4829 688 4865 voces
705 4812 736 4864 in
754 4811 834 4865 libris
854 4811 966 4880 scriptis
985 4811 1060 4865 inter
1078 4830 1107 4866 se
1126 4813 1280 4881 permutari
1294 4814 1420 4866 notares
1435 4814 1486 4880 est,
1507 4814 1535 4866 et
1551 4812 1605 4866 for-

373 4899 449 4952 tasse
468 4916 523 4952 non
543 4900 643 4953 inutile
662 4903 706 4954 est
718 4902 748 4954 in
767 4902 820 4955 hac
835 4918 920 4955 causa
934 4918 1087 4956 memorare
1106 4901 1136 4955 in
1150 4901 1345 4970 Xenophontis
1359 4901 1484 4955 Anabasi
1498 4920 1516 4955 v
1530 4907 1556 4967 4,
1571 4906 1606 4955 20
