3967 5725
389 625 452 689 178
613 627 685 677 xm.
703 627 821 678 monn
838 626 1053 678 nscmouuu
1070 625 1303 677 rnsmvrnuu
1323 627 1400 678 reas.

387 789 414 852 si
441 787 512 853 fieri
539 791 667 873 poterat
694 786 792 853 simul
820 787 928 852 omnia
952 786 1111 872 proferre,
1139 791 1233 852 antea
1255 789 1363 851 autem
1382 786 1466 852 nihil
1489 790 1622 870 morata,

386 894 477 961 nulla
498 916 533 959 re
555 895 718 978 deterrita,
740 915 861 977 secura,
883 893 972 958 dedit
995 893 1024 959 ei
1049 894 1135 978 quod
1157 894 1261 978 potiit

476 1001 665 1085 Eademque
688 1001 882 1088 significatio
905 992 1114 1087 cognoscitur
1135 1000 1254 1066 111527

550 1109 597 1174 τω
620 1111 738 1193 καίπερ
761 1119 929 1192 μεμαῶτες
950 1106 1150 1193 ἐρητύοισθ’
1173 1105 1223 1173 ε’νὶ
1246 1105 1302 1191 νηὶ

549 1217 679 1281 τυτθὸν
700 1211 770 1299 ἔθ’,
793 1215 838 1291 ὡς
860 1215 898 1279 τὸ
920 1215 1099 1299 πάροιθεν·
1124 1213 1193 1280 ἐπεὶ
1216 1215 1272 1280 καὶ
1295 1212 1470 1299 ἐπισχέμεν
1492 1211 1596 1299 ἒμπης

439 1321 503 1387 527
550 1321 663 1406 λώιον,
685 1321 707 1405 ή
730 1322 832 1386 κακὸν
856 1314 948 1387 οἶτον
971 1321 1264 1406 ἀφειδήσαντας
1287 1319 1434 1406 ἑλέσθαι,

389 1430 420 1494 h.
430 1450 456 1494 e.
466 1450 596 1494 manere
610 1429 776 1514 paulisper
789 1428 904 1493 melius
918 1431 967 1494 est
982 1450 1079 1512 quam
1092 1426 1176 1493 nihil
1189 1432 1339 1514 moratos,
1355 1449 1492 1514 securos,
1506 1426 1624 1493 malam

389 1540 508 1602 sortem
531 1535 698 1601 sustinere.
741 1534 826 1613 Quid
847 1535 902 1600 hic
925 1535 1005 1600 ‘non
1026 1535 1190 1619 percendi'
1213 1535 1285 1600 vis?

477 1641 626 1727 Denique
649 1642 746 1707 1338

349 1775 376 1817 ro
551 1747 646 1833 ἀλλά,
670 1750 773 1834 φίλοι,
797 1746 896 1826 ξυνὸς
919 1750 982 1834 γὰρ
1006 1748 1040 1826 ές
1059 1748 1201 1816 Ἑλλάδα
1224 1751 1344 1826 νόστος
1366 1750 1504 1833 ὀπίσσω,

551 1853 649 1933 ξυναὶ
673 1854 702 1920 δ’
730 1857 812 1940 ἀμμι
834 1853 991 1921 πέλονται
1016 1855 1050 1932 ές
1073 1857 1200 1941 Αίήταο
1223 1854 1393 1940 κέλευθοι,

550 1963 692 2028 τούνεκα
714 1971 780 2028 νῦν
802 1963 862 2029 τὸν
885 1965 1024 2048 ἀριστον
1047 1962 1337 2047 ἀφειδήσαντες
1360 1962 1479 2028 ἕλεσθε

551 2071 699 2156 ὄρχαμον
721 2069 855 2154 ἡμείων,
878 2062 904 2158 ᾧ
924 2093 982 2136 κεν
1005 2071 1045 2135 τά
1067 2069 1188 2136 ἕκαστα
1210 2069 1357 2155 μέλοιτο,

389 2177 424 2240 in
456 2176 574 2261 quibus
601 2176 770 2242 Bonitzius
802 2176 939 2261 putabat
964 2177 1131 2242 notionem
1161 2177 1243 2242 ‘non
1269 2175 1438 2261 parcendi'
1466 2176 1627 2242 neminem

389 2305 485 2369 posse
511 2284 637 2370 ingere,
665 2304 724 2348 nos
747 2284 880 2348 eandem
903 2283 1175 2368 significationem
1198 2285 1384 2368 statuimus,
1414 2304 1497 2366 quae
1520 2282 1627 2348 estin

390 2389 613 2476 superioribus
645 2391 772 2455 duobus
800 2389 965 2475 exemplis.
1006 2389 1067 2454 Est
1093 2391 1178 2455 enim
1205 2391 1322 2455 horum
1349 2389 1448 2455 trium
1476 2411 1627 2455 versuum

389 2497 474 2562 ratio
506 2499 601 2581 plane
629 2518 689 2582 par
715 2501 748 2562 et
775 2518 813 2561 ea
840 2496 983 2581 quidem,
1017 2518 1099 2582 quae
1125 2497 1292 2563 notionem
1320 2500 1433 2581 poscat
1459 2500 1627 2581 promptae

391 2603 542 2670 audaciae
570 2625 652 2688 quoe
679 2625 745 2668 non
773 2605 867 2669 anxie
894 2604 1127 2690 tergiversatur
1154 2603 1210 2669 sed
1237 2625 1349 2670 secura
1371 2604 1450 2668 facit
1472 2603 1560 2688 quod
1582 2603 1628 2670 fs·

392 2710 539 2778 ciendum
568 2732 636 2775 esse
664 2710 827 2796 intelligit.
873 2709 978 2776 Multa
1006 2712 1171 2796 ponimus,
1198 2732 1258 2778 nec
1284 2710 1379 2777 nobis
1403 2710 1628 2795 satisfacimus,

351 2846 378 2889 ro
391 2821 430 2883 ut
453 2817 632 2903 aperiamus
651 2839 748 2903 qnam
767 2839 837 2885 esse
854 2819 921 2884 vim
939 2826 1001 2884 τοῦ
1021 2818 1264 2904 ἀφειδήσαντος
1284 2818 1468 2884 sentiamus.
1506 2816 1627 2895 Quodsi
1641 2820 1681 2878 20

390 2925 467 2991 licet
481 2922 602 2991 Graeca
620 2946 699 2991 voco
718 2926 901 3013 significare
920 2926 1007 3010 quod
1026 2927 1061 2991 in
1080 2926 1137 2991 illo
1156 2926 1330 3011 participio
1349 2928 1500 3010 putamus
1516 2926 1628 3010 inesse,
1753 3008 1757 3017 ι

390 3034 425 3098 in
456 3037 611 3118 promptu
642 3037 692 3098 est
724 3030 926 3117 ἀπηλεγέως,
959 3053 1024 3116 quo
1052 3031 1224 3098 Homerica
1255 3034 1397 3099 earmina
1428 3036 1565 3098 utuntur
1596 3037 1629 3097 et

391 3137 586 3222 Apollonius
609 3139 688 3224 ipse,
711 3139 808 3204 1439

552 3239 635 3324 αἶψα
659 3245 695 3312 δ’
717 3245 907 3331 ἀπηλεγέως
930 3248 1014 3312 νόον
1035 3243 1160 3332 ἔκφατο
1184 3249 1352 3332 Λητοΐδαο

392 3357 425 3418 et
447 3352 554 3419 11845
1034 3356 1065 3419 εί
1087 3352 1127 3419 δέ
1146 3377 1186 3437 με
1208 3352 1264 3420 καὶ
1286 3355 1324 3419 τὸ

512 3501 519 3517 ·
553 3460 651 3546 χρειὼ
675 3459 864 3544 ἀπηλεγέως
887 3460 1058 3526 Μουσέων
1079 3460 1145 3527 ὕπο
1170 3462 1392 3548 γηρύσασθαι.

481 3565 559 3632 Non
590 3568 684 3632 alitor
714 3566 771 3632 illo
799 3568 972 3653 participio
1000 3590 1078 3634 usus
1105 3568 1233 3634 videtur
1259 3567 1433 3653 Euripides
1461 3567 1495 3631 in
1522 3569 1631 3634 nuntii

394 3674 578 3739 narratione
602 3695 684 3758 quae
707 3679 758 3738 est
780 3676 815 3741 in
836 3673 1008 3763 Iphigenia
1030 3675 1167 3741 Taurica
1189 3698 1218 3740 v.
1240 3673 1326 3739 1354

554 3781 648 3866 ήμείς
670 3779 703 3846 δ’
728 3781 1034 3868 ἀφειδήσαντες,
1056 3784 1101 3861 ὡς
1124 3782 1295 3867 ἐσείδομεν

353 3916 380 3959 ao
555 3889 652 3956 δόλια
674 3887 862 3974 τεχνήματ’,
885 3891 1066 3975 εἰχόμεσθα
1088 3898 1146 3974 τῆς
1169 3888 1263 3974 ξένης

553 3998 773 4080 πρυμνησίων
796 4019 840 4062 τε.

484 4099 560 4167 Non
587 4103 815 4188 progredimur
840 4102 940 4188 ultro,
967 4124 1072 4188 noque
1094 4103 1249 4170 Nonnum
1277 4108 1333 4170 aut
1356 4103 1523 4170 Musaeum
1552 4104 1630 4169 asci-

394 4208 522 4293 scimus,
545 4230 740 4294 quamquam
764 4232 828 4276 non
851 4210 1049 4295 dubitamus,
1072 4212 1159 4296 apud
1182 4231 1236 4277 eos
1260 4212 1396 4277 eundem
1419 4211 1516 4278 huius
1539 4210 1629 4276 verbi

393 4338 490 4382 usum
507 4320 669 4400 repertum
689 4317 729 4381 iri
747 4338 843 4401 quem
861 4317 896 4382 in
909 4316 1087 4402 Apollonio
1106 4318 1370 4384 monstravimus:
1388 4319 1423 4383 in
1440 4317 1504 4383 hoc
1521 4320 1629 4382 autern

395 4422 503 4489 omnia
524 4422 658 4487 redeunt
680 4444 733 4507 eo,
758 4428 798 4490 ut
819 4423 1014 4509 ἀφειδῆσαι,
1037 4424 1276 4509 ἀφειδήσαντες
1298 4445 1364 4489 non
1387 4424 1430 4489 sit
1455 4425 1537 4489 ‘non
1559 4446 1631 4509 par·

394 4529 481 4595 cere'
505 4528 562 4595 sed
585 4529 668 4595 ‘non
690 4530 818 4596 curare’
841 4533 909 4598 sive
933 4532 1098 4599 ‘securum
1121 4530 1216 4615 esse',
1242 4530 1305 4597 hoc
1333 4534 1478 4597 osteum
1502 4552 1631 4597 sensnm

394 4633 521 4721 hebeat,
540 4657 636 4721 quem
650 4635 850 4723 Sophoelous
869 4660 982 4704 versus
1000 4636 1185 4724 requirebat
1204 4638 1295 4704 cuius
1312 4637 1393 4703 haec
1411 4658 1507 4702 causa
1522 4637 1632 4723 dispu-

396 4746 465 4809 tata
488 4740 606 4829 sunt.*)
643 4742 799 4830 Sophocli
821 4766 897 4811 vero
920 4767 961 4811 ne
984 4745 1171 4813 dubitemus
1189 4744 1273 4811 hunc
1290 4744 1522 4831 proprietatem
1540 4744 1630 4810 verbi

396 4842 610 4851 *-

486 4880 550 4953 ’88)
569 4881 747 4955 [Wecklinus
765 4884 851 4955 (Bari.
867 4885 964 4955 philol.
983 4885 1160 4941 woctcasotr.
1183 4890 1251 4940 189⁶
1270 4902 1297 4940 ιι.
1313 4886 1358 4955 21)
1378 4898 1551 4956 quamquam
1569 4901 1633 4940 mea
