3967 5725
400 608 464 675 128
610 611 735 662 XXXIX.
755 610 871 662 INDEX
889 609 1105 661 LEOTIONUM
1122 608 1355 660 AESTIVARUM
1374 610 1453 659 1894.

399 769 573 860 sideratur)
592 772 671 837 haec
689 773 792 857 igitur
810 770 908 835 verba
926 770 1012 855 quod
1031 793 1098 835 non
1117 792 1175 835 suo
1194 771 1266 834 loco
1285 770 1503 851 tractavimus
1527 767 1632 834 timidi

399 902 509 945 sumus
534 882 566 944 et
590 900 667 956 cum,
685 880 720 945 in
742 901 840 943 unam
870 900 979 943 omnes
1009 878 1193 962 opinionem
1221 898 1314 941 ruere
1337 875 1515 959 videamus,
1543 874 1571 939 si
1593 876 1634 939 iis

399 1008 481 1071 quae
499 986 598 1072 vulgo
617 986 795 1070 probantur
814 986 964 1051 assentiri
982 1006 1049 1049 non
1066 987 1249 1069 possumus,
1266 982 1374 1068 palam
1388 986 1496 1047 tamen
1511 984 1636 1047 cuncus

398 1115 576 1179 repugnare
609 1093 801 1159 verecundia
832 1092 1025 1177 prohibente
1053 1113 1120 1155 non
1152 1091 1314 1156 audemus.
1360 1088 1473 1173 Itaque
1507 1092 1636 1155 cuncta-

398 1199 500 1265 bundi
526 1200 610 1265 hanc
638 1199 860 1283 quaestionem
889 1199 1047 1263 asininam
1074 1198 1251 1262 identidem
1278 1198 1463 1280 reiecimus,
1491 1200 1524 1259 et
1546 1218 1637 1280 prae-

399 1307 506 1373 stabat
528 1307 665 1373 tentasse
693 1328 763 1371 eam
793 1307 924 1371 omnino
954 1327 1022 1369 non
1044 1306 1198 1391 tetigisse.
1245 1303 1309 1369 Sed
1333 1304 1469 1387 denique
1493 1324 1544 1367 res
1568 1303 1636 1367 ani-

401 1436 489 1480 mum
512 1415 662 1500 pupugit,
685 1417 722 1479 ut
746 1416 858 1478 contra
875 1435 941 1479 non
960 1413 1116 1477 audenter
1134 1412 1191 1476 sed
1208 1411 1353 1475 modeste
1372 1411 1418 1475 ire
1437 1431 1636 1496 conaremur,

400 1522 428 1586 ri
457 1520 535 1606 quid
563 1521 646 1585 forte
674 1520 888 1585 vinceremus:
921 1542 1032 1584 verum
1061 1521 1089 1585 si
1116 1520 1181 1584 iam
1208 1519 1243 1583 id
1270 1518 1357 1601 quod
1388 1517 1538 1583 volumus
1570 1540 1637 1580 non

400 1629 615 1713 assequimur,
648 1627 710 1691 erit
742 1630 852 1691 tamen
878 1625 1016 1693 fortasse
1049 1627 1105 1711 qui
1137 1625 1220 1689 hanc
1252 1647 1317 1689 non
1345 1626 1466 1689 frustra
1495 1646 1514 1687 a
1541 1623 1636 1690 nobis

360 1762 386 1811 rr
401 1738 562 1820 sumptam
587 1756 717 1819 operam
740 1735 888 1799 fateatur.

490 1839 604 1925 Itaque
628 1842 700 1926 quis
723 1862 790 1905 non
812 1841 987 1905 affirmavit
1009 1844 1085 1927 post
1103 1839 1272 1904 Davisium
1295 1841 1383 1904 asiai
1400 1838 1458 1903 illo
1478 1838 1550 1905 loco
1569 1859 1637 1901 non

402 1947 559 2034 scriptum
584 1969 653 2013 csse
676 1970 695 2011 a
718 1947 860 2013 Minucio
884 1948 940 2013 sed
964 1948 1003 2013 ab
1028 1946 1260 2032 interpolatore
1283 1946 1458 2030 adiectum,
1487 1945 1542 2030 qui
1566 1967 1637 2008 eam

303 2120 307 2133 ,
401 2076 514 2122 vocem
543 2077 582 2121 ex
607 2053 733 2119 Octavii
756 2076 911 2140 responso
935 2056 1111 2140 sumpserit
1134 2051 1174 2141 (c.
1190 2054 1242 2139 28,
1263 2050 1297 2139 7)
1321 2052 1368 2117 ita
1389 2052 1466 2116 huic
1488 2051 1635 2117 convicio
1665 2070 1669 2078 ·

402 2162 600 2229 occurrentis
623 2163 697 2227 iada
719 2168 763 2227 est
784 2163 867 2245 qaod
889 2163 1002 2227 audire
1023 2168 1052 2226 te
1070 2163 1150 2227 dias
1168 2167 1263 2243 eaput
1280 2161 1367 2225 asiai
1383 2181 1450 2225 rem
1467 2159 1557 2225 mbas
1573 2179 1637 2223 esse

402 2270 556 2335 dioiaarrr.
602 2268 749 2353 Eamque
778 2269 963 2353 opinionem
991 2273 1203 2355 posteaquam
1226 2266 1376 2332 Halmius
1405 2288 1533 2351 quoqne
1559 2288 1636 2350 pro-

402 2375 500 2461 bavit,
523 2398 618 2441 nemo
642 2379 692 2440 est
712 2376 930 2462 posteriorum
953 2376 1114 2441 editorum
1138 2374 1194 2458 qui
1216 2396 1284 2439 non
1301 2376 1388 2441 asiai
1405 2396 1524 2438 nomen
1546 2377 1637 2437 nota-

402 2483 485 2548 verit
508 2486 545 2547 ut
566 2484 725 2568 spurium:
748 2483 842 2547 eiecit
862 2483 948 2547 enim
965 2504 1071 2566 nemo,
1094 2504 1132 2546 ac
1150 2481 1300 2546 videntur
1317 2503 1419 2565 paene
1438 2482 1545 2566 specie
1564 2480 1637 2544 duci

403 2592 440 2654 ut
468 2612 564 2674 quam
587 2610 699 2655 vocem
728 2589 870 2654 deletum
898 2590 1026 2654 iverunt
1054 2612 1124 2654 eam
1153 2593 1262 2653 tamen
1293 2589 1340 2652 ita
1370 2588 1512 2654 habeant
1544 2587 1638 2671 qnasi

403 2695 536 2762 adesset.
574 2694 679 2773 Quare
701 2718 742 2761 ne
764 2718 825 2761 nos
849 2696 1003 2780 impediat
1026 2718 1063 2761 ac
1085 2696 1177 2761 ludat
1195 2696 1398 2780 vocabulum,
1421 2695 1508 2778 quod
1526 2695 1638 2759 abesse

362 2830 389 2872 ro
403 2804 526 2889 volunt,
545 2825 605 2891 age
625 2803 864 2870 consideremus
883 2826 920 2868 ea
939 2825 1021 2888 quae
1040 2807 1173 2887 restant,
1191 2802 1249 2868 illo
1263 2806 1300 2867 nt
1315 2802 1487 2889 oportebat
1504 2805 1638 2869 reiecto:

403 2911 500 2976 audio
523 2931 573 2976 cos
595 2913 797 2992 turpissimae
812 2912 944 2994 pecudis
967 2918 1061 2993 eaput
1082 2916 1291 2976 consecratam
1319 2913 1425 2993 irrepta
1446 2913 1548 2976 nescio
1574 2933 1639 2992 qua

396 3020 603 3100 persuasione
626 3019 776 3084 venerari.
823 3016 1002 3095 Quamnam
1026 3020 1128 3104 igitur
1149 3018 1368 3099 turpissimam
1383 3019 1535 3099 paudere
1558 3018 1639 3083 dicit

404 3123 585 3191 Caecilius?
612 3126 646 3190 in
674 3147 775 3190 unum
798 3126 884 3190 enim
908 3126 1035 3191 asinum
1057 3125 1121 3190 hoc
1143 3125 1269 3207 cadere,
1297 3128 1334 3187 ut
1356 3146 1430 3188 cum
1453 3127 1640 3206 turpimima

396 3253 494 3314 petras
516 3233 708 3318 appelletur,
730 3254 826 3296 nemo
848 3233 913 3296 nisi
931 3232 970 3296 de
989 3234 1081 3297 asino
1101 3233 1231 3317 cogitet,
1255 3233 1328 3315 quis
1345 3231 1408 3296 hoc
1427 3232 1638 3315 contenderit,
1652 3248 1694 3304 aa

404 3345 436 3403 et
454 3339 581 3404 Ennius
603 3342 701 3406 simia
724 3339 832 3424 inquit
853 3361 949 3421 arram
971 3339 1089 3405 similis
1110 3341 1296 3422 trrrpissimu
1314 3339 1411 3404 bestia
1428 3339 1526 3405 eoois.
1565 3338 1640 3404 Hoc

404 3450 513 3511 autem
536 3447 572 3511 in
594 3446 747 3533 ambiguo
769 3446 966 3530 relinquere,
998 3450 1037 3510 ut
1060 3467 1099 3510 ex
1121 3446 1297 3510 adversarii
1325 3446 1455 3510 demum
1482 3467 1639 3530 responso

403 3553 548 3639 legentes
572 3553 781 3639 comperiant,
805 3555 897 3618 cuius
919 3554 1052 3639 pecudis
1076 3559 1173 3637 caput
1196 3553 1331 3636 dicatu,
1355 3575 1423 3617 non
1444 3553 1543 3618 nimis
1564 3576 1640 3638 pru-

404 3661 510 3726 dentis
537 3683 607 3726 esse
635 3661 763 3727 consilii
794 3661 930 3726 videtur.
977 3659 1083 3737 Quare
1111 3662 1139 3725 si
1165 3659 1380 3743 interpolator
1410 3662 1498 3725 asiai
1526 3682 1639 3725 vocem

404 3767 537 3852 addidit,
566 3769 734 3854 scriptoris
764 3768 946 3833 socordiam
976 3767 1087 3851 aliqua
1115 3772 1206 3851 parte
1235 3765 1418 3830 sublevasse
1448 3766 1639 3830 iudicandus

364 3899 391 3942 ao
405 3879 463 3940 est
503 3875 558 3958 Ar,
581 3875 742 3960 inquiunt,
765 3875 935 3940 collocatio
953 3874 1064 3959 prodit
1082 3897 1213 3938 manum
1230 3873 1520 3956 interpolatricem:
1542 3873 1641 3937 audio

404 4003 455 4046 eos
471 3984 673 4064 turpissimae
687 3983 821 4065 panidis
838 3987 933 4063 capra
949 3983 1037 4045 asiai
1054 3986 1262 4045 carismatum
1280 3982 1432 4044 amri.
1468 3979 1543 4046 Hoc
1561 4002 1640 4065 ergo

406 4091 456 4154 ost
487 4090 575 4173 quod
603 4090 761 4154 vindicari
793 4091 955 4173 oporteat,
987 4092 1025 4170 nt
1056 4087 1085 4150 si
1116 4087 1200 4150 forte
1232 4087 1420 4172 contigerit,
1451 4087 1640 4171 interpolati

406 4194 590 4279 suspicione
612 4217 730 4260 nomen
753 4196 886 4260 levetur.
931 4194 979 4258 Ao
1002 4216 1064 4258 nos
1087 4193 1163 4257 dum
1185 4193 1268 4258 haec
1288 4194 1427 4279 legimus
1457 4199 1641 4277 quaesunt

406 4301 494 4384 apud
507 4300 638 4367 Festum
656 4324 687 4386 p.
705 4303 778 4384 146,
791 4303 835 4366 29
850 4301 909 4365 Th.
923 4338 968 4348 —
981 4302 1111 4365 minimi
1127 4300 1279 4364 iubeatur
1293 4298 1439 4386 (flamen)
1454 4300 1642 4366 Portunalis

406 4409 490 4488 qaod
510 4407 654 4473 Pomona
676 4409 831 4476 larssimo
850 4410 971 4490 fructuri
996 4429 1144 4490 aprorum
1164 4409 1328 4489 praesidet
1342 4410 1474 4490 pomis,
1492 4408 1641 4472 ridemur

407 4513 540 4578 undem
563 4515 718 4578 orationis
740 4515 880 4580 formam
898 4536 1071 4600 agnoscere
1089 4536 1172 4597 quae
1190 4519 1241 4578 est
1257 4515 1345 4599 apud
1362 4513 1553 4596 Minucium,
1573 4520 1641 4578 tar·

401 4621 557 4704 pissimus
576 4622 708 4704 praedis
733 4627 828 4704 rapat
853 4623 941 4687 asiai
970 4627 1179 4686 masuam
1209 4624 1372 4698 amri·
1403 4625 1436 4685 et
1462 4622 1491 4685 ai
1518 4620 1641 4685 Paulus

408 4727 562 4794 &acanus
591 4726 722 4791 Festina
753 4727 811 4792 illa
842 4727 890 4794 sio
920 4729 1021 4792 refert
1050 4729 1135 4811 qaod
1162 4728 1306 4794 Pomona
1338 4729 1493 4794 lenissimo
1520 4730 1642 4808 fraatrri

408 4853 554 4916 acroma
576 4834 750 4917 praesidet,
783 4835 819 4898 id
844 4841 888 4900 est
907 4836 1028 4917 parreia,
1058 4857 1126 4900 non
1157 4839 1208 4900 est
1235 4836 1323 4919 qnod
1349 4857 1404 4900 em
1425 4835 1557 4900 voculas
1583 4840 1643 4900 aut
