3967 5725
449 1577 574 1651 XLIX.
601 1577 755 1651 INDEX
781 1578 1062 1652 LEOTIONUM
1090 1577 1406 1653 AESTIVARUM
1435 1583 1536 1654 1899.

467 1753 506 1819 In
529 1753 702 1839 prooemiis
726 1752 911 1838 scribendis,
935 1775 1073 1838 quorum
1096 1753 1282 1819 institutum
1305 1777 1431 1840 semper
1450 1754 1535 1820 idem
1555 1759 1649 1837 esta

379 1868 416 1930 ut
439 1863 614 1948 lectionum
637 1859 888 1952 academicamm
912 1860 1147 1927 enumerationi
1169 1861 1292 1946 aliquid
1310 1861 1485 1927 litterariae
1505 1861 1612 1946 dispu-

379 1971 512 2037 tationis
531 1967 758 2054 praemittatur
778 1990 817 2032 ex
836 1971 980 2032 veterum
995 1969 1189 2053 scriptorum
1204 1968 1469 2052 interpretatione
1482 1969 1612 2053 petitae,

378 2078 530 2144 materiae
549 2074 678 2161 quidem
698 2074 839 2159 aliquam
857 2076 1046 2141 varietatem
1061 2077 1243 2160 quaerimus
1256 2076 1303 2140 ita
1316 2079 1353 2140 ut
1366 2097 1433 2142 non
1447 2098 1486 2140 ex
1500 2074 1612 2140 eodem

379 2187 536 2270 scriptore
559 2182 615 2247 sed
637 2204 677 2248 ex
700 2181 847 2266 pluribus
872 2183 1083 2266 scriptionum
1107 2186 1291 2248 nostrarum
1314 2187 1504 2268 argumenta
1525 2204 1613 2267 repe·

378 2297 494 2358 tamus.
532 2289 646 2373 Itaque
664 2293 739 2373 post
756 2286 1009 2374 Aristophanem
1028 2289 1093 2354 iam
1113 2288 1163 2353 bis
1183 2288 1243 2353 hae
1263 2289 1430 2354 occasione
1449 2289 1488 2354 ad
1507 2294 1614 2375 partes

379 2404 530 2464 vocatum
549 2396 589 2461 ad
606 2394 793 2461 Ciceronem
811 2417 871 2460 nos
890 2397 1107 2462 convertimus
1127 2417 1165 2462 eo
1184 2395 1320 2461 oonsilio
1339 2401 1377 2460 ut
1395 2416 1496 2481 genus
1516 2397 1615 2482 quod·

381 2507 454 2571 dam
483 2503 715 2569 emendationis
742 2501 908 2568 Tullianae
941 2505 1097 2588 exemplis
1124 2502 1290 2571 nonnullis
1319 2504 1550 2588 patefaciamus
1580 2525 1615 2568 ac

340 2626 367 2666 1⁰
381 2611 585 2678 declaremus.
622 2608 753 2674 Etenim
773 2611 829 2694 qui
847 2608 898 2674 vel
917 2611 1112 2675 novissimae
1131 2609 1282 2675 editionis
1302 2609 1542 2676 Teubnerianae
1561 2633 1615 2676 vo-

379 2715 502 2784 lumina
524 2716 712 2803 diligentius
731 2716 983 2802 pertractarent,
1007 2716 1168 2802 intelliget
1186 2716 1221 2781 in
1241 2717 1329 2782 omni
1347 2722 1440 2803 parte
1457 2717 1616 2783 librorum

380 2823 543 2893 Ciceronis
571 2823 684 2889 multis
711 2811 791 2889 locis
819 2823 916 2889 verba
944 2823 1072 2911 singula
1100 2827 1157 2889 ant
1183 2823 1277 2909 plura
1305 2825 1458 2891 continua
1486 2829 1518 2890 et
1546 2825 1615 2891 tota

379 2933 546 2999 enuntiata
575 2932 800 2996 damnatorum
827 2931 930 2996 instar
952 2933 986 2997 in
1009 2932 1138 2998 vincula
1161 2954 1229 2997 esse
1253 2934 1406 2999 coniecta.
1443 2932 1528 2998 Nam
1552 2934 1614 2999 hoe

379 3040 512 3108 editoris
542 3039 710 3105 elementia
735 3061 754 3103 a
777 3060 811 3104 se
834 3061 900 3104 non
922 3039 1121 3125 impetravit,
1149 3044 1186 3104 ut
1209 3040 1372 3124 supplicio
1396 3040 1539 3106 afficeret
1563 3040 1615 3104 da-

378 3152 488 3213 mnata
511 3151 543 3212 et
566 3169 606 3212 ex
629 3145 797 3212 hominum
817 3148 972 3211 memoria
990 3146 1192 3232 exstirparet,
1215 3146 1271 3213 sed
1291 3147 1426 3212 clatrata
1445 3170 1481 3211 ea
1501 3146 1615 3212 maluit

379 3256 481 3320 vitam
504 3255 638 3319 invitam
662 3253 784 3318 ducere.
821 3252 866 3318 nt
887 3252 950 3318 hoc
974 3276 1049 3318 sane
1072 3254 1173 3340 probe
1195 3254 1318 3320 factum
1342 3259 1405 3339 est,
1434 3252 1611 3338 siquidem

378 3363 556 3449 legentium
576 3360 748 3447 prudentia
766 3359 965 3445 admonetur,
988 3365 1026 3425 ut
1043 3383 1084 3425 ne
1103 3362 1206 3426 securi
1225 3362 1410 3427 transiliant
1428 3361 1501 3427 loca
1519 3362 1614 3427 male·

378 3471 514 3535 ficorum
538 3468 675 3533 miseriis
697 3467 817 3533 infecta
840 3467 896 3532 sed
919 3469 1012 3553 quasi
1030 3490 1088 3553 per
1106 3472 1312 3533 transennam
1331 3470 1543 3553 introspicere
1562 3492 1613 3535 cu·

379 3576 471 3662 piant
494 3576 613 3642 curiosi
636 3574 715 3659 quid
737 3576 784 3639 rei
806 3579 945 3663 geratur.

338 3695 365 3737 ¹⁰
468 3682 544 3748 Non
575 3703 732 3769 negamus
763 3681 817 3746 hic
846 3682 914 3748 illic
946 3682 980 3747 in
1013 3681 1106 3747 bonis
1139 3682 1304 3748 codicibus
1338 3680 1428 3769 (nam
1460 3684 1494 3747 in
1522 3682 1614 3747 malis

378 3791 458 3857 talia
488 3791 590 3856 multa
622 3809 693 3855 esse
725 3809 819 3853 nemo
846 3787 963 3875 nescit)
993 3791 1170 3855 orationem
1199 3788 1380 3855 Tullianam
1408 3790 1498 3855 falsis
1528 3789 1616 3855 addi·

378 3897 530 3965 tamentis
553 3901 680 3962 auctam
703 3916 785 3981 esse;
809 3896 864 3960 sed
887 3899 996 3960 tamen
1019 3898 1065 3961 ita
1088 3917 1264 3978 censemus,
1288 3897 1321 3961 in
1345 3896 1386 3961 iis
1410 3918 1492 3982 quae
1510 3897 1616 3963 editor

380 4005 574 4072 norissimus
597 4003 717 4086 reiecit,
740 4002 894 4087 pleraque
916 4023 982 4068 non
1006 4025 1039 4067 se
1063 4008 1192 4069 auctore
1215 4004 1271 4069 sed
1295 4004 1418 4069 alienae
1441 4003 1515 4068 fidei
1539 4004 1615 4068 asti·

378 4112 519 4198 pulatus,
542 4111 645 4176 multa
668 4131 737 4175 esse
760 4131 843 4193 quae
866 4113 923 4174 aut
944 4110 1063 4175 iniuria
1085 4109 1169 4175 ferre
1187 4132 1287 4178 uncos
1307 4109 1394 4175 iussa
1413 4112 1487 4194 sint,
1510 4116 1567 4175 aut
1586 4111 1613 4174 si

379 4219 459 4305 quid
481 4241 539 4303 per
561 4238 702 4283 errorem
720 4214 803 4282 labis
821 4216 988 4300 traxerint,
1010 4218 1132 4283 leniore
1150 4240 1254 4303 poena
1273 4217 1314 4283 ad
1333 4218 1548 4283 sinceritatem
1567 4239 1616 4282 re·

379 4327 489 4393 vocari
519 4325 693 4411 potuerint.
735 4323 919 4410 Utrumque
946 4328 1055 4390 autem
1082 4326 1190 4391 sensui
1217 4329 1330 4389 nostro
1360 4347 1517 4412 pergrave
1544 4345 1614 4389 esse

378 4434 487 4499 visum
511 4436 568 4518 est,
590 4432 680 4497 utin
699 4431 868 4498 bominum
886 4430 954 4497 rita
972 4432 1158 4498 innocentes
1178 4432 1391 4498 condemnare
1410 4436 1466 4497 aut
1485 4432 1615 4519 gravius

378 4541 493 4625 punire
512 4561 594 4625 quos
612 4539 716 4605 lenius
735 4539 862 4624 licebat,
881 4538 927 4604 ita
945 4538 980 4605 in
998 4538 1115 4605 litteris
1134 4540 1312 4606 orationem
1327 4560 1409 4625 quae
1422 4560 1489 4605 non
1504 4543 1615 4603 nostra

380 4651 429 4713 est
452 4646 508 4713 sed
531 4647 644 4732 aliena,
667 4646 722 4711 sed
746 4647 941 4731 scriptorum
965 4645 1124 4712 nobilium
1148 4669 1229 4732 quos
1252 4646 1386 4711 laudant
1405 4650 1437 4711 et
1457 4646 1614 4711 admiran-

339 4762 366 4804 *θ
379 4759 434 4819 tur
460 4774 585 4838 omnes,
612 4756 669 4817 aut
695 4752 815 4837 pusillo
842 4774 945 4818 naevo
973 4752 1125 4818 infectam
1150 4758 1206 4817 aut
1230 4752 1469 4839 integerrimam
1491 4752 1613 4818 nostris

380 4860 541 4955 erroribus
564 4858 688 4924 absciso
712 4858 856 4925 membro
880 4879 1025 4925 mancam
1049 4862 1082 4924 et
1105 4862 1284 4925 truncatam
1308 4858 1448 4924 reddere.
