3967 5725
397 1647 701 1732 XLVLINDEX
728 1657 1047 1732 LECTIONUM
1074 1649 1419 1731 An'STIVARUM
1448 1661 1545 1730 1897.

320 1851 340 1906 8
448 1851 498 1916 De
517 1836 640 1917 Valerii
658 1850 779 1916 (1111111
797 1850 1000 1934 carminibus,
1025 1853 1063 1916 de
1083 1851 1200 1934 quibus
1220 1855 1294 1916 ante
1312 1851 1372 1916 hos
1392 1873 1448 1916 sex
1467 1861 1591 1916 menses

358 1960 467 2024 eadem
491 1958 657 2024 occasione
681 1958 904 2041 disseruimus,
932 1959 978 2023 ita
1001 1957 1166 2045 pergimus
1190 1979 1284 2044 agere
1308 1962 1345 2022 ut
1368 1959 1591 2023 adnotationes

358 2051 512 2150 quasdam
538 2070 665 2130 nostras
696 2066 734 2131 de
756 2065 922 2130 nonnullis
946 2065 1089 2130 versibus
1114 2066 1182 2129 eius
1206 2065 1240 2129 in
1263 2053 1514 2130 controversiam
1537 2088 1591 2130 vo-

357 2174 437 2238 eatis
454 2173 611 2257 prooemii
629 2175 701 2238 loeo
719 2194 946 2256 proponamus.
979 2171 1133 2248 Quamvis
1153 2171 1237 2236 enim
1256 2175 1331 2256 post
1349 2172 1591 2238 Lachmannum

357 2279 601 2364 Hauptiumque
619 2279 885 2364 incomparabiles
900 2279 1127 2365 antesignanos
1143 2279 1376 2344 emendationis
1391 2277 1592 2345 Catullianae

356 2409 423 2452 uon
451 2387 582 2452 desierit
609 2386 778 2451 doctorum
803 2385 970 2472 diligentia
993 2386 1215 2471 perpoliendis·
1234 2386 1285 2450 1111
1309 2388 1504 2452 carminibus
1527 2387 1591 2452 fru-

357 2498 502 2559 ctuosam
526 2515 656 2578 operam
679 2493 878 2577 impendere,
901 2497 1008 2558 tamen
1033 2494 1171 2558 multum
1195 2494 1302 2576 abest,
1324 2493 1358 2557 in
1381 2495 1531 2559 omnibus
1555 2479 1592 2559 ut

358 2589 561 2666 consentiens
593 2601 791 2665 eruditorum
824 2599 978 2664 iudicium
1008 2599 1158 2665 fiduciam
1190 2599 1349 2684 quandam
1377 2602 1446 2666 veri
1472 2601 1592 2686 reperti

357 2708 529 2794 impertiat.
551 2707 616 2772 Vel
633 2707 684 2772 his
702 2708 873 2791 postremis
893 2707 1002 2772 decem
1021 2708 1113 2771 annis
1133 2707 1263 2790 quaein
1279 2705 1460 2792 Germania,
1479 2706 1632 2792 (11111111

356 2815 537 2901 Britannia,
564 2813 660 2880 Italia
687 2836 815 2899 quoque
843 2815 883 2879 ad
910 2813 1006 2879 huius
1036 2818 1149 2899 poetae
1178 2815 1318 2879 earmina
1347 2813 1462 2880 collata
1482 2814 1591 2881 studia

357 2927 433 2988 sunt
455 2923 511 3006 qui
533 2944 599 2987 non
623 2921 869 2987 conniventibus
893 2922 994 2988 oeulis
1017 2921 1214 3007 peragrabit,
1237 2943 1303 2985 non
1326 2944 1399 2986 raro
1423 2944 1495 2986 cum
1518 2924 1592 2988 sub·

356 3030 506 3098 tilissima
523 3029 691 3115 diligentia
710 3029 852 3093 iunctam
871 3027 1048 3093 sollertiam
1070 3029 1192 3115 ingenii
1212 3032 1243 3092 et
1258 3029 1450 3093 eruditionis
1465 3031 1591 3115 copiam

357 3136 568 3201 admirabitur
595 3137 630 3200 in
657 3135 709 3199 1111
735 3136 829 3200 libris
856 3135 1039 3218 libellisque
1066 3137 1284 3220 conspicuam
1312 3158 1423 3201 verum
1452 3157 1523 3201 oum
1551 3138 1591 3201 ad

356 3243 485 3329 singula
507 3246 639 3307 ventum
662 3246 720 3325 est,
742 3243 840 3306 nimis
863 3263 957 3327 saepe
980 3241 1059 3306 haec
1083 3244 1249 3307 doctomm
1274 3244 1307 3307 in
1325 3243 1451 3328 magnis
1471 3244 1590 3327 parvis-

357 3372 419 3433 que
442 3349 611 3433 discordia,
634 3370 697 3432 qua
717 3337 757 3413 ad
775 3371 869 3414 suum
888 3349 1024 3433 quisque
1043 3349 1233 3413 arbitratum
1251 3336 1458 3413 libidinemve
1477 3355 1590 3434 poetae

355 3457 454 3522 verba
475 3458 593 3522 referre
616 3456 775 3538 videatur,
803 3456 1018 3541 cognoscendi
1042 3453 1160 3520 Catulli
1183 3456 1335 3539 cupidum
1358 3458 1443 3521 nube
1466 3457 1591 3522 dubita-

356 3565 482 3627 tionum
506 3562 687 3627 involutum
710 3563 871 3627 destituet.
905 3562 1032 3638 Quare
1056 3562 1151 3627 facile
1175 3563 1278 3626 oritur
1302 3564 1364 3628 ista
1383 3585 1455 3628 cum
1473 3580 1591 3648 μισαν-

355 3672 491 3756 θρωπίᾳ
517 3673 654 3755 cognata
676 3673 865 3753 prooloyr'a,
894 3691 957 3753 qua
982 3670 1038 3754 qui
1062 3669 1250 3754 opinionum
1275 3671 1467 3735 certantium
1490 3673 1591 3736 varie-

357 3780 424 3842 tate
449 3777 557 3842 elusus
580 3776 728 3861 desperat
749 3798 844 3860 posse
867 3780 997 3861 poetam
1021 3777 1062 3840 ad
1085 3798 1177 3841 suam
1197 3778 1367 3860 pristinam
1390 3776 1527 3841 formam
1552 3800 1591 3840 ex
1605 3801 1631 3841 1ο

357 3887 538 3968 temporum
560 3883 679 3948 iniuria
700 3884 845 3948 revocari
867 3886 923 3947 aut
946 3866 1079 3966 penitus
1097 3905 1155 3968 per
1178 3885 1287 3947 omnia
1309 3883 1449 3968 perspici
1471 3883 1591 3947 lucide·

357 4011 420 4074 que
442 3991 606 4076 explicari,
628 3990 722 4055 malit
744 3991 897 4054 nimirum
921 3990 1004 4054 nihil
1023 4013 1120 4076 agens
1139 3990 1260 4055 frustra
1279 3995 1441 4073 sumptam
1460 4012 1590 4074 operam

356 4082 493 4163 alienam
516 4098 622 4161 lentus
647 4096 864 4181 contemplari.
900 4096 1018 4161 Melius
1042 4087 1115 4163 erat
1128 4097 1215 4161 haud
1234 4098 1328 4162 dubie
1347 4097 1440 4162 nobis
1461 4109 1589 4180 quoque

357 4227 375 4268 a
397 4225 480 4268 vano
503 4205 631 4288 incepto
655 4204 818 4268 absistere.
857 4201 920 4267 Sed
943 4204 971 4268 si
993 4208 1101 4268 tamen
1125 4226 1278 4270 conamur
1300 4205 1388 4269 locos
1407 4224 1527 4287 paucos
1552 4203 1591 4267 de

356 4310 475 4394 quibus
493 4311 672 4396 ambigitur
690 4311 877 4394 disceptare,
896 4314 929 4374 et
944 4315 1019 4375 sunt
1033 4312 1112 4375 haec
1127 4333 1209 4395 quae
1222 4334 1282 4376 nos
1297 4312 1459 4380 afferimus
1475 4310 1591 4395 exigua

356 4417 542 4502 admodum,
573 4417 636 4483 hoc
667 4418 706 4481 fit
734 4418 821 4501 quod
847 4421 1000 4502 putamus
1028 4418 1184 4499 expositis
1211 4418 1338 4502 plenius
1368 4438 1464 4501 quam
1491 4418 1590 4503 vulgo

355 4524 426 4589 fieri
453 4509 544 4590 solet
559 4528 615 4589 aut
637 4528 746 4607 potest
770 4523 1010 4589 demonstrandi
1034 4524 1201 4589 refellendi
1223 4525 1402 4590 rationibus
1427 4546 1464 4589 ac
1487 4524 1591 4588 modis

355 4651 452 4716 posse
473 4632 545 4697 fieri
567 4632 621 4697 hic
644 4632 711 4696 illic
734 4632 783 4696 dis
807 4631 990 4695 iuvantibus
1015 4635 1052 4695 ut
1075 4632 1153 4714 quid
1176 4636 1273 4715 queat
1296 4654 1364 4697 esse
1384 4653 1495 4696 verum
1514 4630 1591 4715 quid

355 4742 495 4821 nequeat
516 4738 720 4825 intelligatur
741 4760 781 4801 ex
805 4760 907 4821 eoque
930 4738 1085 4803 iudicium
1108 4741 1245 4825 regatur.

295 4856 362 4933 d.
447 4862 469 4909 L
504 4843 681 4930 Incipimus
706 4849 812 4909 autem
835 4845 875 4908 ab
899 4844 951 4908 his
974 4844 1120 4910 versibus
1144 4844 1294 4910 carminis
1318 4841 1402 4907 111111
1606 4868 1632 4909 eo
