3967 5725
377 609 421 674 60
550 613 688 664 XXXVII.
708 614 824 665 INDEX
842 611 1056 666 LEGTIONUM
1073 610 1307 662 AES'I'IVARUM
1326 612 1405 662 1898.

543 781 582 837 A.
616 775 645 839 εἰ
667 777 712 857 μή
735 772 766 857 γ’
794 775 927 858 ὄνειρον
951 771 987 837 ἐν
1011 774 1089 855 φύει
1112 798 1143 837 τι
1167 772 1360 855 λεύσσομεν.
1476 840 1479 845 ,

510 934 512 939 .
538 885 585 943 Μ.
618 884 653 944 τί
674 883 772 965 φημί;
795 878 864 945 ποῖ’
891 882 1005 963 ὄνειρα
1027 877 1220 964 κηραίνονσ’
1248 878 1330 963 ὁρῶς

615 987 676 1051 οὐκ
699 984 772 1055 ἔσθ’
801 985 850 1051 ὅθ’
879 989 979 1063 ἄλλος
1002 984 1076 1051 ἀντὶ
1099 995 1162 1051 σοῦ
1186 988 1319 1068 παιδός,
1341 984 1457 1071 γέρον,

378 1116 433 1159 eos
466 1094 542 1158 olim
573 1099 706 1163 cunctos
735 1095 792 1158 uni
820 1093 969 1180 Megaree
998 1093 1243 1177 adscripserunt.
1290 1092 1334 1156 nt
1361 1092 1456 1157 nobis
1486 1091 1616 1175 quidem

378 1202 450 1286 ipso
479 1192 544 1285 quo
573 1202 677 1266 utitur
695 1199 966 1266 Wilamowitzius
990 1200 1139 1284 exemplo
1162 1198 1351 1284 Vergiliano
1375 1201 1544 1277 cemimus,
1572 1220 1617 1264 ou

377 1310 433 1391 qui
460 1314 571 1373 omont
597 1309 662 1389 ν’μεύ
684 1308 745 1372 sati
767 1309 892 1372 somnio
914 1308 1040 1389 stupent
1061 1306 1192 1390 probari
1214 1306 1342 1370 videtur
1365 1305 1422 1370 illc
1445 1304 1502 1371 ὅδ’
1525 1304 1617 1371 ἐστὶν

379 1416 420 1480 ὃν
448 1424 509 1498 γῆς
536 1414 661 1499 νέρθεν
684 1415 903 1498 εἰσηκούομεν
927 1416 957 1477 εἰ
978 1416 1023 1497 μή
1046 1411 1076 1496 γ’
1104 1415 1239 1496 ὄνειρον
1262 1413 1300 1478 ἐν
1323 1412 1401 1496 φύει
1424 1438 1455 1477 τι
1480 1413 1617 1478 λεύσσο-

378 1545 439 1604 μεν
463 1522 558 1586 unius
581 1520 745 1603 loquentis
770 1540 850 1603 esse3
879 1522 907 1584 si
930 1542 1006 1584 vero
1029 1519 1227 1603 Amphitryo
1250 1519 1329 1583 haee
1352 1522 1381 1584 εἰ
1404 1522 1448 1603 μή
1473 1518 1504 1603 γ’
1531 1521 1617 1584 ὄνει-

379 1654 441 1715 ρον
466 1678 499 1693 ..
524 1629 707 1711 λεύσσομεν
730 1629 977 1712 interposuerat,
1000 1627 1040 1690 ad
1064 1648 1101 1691 ea
1119 1625 1268 1711 Megarae
1291 1626 1389 1691 verba
1411 1625 1480 1691 ποῖ’
1502 1628 1619 1711 ὄνειρα

338 1758 365 1799 ιο
378 1732 571 1819 κηραίνουσ’
600 1734 668 1818 ὁρῶ
692 1734 746 1797 vix
771 1734 849 1799 satis
873 1738 947 1818 apte
971 1733 1205 1799 accommodari
1228 1755 1331 1817 posse.
1370 1732 1433 1798 Sed
1457 1735 1523 1798 sive
1541 1732 1619 1799 Am-

379 1842 512 1927 phitryo
536 1842 615 1905 haec
639 1863 720 1926 quae
745 1846 821 1906 sunt
843 1842 878 1905 in
901 1863 929 1905 v,
949 1842 1023 1922 517ἣ
1040 1842 1106 1904 sive
1130 1840 1237 1905 verius
1256 1839 1389 1925 Megara
1407 1840 1495 1923 dicit,
1514 1841 1617 1904 oratio

379 1949 451 2033 ipsa
475 1948 554 2011 adeo
579 1947 666 2012 clara
689 1952 738 2013 est
761 1952 793 2011 et
817 1948 947 2012 adrem
972 1948 1130 2032 apposita,
1153 1949 1207 2011 vix
1231 1950 1269 2011 ut
1291 1948 1420 2012 aliunde
1443 1947 1547 2012 lucem
1567 1969 1617 2011 ex-

380 2060 513 2139 spectet.
560 2053 673 2139 Itaque
701 2053 764 2119 κᾶν
792 2056 874 2138 ὄναρ
902 2078 931 2119 v.
951 2054 1017 2119 495
1045 2055 1152 2119 missis
1180 2054 1293 2119 alienis
1321 2054 1523 2119 adminiculis
1552 2055 1618 2118 suis
1634 2066 1675 2121 lo

379 2162 561 2227 rationibus
588 2184 718 2227 necesse
747 2167 797 2226 est
824 2164 979 2246 probetur
1007 2166 1063 2225 aut
1091 2162 1119 2226 si
1146 2162 1179 2225 id
1206 2162 1277 2225 fieri
1304 2183 1368 2225 non
1398 2163 1502 2245 possit
1525 2184 1618 2245 repu-

381 2270 494 2334 dietur.
537 2268 637 2353 Atqui
666 2269 743 2335 licet
772 2269 855 2333 nihil
882 2269 1132 2354 vituperandum
1160 2271 1204 2333 sit
1230 2269 1264 2331 in
1291 2269 1353 2333 hac
1378 2268 1522 2333 oratione
1545 2269 1618 2345 ἅλις

380 2378 443 2461 γὰρ
468 2376 580 2442 ἐλθὼν
603 2374 667 2440 κᾶν
690 2376 908 2460 ὄναρμένοιο
933 2377 985 2458 σύ,
1009 2380 1118 2440 tamen
1139 2376 1194 2440 hic
1216 2397 1327 2440 versus
1351 2376 1452 2459 priori
1475 2375 1618 2438 adnexus

379 2484 517 2568 ἄρηξον,
541 2482 635 2566 ἐλθέ,
659 2482 711 2547 καὶ
729 2486 815 2553 ,σκιὰ
840 2483 973 2566 φάνηθί
993 2508 1050 2565 μοι
1074 2484 1189 2566 incipit
1213 2482 1395 2566 displicere:
1425 2482 1545 2567 quippe
1568 2482 1619 2546 bis

380 2590 465 2655 idem
489 2592 523 2654 in
547 2589 704 2654 ambobus
727 2590 874 2654 versibus
899 2611 1094 2673 quamquam
1114 2612 1186 2654 cum
1205 2590 1360 2653 varietate
1379 2589 1511 2653 dicitur:
1536 2588 1621 2653 unde

380 2697 419 2760 fit
442 2702 479 2760 ut
503 2697 635 2761 alterius
660 2698 763 2761 oratio
787 2698 889 2779 proba
911 2719 968 2780 per
992 2719 1026 2761 se
1047 2698 1223 2780 praemisso
1242 2696 1350 2780 priore
1369 2698 1529 2761 inutiliter
1547 2717 1620 2759 one

340 2829 366 2870 νο
380 2803 445 2869 rari
468 2804 616 2869 videatur
639 2809 671 2868 et
694 2804 766 2888 ipsa
788 2804 943 2868 verietate
968 2804 1114 2888 quaesita
1136 2824 1265 2867 sensum
1290 2801 1479 2888 offendat*).
1517 2801 1621 2879 Quam

380 2911 422 2977 ob
446 2934 514 2975 rem
538 2912 632 2975 nobis
655 2933 722 2976 non
744 2912 783 2975 fit
802 2910 963 2994 credibile,
983 2911 1129 2994 quamvis
1149 2911 1310 2996 ingeniosi
1329 2910 1433 2975 critici
1452 2911 1621 2974 inventum

380 3021 506 3104 pungat
525 3020 677 3102 animum,
696 3020 759 3083 istc
778 3017 938 3102 scripture
955 3040 1064 3082 veram
1083 3022 1198 3101 poetae
1217 3039 1347 3081 manum
1367 3040 1436 3081 esse
1455 3037 1622 3101 recupera-

364 3129 456 3200 tam.
499 3123 715 3208 Simplicitate
739 3147 797 3188 sua
821 3124 949 3188 excellit
973 3125 1059 3207 quod
1079 3122 1279 3188 Godofredus
1298 3123 1504 3188 Hermannus
1530 3123 1621 3188 insti-

380 3233 458 3313 tuit,
486 3232 543 3314 qui
571 3236 766 3296 structuram
794 3230 947 3310 adiuvans
978 3231 1095 3294 ἱκανὸν
1123 3233 1261 3295 mutavit
1284 3231 1318 3296 in
1343 3232 1455 3306 ἱκανὸς
1478 3236 1510 3295 et
1533 3230 1623 3295 hunc

381 3361 509 3404 versum
537 3338 638 3403 edidit
666 3340 739 3414 ἅλις
768 3339 830 3422 γὰρ
859 3336 972 3414 ἐλθὼν
1001 3339 1114 3413 ἱκανὸς
1142 3336 1185 3400 ἂν
1212 3336 1325 3419 γένοιο
1349 3338 1406 3416 σύ,
1436 3337 1528 3401 cuius
1551 3359 1623 3401 sen-

380 3447 516 3532 tentiam
543 3445 590 3510 ita
616 3446 847 3529 interpretetur
876 3445 966 3508 ‘satis
995 3445 1057 3508 erit
1084 3445 1211 3523 etiamsi
1234 3444 1318 3508 nihil
1341 3444 1429 3507 aliud
1453 3465 1549 3527 quem
1569 3467 1622 3508 ve-

380 3553 488 3617 neris?
530 3551 709 3618 Probamus
737 3551 821 3616 hanc
848 3551 1020 3634 rationem,
1050 3573 1244 3635 quamquam
1267 3553 1303 3615 in
1326 3573 1363 3613 ea
1385 3551 1546 3615 sententia
1570 3551 1620 3615 de·

382 3660 541 3724 sideratur
560 3658 684 3741 ahquid
704 3658 791 3742 quod
805 3658 924 3723 referas
940 3657 1027 3723 adid
1042 3658 1130 3742 qnod
1144 3680 1242 3742 supra
1255 3659 1352 3723 tertio
1366 3657 1439 3722 loco
1455 3663 1623 3742 tamquam

381 3767 607 3853 gravissimum
632 3765 775 3850 positum
799 3768 881 3847 erat,
904 3762 960 3828 καὶ
983 3767 1061 3830 σκιὰ
1085 3766 1219 3848 φάνηθί
1238 3788 1304 3846 μοι.
1345 3764 1516 3829 Praeterea
1538 3764 1623 3831 falli·

340 3899 368 3939 οο
382 3896 455 3936 mur
478 3877 535 3937 aut
558 3874 630 3949 ἅλις
652 3894 719 3936 non
743 3872 819 3936 satis
839 3875 913 3954 apte
933 3876 965 3935 et
983 3877 1111 3955 praeter
1129 3872 1286 3936 sermonis
1305 3893 1427 3936 morem
1447 3871 1487 3935 ed
1507 3872 1624 3949 ἱκανὸς

382 3979 546 4064 adiicitur,
575 3979 661 4064 quod
687 4001 746 4064 per
770 4000 804 4043 se
828 3979 933 4043 solum
957 3979 1135 4044 sententiae
1159 3977 1387 4044 satisfaciebat.
1430 3977 1622 4053 Haecldum

384 4087 579 4172 cogitemus,
607 4087 640 4150 in
669 4108 739 4150 eam
768 4085 953 4169 opinionem
980 4085 1154 4150 incidimus
1182 4090 1220 4149 ut
1238 4084 1332 4165 ¹hanc
1354 4107 1419 4149 non
1443 4107 1542 4150 unam
1566 4085 1625 4150 sed

384 4193 463 4278 duas
488 4214 555 4258 esse
579 4193 754 4258 sententies
778 4194 997 4276 opinaremur3
1021 4192 1139 4276 quibus
1163 4193 1211 4257 sic
1229 4196 1267 4256 ut
1284 4215 1344 4276 par
1363 4195 1431 4256 erat
1452 4191 1626 4277 distinctis,

383 4303 521 4383 utraque
546 4321 640 4384 quam
665 4299 804 4364 diximus
828 4299 963 4364 offensio
987 4299 1106 4363 auferri
1130 4298 1285 4364 videatur.

472 4511 536 4581 *19)
555 4509 740 4565 Cumnluntur
749 4509 821 4564 talia
829 4508 907 4564 velut
916 4509 946 4562 in
956 4509 1132 4579 designanda
1140 4512 1264 4563 extrema
1271 4509 1470 4583 imbecillitate
1477 4509 1623 4565 Phoeniss.

384 4620 408 4655 v.
425 4605 494 4655 1543
517 4600 617 4655 πολιὸν
640 4598 757 4667 αἰθέρος
780 4597 890 4665 ἀφανὲς
913 4595 1031 4653 εἴδωλον
1054 4596 1072 4667 ἢ
1097 4597 1182 4652 νέανν
1207 4598 1325 4667 ἔνερθεν
1344 4595 1362 4666 ἢ
1380 4597 1490 4655 πτανὸν
1510 4597 1625 4667 ὄνειρον

383 4689 539 4759 (ef.1ma);
564 4687 613 4743 sed
638 4685 719 4742 σκιὰν
743 4687 778 4740 de
797 4686 917 4741 Hercule
936 4687 1005 4754 quie
1023 4687 1135 4756 proprie
1155 4687 1350 4756 accipiendam
1369 4686 1499 4742 ducimus
1518 4688 1572 4757 (cot
1591 4685 1623 4743 δὲ

384 4779 459 4832 σκιαὶ
480 4776 659 4848 ἀΐσσονσιν),’
673 4775 743 4844 ὄναρ
760 4775 892 4832 ¹alienum
909 4777 1035 4843 videtur,
1057 4792 1149 4844 neque
1168 4790 1218 4830 nos
1238 4778 1267 4831 in
1286 4780 1383 4831 nostra
1403 4793 1489 4830 causa
1507 4776 1642 4854 adiuvet¹

384 4868 461 4936 quod
481 4875 560 4930 σκιᾶς
579 4865 649 4935 ὄναρ
669 4866 800 4921 dixerunt
819 4868 935 4920 veteres.
1453 4870 1455 4877 “
