3967 5725
407 638 475 707 172
638 639 711 691 XLI.
730 641 848 692 INDEX
866 643 1078 694 LECTIONUM
1096 645 1328 698 AESTIVARUM
1347 651 1424 700 1895.

625 799 733 885 ἐγερτὶ
757 817 862 869 κινῶν
884 803 979 890 ἄνδρ’
1006 805 1089 890 ἀνὴρ
1114 805 1310 892 ἐπιρρόθοις

513 905 580 970 414
624 920 792 996 κακοῖσιν,
816 918 918 989 εἴτις
940 910 1033 978 τοῦδ’
1061 911 1275 998 ἀφειδήσοι
1299 917 1415 981 πόνου.

403 1026 455 1092 De
480 1013 581 1081 verbo
605 1014 783 1102 ἀφειδήσοι
809 1021 925 1107 agitur,
949 1018 1036 1104 quod
1057 1042 1160 1105 paene
1182 1021 1334 1086 ultimum
1359 1024 1459 1089 estin
1478 1045 1572 1089 versu
1592 1049 1645 1090 ex-

402 1141 526 1209 trem03
550 1123 641 1190 cuius
666 1147 779 1193 versus
803 1127 962 1193 sententia
982 1149 1050 1191 non
1071 1130 1180 1212 potest
1203 1128 1354 1214 ambigua
1373 1151 1453 1194 esse:
1477 1130 1539 1196 hoc
1558 1133 1645 1198 enim

404 1237 489 1306 dicit
512 1235 631 1316 custos,
654 1234 794 1301 alterum
817 1236 911 1300 alteri
933 1256 1054 1318 eorum,
1078 1235 1133 1319 qui
1158 1235 1203 1299 ibi
1226 1237 1260 1299 in
1279 1236 1425 1301 custodia
1443 1242 1542 1320 erant,
1559 1240 1648 1305 mala

404 1347 512 1415 multa
545 1338 732 1428 ingessisse,
765 1346 789 1409 si
821 1345 893 1428 quis
920 1344 1007 1407 hunc
1034 1340 1192 1428 laborem,
1225 1333 1281 1427 qui
1308 1344 1348 1408 iis
1376 1345 1540 1411 iniunctus
1568 1352 1646 1431 erat,

405 1452 615 1539 neglecturus
639 1454 730 1516 esset.
766 1451 880 1536 Neque
904 1449 1072 1514 dubitabat
1091 1447 1125 1514 G.
1146 1449 1350 1516 Hermannus
1368 1451 1452 1517 hanc
1474 1453 1523 1517 illi
1545 1455 1645 1519 verbo

408 1557 681 1648 significationem
704 1559 854 1642 tribuere,
877 1579 975 1642 quam
998 1557 1063 1622 loci
1081 1557 1196 1623 natura
1214 1558 1396 1645 flagitabat,
1420 1561 1476 1641 qui
1494 1560 1573 1627 haec
1592 1561 1646 1626 ad-

408 1665 538 1734 notavit
567 1663 696 1729 ‘eodem
723 1665 827 1731 redire
855 1665 1033 1748 φείδεσθαι
1057 1669 1164 1731 πόνου
1188 1669 1220 1730 et
1244 1665 1398 1750 ἀφειδεῖν
1419 1669 1539 1752 πόνον,
1568 1691 1646 1752 quo-

369 1805 397 1844 ro
410 1777 498 1841 niam
528 1773 663 1838 alterum
691 1777 740 1836 est
767 1794 831 1837 κοκ
858 1774 938 1838 satus
963 1793 1074 1854 operae
1101 1773 1258 1853 adhibere,
1291 1773 1384 1838 alteri
1411 1773 1509 1839 verbo
1537 1780 1645 1842 autem

410 1880 636 1948 contemnendi
663 1884 696 1944 et
717 1879 903 1966 negligendi
927 1879 1018 1944 notio
1042 1879 1207 1944 adhaesit’.
1250 1878 1313 1944 Sed
1336 1878 1469 1944 verbum
1492 1881 1646 1967 ἀφειδεῖν

410 1987 602 2054 habueritne
630 2009 742 2052 revera
764 1986 798 2050 in
823 1985 1019 2051 Graecorum
1043 2008 1189 2051 sermone
1212 2009 1282 2051 eam
1306 1989 1372 2052 vim
1387 1983 1492 2071 ‘quam
1515 1989 1646 2076 collige
1661 2003 1703 2061 15

410 2097 466 2161 bat
490 2118 529 2160 ex
548 2095 694 2159 oratione
713 2116 795 2178 quae
814 2092 1013 2178 expedienda
1032 2097 1108 2176 crat,
1131 2115 1172 2158 ne
1191 2095 1351 2176 quaesivit
1370 2094 1508 2179 quidem,
1526 2097 1645 2163 nedum

411 2203 580 2287 explorato
607 2224 669 2266 usu
697 2201 849 2267 docuerit.
890 2198 1006 2284 Neque
1034 2200 1137 2286 magis
1165 2199 1228 2265 hoc
1256 2201 1318 2266 sibi
1341 2200 1522 2267 faciendum
1547 2205 1645 2269 credi-

411 2311 527 2375 derunt
560 2310 618 2393 qui
645 2307 823 2373 Hermanni
852 2307 990 2392 vestigia
1017 2307 1201 2372 insistentes
1230 2307 1264 2373 in
1293 2309 1403 2372 eadem
1431 2310 1646 2394 explicatione

410 2417 672 2503 perseverabant,
696 2414 896 2498 Wunderus,
918 2414 1068 2498 Wexius,
1097 2437 1234 2498 quorum
1262 2414 1315 2480 hic
1343 2415 1474 2498 quidem
1496 2416 1645 2501 pluribus

410 2522 517 2589 verbis
540 2524 720 2608 patefacere
744 2522 861 2606 studet,
885 2522 939 2606 qui
960 2523 1093 2587 verbum
1113 2521 1267 2607 ἀφειδεῖν
1286 2545 1304 2585 a
1324 2543 1381 2586 sua
1399 2525 1529 2608 propria
1548 2526 1646 2612 signi-

410 2631 561 2696 ficatione
584 2631 625 2694 ad
648 2652 718 2694 eam
742 2628 890 2694 devenire
912 2631 1069 2714 potuerit,
1098 2651 1194 2713 quam
1218 2627 1390 2713 Sophoclei
1414 2652 1525 2696 versus
1549 2655 1645 2698 causa

411 2737 612 2802 statuebant:
631 2737 672 2801 ‘si
691 2737 744 2801 cui
762 2736 830 2819 rei',
848 2736 963 2820 inquit,
983 2736 1062 2801 ‘non
1080 2737 1242 2821 parcimus
1261 2758 1395 2820 eamque
1410 2739 1647 2826 profundimus,

370 2873 397 2913 ao
411 2867 481 2910 eam
504 2844 650 2930 profecto
673 2865 802 2909 necesse
826 2846 964 2910 estnon
986 2845 1095 2931 magni
1119 2865 1177 2910 nos
1201 2844 1324 2928 fecisse,
1347 2845 1422 2910 inde
1439 2845 1478 2910 fit
1496 2850 1533 2911 ut
1552 2847 1645 2933 ἀφει-

412 2953 476 3018 δέω
500 2951 690 3037 simpliciter
712 2953 755 3016 sit
778 2950 955 3038 negligere,
979 2950 1230 3038 ἀφροντιστέω’.
1272 2951 1398 3028 Quanto
1421 2955 1648 3040 praestitisset,

411 3082 476 3125 uno
500 3060 609 3145 aliquo
628 3057 774 3142 exemplo
792 3058 845 3122 vel
863 3059 1048 3124 testimonio
1068 3060 1131 3124 hoc
1148 3059 1286 3143 probare
1305 3060 1391 3144 quod
1409 3083 1449 3126 ex
1466 3084 1531 3126 uno
1551 3085 1644 3127 versu

410 3168 450 3231 de
485 3189 549 3251 quo
582 3166 794 3232 cummaxime
824 3168 932 3251 agitur
960 3168 1147 3232 conclusum
1175 3167 1366 3232 ratiunculis
1394 3170 1549 3251 expositis
1576 3192 1646 3254 per·

411 3274 544 3339 suadere
572 3274 714 3356 cupiunt.
757 3271 821 3336 Sed
846 3272 949 3337 nihilo
974 3274 1090 3337 melius
1112 3272 1189 3337 huic
1213 3274 1320 3339 officio
1345 3273 1529 3359 interpretis
1553 3278 1644 3342 sutis-

410 3382 556 3446 fecerunt
579 3382 603 3445 ii
627 3380 683 3464 qui
707 3380 904 3444 acontraria
921 3385 1013 3465 parte
1033 3380 1172 3464 stabant,
1194 3380 1342 3465 Bothius,
1365 3380 1565 3468 Hartungus,
1588 3386 1645 3468 qui

410 3488 550 3553 riserunt
567 3486 747 3552 Hermanni
765 3488 1072 3571 interpretationem,
1091 3509 1163 3551 cum
1182 3492 1338 3573 negarent
1356 3488 1426 3552 fieri
1444 3511 1538 3574 posse
1557 3490 1644 3576 quod

410 3596 465 3660 ille
488 3595 674 3678 affirmarat,
697 3596 876 3677 φείδεσθαι
900 3597 933 3659 et
956 3594 1107 3681 ἀφειδεῖν
1132 3595 1166 3659 in
1187 3595 1319 3660 eandem
1338 3595 1460 3661 scilicet
1478 3598 1644 3663 notionem

409 3704 505 3786 coire,
528 3702 583 3767 sed
606 3701 669 3785 ipsi
693 3702 769 3765 dum
792 3700 995 3767 incredibilia
1018 3702 1305 3766 comminiscuntur
1325 3707 1380 3767 aut
1398 3704 1585 3789 reiectanea,
1608 3708 1648 3771 ut

410 3832 503 3874 usum
526 3809 617 3875 verbi
639 3808 675 3872 in
697 3807 930 3873 dubitationem
954 3809 1060 3873 vocati
1084 3809 1374 3893 circumspicerent,
1397 3832 1438 3874 ne
1461 3811 1496 3874 hi
1516 3813 1644 3896 quidem

369 3940 428 3982 aua
448 3939 481 3982 se
499 3919 672 4002 impetrare
689 3918 873 4000 potuerunt.
906 3912 1020 3999 Itaque
1043 3916 1077 3980 iu
1094 3915 1156 3980 hac
1175 3917 1362 4000 quaestione
1382 3919 1507 3982 exstitit
1526 3919 1647 4003 diuque

411 4024 588 4107 permansit
611 4045 648 4086 ea
667 4022 812 4087 condicio
833 4043 915 4105 quae
933 4023 967 4087 in
985 4025 1037 4086 tot
1057 4024 1272 4088 controversis
1291 4023 1435 4088 versibus
1455 4023 1647 4109 Sophocleis

409 4130 520 4195 haeret
542 4132 675 4215 propter
697 4128 859 4214 ignaviam
883 4128 1105 4214 interpretum,
1128 4134 1164 4194 ut
1187 4130 1281 4194 alteri
1304 4135 1423 4217 negent
1446 4130 1533 4215 quod
1552 4132 1644 4196 alteri

409 4237 573 4302 affirmant
600 4236 656 4300 sed
679 4259 699 4300 a
720 4240 836 4300 neutra
858 4240 950 4320 parte
973 4236 1125 4303 afferatur
1148 4260 1212 4321 quo
1236 4238 1337 4302 altera
1360 4238 1507 4303 convinci
1531 4241 1643 4323 possit

409 4342 521 4430 Longe
545 4343 736 4428 prudentius
759 4342 843 4407 hauc
866 4363 995 4408 causam
1019 4345 1086 4429 egit
1108 4343 1289 4429 Bonitzius,
1317 4348 1354 4409 ut
1377 4345 1444 4409 eius
1469 4346 1646 4413 sollertiam

409 4450 532 4536 ingenii
555 4451 699 4515 decebat:
724 4450 779 4533 qui
801 4450 836 4513 in
855 4450 981 4515 schedis
1001 4448 1189 4535 Sophocleis
1209 4474 1234 4517 a.
1257 4452 1342 4516 1857
1363 4452 1456 4518 editis
1476 4452 1516 4541 (11
1531 4478 1561 4539 p.
1576 4452 1647 4540 48),

409 4561 446 4621 ut
478 4578 635 4621 summam
667 4557 736 4620 eius
770 4556 998 4641 disputationis
1030 4558 1273 4643 amplectamur,
1306 4560 1352 4623 ita
1384 4560 1525 4644 disserit,
1558 4560 1646 4645 quod

409 4662 539 4729 Electra
554 4662 734 4748 Sophoclea
753 4663 838 4728 dicat
857 4662 900 4751 (v.
916 4661 996 4750 980)
1016 4674 1124 4749 ψυχῆς
1143 4665 1375 4749 ἀφειδήσαντε,
1395 4665 1429 4730 id
1445 4669 1647 4752 proprietate

410 4770 550 4836 nominis
578 4771 649 4836 fieri
677 4775 714 4834 ut
741 4772 775 4835 in
799 4792 927 4835 sensum
950 4769 1154 4855 ἀμελήσαντε
1177 4783 1285 4857 ψυχῆς
1309 4774 1376 4838 sive
1399 4777 1476 4856 βίον
1500 4766 1647 4858 accipere

408 4876 523 4961 liceat,
559 4878 615 4942 sed
647 4878 731 4942 idem
766 4899 826 4943 nec
859 4877 892 4941 in
924 4878 1058 4943 nomina
1087 4880 1199 4945 cadere
1232 4881 1336 4964 qualis
1368 4884 1472 4959 πόνος
1505 4886 1555 4946 est
1586 4902 1648 4945 nec
