3967 5725
395 645 468 711 260
591 649 687 701 XLVI.
705 649 820 699 INDEX
841 647 1055 699 LEOTIONUM
1073 648 1315 700 BIBERNARUM
1331 647 1460 717 meuses.

563 808 694 885 ἐλπίδες
717 807 746 874 δ’
774 809 866 874 οὔπω
889 805 1091 875 καθεύδουο)
1120 799 1171 886 αἷς
1193 807 1379 897 πέποιθα*)
1403 811 1468 875 σὺν
1490 814 1584 885 θεοῖς

560 913 651 981 τόνδ’
679 915 875 992 ἀποκτείνας
896 918 1074 999 κρατήσειν
1096 916 1196 1000 τῆσδε
1221 920 1367 1000 Θηβαίας
1389 917 1515 1000 χθονός

398 1019 445 1087 ita
476 1021 541 1088 dici
573 1021 724 1087 ridentur
755 1023 846 1107 quasi
879 1021 1010 1098 ἐλπίδες
1036 1023 1120 1086 vires
1149 1020 1304 1106 quaedam
1333 1025 1399 1087 sint
1424 1022 1542 1107 quibus
1569 1043 1638 1088 non

395 1128 512 1214 sopitis
543 1129 682 1194 confisus
709 1136 815 1211 sperat
840 1150 875 1194 se
901 1129 1055 1195 Thebana
1082 1133 1168 1194 terra
1195 1130 1374 1214 potiturum
1402 1150 1485 1214 esse3
1518 1132 1573 1194 aut
1601 1130 1637 1194 in

396 1235 559 1301 Heraclid.
584 1235 693 1303 Iolaus
716 1233 811 1323 (433)

563 1349 666 1426 οἶμαι·
689 1343 724 1407 τί
745 1340 819 1426 δῆτ’
843 1339 982 1427 drappos
1006 1339 1031 1408 ὦ
1055 1341 1195 1407 τάλαινά
1217 1366 1257 1424 με

563 1447 655 1525 ἐλπὶς
677 1447 759 1532 τότ’,
783 1449 824 1513 οὐ
846 1447 1014 1533 μέλλουσα
1038 1451 1203 1514 διατελεῖν
1226 1449 1336 1532 χοίρως

398 1557 455 1621 ubi
478 1557 550 1640 spei
573 1555 779 1640 adscribitur,
803 1555 889 1640 quod
912 1559 1053 1638 spermi
1076 1555 1227 1641 contigit,
1256 1557 1312 1640 qui
1335 1557 1476 1640 primum
1499 1577 1555 1641 spe
1579 1578 1638 1621 sua

400 1663 577 1728 delectatus
606 1661 720 1727 deinde
747 1663 840 1727 inita
866 1663 938 1726 fieri
965 1663 1068 1727 sensit
1095 1684 1176 1747 quse
1200 1666 1391 1746 speraverat.
1428 1662 1558 1728 Electra
1581 1660 1639 1727 So-

358 1797 385 1838 ιο
399 1769 535 1854 phoalca
560 1791 634 1833 cum
656 1790 797 1834 sororem
823 1769 974 1834 admonet
998 1766 1093 1857 (958)

290 1880 297 1894 “
559 1885 617 1940 ποῖ
639 1877 702 1958 γὰρ
725 1886 835 1960 μενεῖς
858 1872 1010 1963 ῥᾴθυμος
1030 1874 1063 1952 ἐς
1071 1875 1134 1941 τίν’
1149 1875 1294 1940 ἐλπίδων

563 1980 699 2064 βλέψαὸ
727 1979 772 2047 ἐτ’
800 1982 922 2067 ὀρθήν;

397 2090 545 2174 loquitur
565 2095 730 2174 tamquam
749 2111 822 2175 spes
841 2091 885 2154 sit
899 2091 1008 2154 nescio
1025 2088 1102 2173 quid
1117 2089 1296 2153 seiunctum
1312 2089 1352 2153 ab
1366 2088 1506 2154 hominis
1521 2093 1638 2176 mente,

400 2197 582 2283 intelligere
605 2200 713 2261 sutem
736 2197 864 2260 videtur
887 2218 980 2280 opem
1003 2219 1084 2281 quac
1102 2196 1192 2260 nulla
1209 2197 1274 2260 iam
1292 2198 1431 2278 speranti
1449 2200 1561 2281 parata
1580 2197 1638 2284 sit3

401 2303 614 2388 similiterque
637 2304 746 2368 eadem
771 2303 809 2366 de
833 2301 946 2368 Oreste
970 2300 1065 2390 (809)

563 2409 756 2486 ἀποσπάσας
778 2411 842 2493 γὰρ
866 2419 923 2493 τῆς
947 2409 1025 2493 ἐμῆς
1049 2417 1131 2494 οἴχει
1155 2411 1278 2494 φρενὸς

563 2517 601 2581 αί
620 2541 677 2601 μοι
699 2520 799 2599 μόναι
822 2527 975 2600 παρῆσαν
1000 2517 1144 2582 ἐλπίδων
1166 2514 1230 2596 ἐτι,

565 2620 600 2688 σὲ
623 2625 747 2706 πατρὸς
768 2623 859 2706 ἥξειν
881 2626 1034 2709 τιμωρόν.

401 2733 570 2796 Postremo
595 2731 630 2794 in
652 2729 791 2794 Hercule
814 2731 901 2815 quod
925 2731 1042 2796 chorus
1066 2730 1144 2795 dicit
1167 2728 1262 2816 (771)

364 2869 391 2909 ω
568 2836 762 2922 δοκημάτων
785 2835 876 2915 ἐκτὸς
898 2833 1005 2921 ἦλθεν
1030 2835 1121 2914 ἐλπίς

402 2944 608 3031 Musgravius
632 2945 761 3030 quidem
785 2944 1040 3029 ‘perabsurdum’
1066 2966 1134 3010 esse
1158 2945 1204 3009 ait
1226 2949 1259 3009 et
1281 2940 1365 3028 ἦλθε
1388 2945 1502 3026 τέρψις
1525 2948 1640 3029 reponi

402 3052 516 3136 suasit;
541 3073 636 3136 quem
655 3074 714 3117 nos
732 3074 798 3116 non
817 3074 996 3137 sequemur,
1021 3073 1218 3136 quamquam
1237 3055 1384 3135 opertum
1402 3056 1451 3115 est
1470 3075 1534 3117 non
1553 3073 1638 3134 spem

402 3158 457 3222 sed
482 3157 515 3222 id
535 3159 621 3243 quod
639 3161 823 3242 ερεναδαίινν
841 3159 904 3222 dici
923 3162 1050 3242 praeter
1069 3159 1340 3244 exspectationem
1358 3160 1491 3223 venisse.
1524 3158 1641 3242 Neque

403 3286 494 3329 secus
518 3287 629 3330 servus
652 3265 822 3331 Plautinus
845 3268 972 3331 locutus
997 3269 1046 3331 est
1069 3266 1104 3329 in
1125 3265 1343 3331 Menaechmis
1366 3263 1404 3352 (v
1423 3267 1453 3349 9,
1468 3265 1526 3353 22)

468 3372 518 3437 Ι)ι’
541 3373 744 3452 immortales,
767 3393 853 3455 spem
874 3375 1069 3455 insperatam
1092 3373 1164 3437 dote
1185 3373 1266 3437 mihi
1288 3393 1383 3454 quam
1404 3374 1557 3454 suspicor,

404 3480 457 3542 cui
485 3478 520 3542 in
548 3481 741 3543 contrariam
768 3483 892 3564 partem
915 3480 1110 3563 respondent
1135 3502 1215 3563 quae
1238 3480 1407 3564 Eutychus
1431 3480 1476 3543 ait
1500 3479 1533 3542 in
1556 3477 1640 3542 Mer-

403 3588 512 3650 catore
537 3582 575 3670 (v
594 3586 624 3668 2,
643 3583 679 3672 2)

470 3691 565 3775 spem
589 3680 746 3774 mauman
769 3714 860 3776 quom
883 3693 1020 3759 obtulisti
1042 3694 1123 3757 λακι
1145 3694 1237 3775 milui,
1261 3694 1319 3758 tibi
1339 3699 1443 3775 protes
1465 3713 1536 3773 opo,

403 3821 476 3863 cum
505 3799 679 3885 utrobique
706 3800 913 3866 manifestum
942 3802 985 3864 sit
1012 3821 1097 3881 spem
1126 3800 1187 3862 dici
1218 3798 1304 3884 quod
1326 3801 1467 3879 εξρανακίί
1490 3799 1643 3885 obtingat

363 3936 391 3976 aa
404 3909 461 3970 out
483 3930 502 3971 a
524 3913 668 3988 sperante
690 3905 866 3992 optetur*).
904 3905 992 3973 Haec
1020 3928 1101 3990 quae
1124 3928 1183 3971 nos
1208 3905 1370 3970 afferimus
1393 3927 1495 3990 pauca
1518 3905 1574 3990 qui
1592 3928 1641 3971 re-

405 4013 566 4097 putaverit
590 4035 629 4077 ex
651 4014 755 4097 iisque
774 4013 836 4077 sibi
855 4014 963 4078 animo
983 4014 1176 4096 informarit,
1201 4034 1297 4096 quam
1316 4012 1405 4075 varia
1424 4011 1508 4095 apud
1527 4015 1639 4097 poetas

405 4140 443 4185 ac
472 4141 567 4204 saepe
594 4120 736 4184 insolens
764 4118 898 4197 ἐλπίδος
926 4120 1100 4204 appellatio
1127 4120 1238 4203 fuerit,
1270 4121 1333 4183 iam
1360 4140 1461 4203 paene
1490 4119 1640 4183 daturum

405 4226 585 4310 opinamur,
607 4248 648 4291 ne
670 4227 752 4291 illud
775 4227 905 4310 quidem
929 4227 1017 4311 quod
1041 4226 1169 4302 ἐλπίδες
1193 4225 1345 4290 ἐκπαῑσαι
1369 4225 1466 4309 δόξης
1490 4226 1641 4290 dicuntum

405 4356 425 4397 u
442 4332 564 4399 ratione
586 4338 642 4398 sut
660 4357 679 4398 a
697 4355 786 4398 more
804 4337 948 4415 veterum
966 4333 1145 4399 abhorrere.
1184 4331 1307 4409 Quodsi
1325 4332 1397 4415 quis
1416 4336 1524 4397 tamen
1542 4332 1639 4397 nimis

513 4542 617 4612 ‘1)cf.
636 4544 748 4598 Hercul.
766 4549 817 4599 105

728 4629 809 4694 οὗτος
827 4630 856 4687 δ’
877 4634 949 4703 ἀνὴρ
969 4633 1083 4701 ἄριστος
1101 4631 1176 4697 ὅστις
1195 4631 1284 4689 ἐλπίσι

727 4720 868 4777 πέποιθεν
886 4722 950 4777 αἰεί.
1005 4751 1008 4757 -

501 4808 565 4873 ’30)
585 4807 669 4877 [llud.
689 4814 740 4862 231
764 4810 831 4878 Spes
854 4812 938 4878 λιοκο,
961 4812 1081 4877 obceno,
1104 4813 1235 4867 subventu
1259 4814 1339 4879 ιιιιλιί,
1365 4813 1450 4865 enimc
1473 4826 1507 4865 εκ
1528 4810 1577 4865 λοι
1594 4810 1647 4863 ιιι·-

406 4914 495 4953 scram
518 4895 612 4965 metu]
