3967 5725
383 588 447 653 136
582 594 641 643 xc.
660 594 776 643 nunnx
794 590 1009 645 suenorum
1026 594 1267 646 mannicum
1287 594 1417 665 recisos.

380 751 466 829 Quid
493 750 711 818 dissimilius
740 777 836 837 quam
864 776 946 839 quae
965 755 1114 820 Valerius
1143 756 1254 821 scribit
1277 759 1398 839 egregie
1419 759 1615 839 superiorum

379 881 474 943 opero
494 862 684 943 paragebant.
724 860 815 925 Idem
838 861 963 928 Ennius
990 860 1086 949 (teste
1110 864 1283 928 scholiasta
1305 863 1460 929 Bemensi
1483 866 1517 927 in
1536 863 1616 928 Ver·

379 967 452 1051 gilii
475 988 584 1053 georg.
603 986 640 1030 1v
656 966 712 1054 72)
736 967 832 1032 etiam
856 968 934 1034 baec
953 969 1035 1033 dixit
1053 969 1089 1033 in
1108 967 1221 1035 octavo
1240 970 1403 1035 annalium
1424 972 1519 1036 Tibia
1537 972 1615 1036 Mle

379 1094 491 1139 sarum
512 1078 628 1157 peragit
654 1076 756 1141 νααλοι.
802 1074 902 1139 Cuius
928 1077 1078 1141 versiculi
1106 1075 1274 1142 Nauckius
1301 1099 1424 1142 memor
1450 1078 1514 1142 fuit
1541 1100 1615 1143 cum

380 1202 493 1245 versus
516 1183 658 1266 tragicos
682 1182 789 1246 ederet
813 1204 832 1245 a
851 1181 990 1248 Stobaeo
1015 1188 1158 1249 servatos
1177 1183 1286 1272 (Treg.
1301 1182 1409 1249 Graec.
1423 1184 1549 1271 Fragm.
1565 1186 1613 1249 ed.

378 1306 405 1353 11
418 1310 449 1373 p.
464 1288 530 1353 946
544 1310 576 1353 n.
590 1287 680 1375 546),
703 1288 738 1352 in
762 1289 879 1373 quibus
894 1288 982 1355 'haec
1005 1290 1165 1356 habentur

969 1399 1029 1462 τὸν
1052 1399 1114 1482 γὰρ
1134 1396 1256 1484 Ὀρφέα
1280 1401 1392 1483 λαβὼν

594 1499 721 1589 ἅπαν*)
745 1526 779 1567 τε
802 1515 940 1587 μουσῶν
963 1503 1220 1588 έννεάφθογγον
1241 1505 1356 1589 μέλος,

594 1610 656 1674 οὐκ
680 1610 723 1675 ἂν
745 1612 881 1693 addocet
905 1610 1051 1695 γαστέρ’,
1074 1609 1157 1676 ἀλλὰ
1181 1614 1235 1677 δεῖ
1253 1615 1340 1693 βίου.

337 1740 365 1781 ιο
379 1714 525 1793 Quorum
548 1717 695 1800 exemplo
719 1717 797 1782 satis
820 1717 967 1781 firmatur
990 1718 1077 1802 quod
1100 1724 1150 1783 est
1173 1719 1258 1804 apud
1276 1720 1420 1785 Ennium
1439 1722 1611 1787 Macram
1629 1738 1651 1793 e

378 1823 485 1902 melos,
501 1840 554 1887 'ne
583 1826 655 1906 quis
684 1840 756 1889 cum
784 1825 1017 1890 recentioribus
1045 1825 1144 1890 Ennii
1172 1826 1352 1893 editoribus
1373 1850 1534 1894 musaeum
1556 1834 1613 1893 sut

285 1948 289 1959 ’
376 1931 457 1995 adeo
474 1936 652 1995 mactatum
671 1930 767 1995 scribi
785 1931 885 1995 malit.
924 1929 986 1997 Sed
1003 1930 1066 1997 hoc
1081 1934 1137 2017 qui
1151 1938 1237 1997 recte
1250 1936 1416 2019 perspexit
1429 1934 1612 2000 Nauckium

372 2040 409 2103 i'n
433 2058 472 2101 eo
495 2038 607 2121 opinio
629 2036 761 2121 fefellit,
788 2037 874 2122 quod
902 2039 1031 2122 clangit,
1059 2061 1124 2103 non
1141 2044 1259 2123 pungit
1280 2043 1447 2126 scripsisse
1469 2042 1612 2106 Ennium

372 2146 554 2209 coniiceret.
583 2143 676 2209 Tibia
695 2145 781 2208 enim
801 2167 882 2229 quae
901 2168 1012 2210 canere
1031 2147 1150 2212 dicitur
1169 2169 1225 2212 cur
1242 2150 1349 2242 minus
1367 2153 1455 2213 recte
1472 2170 1614 2235 pangere

373 2256 504 2316 cantum
528 2251 653 2316 dicatur
674 2272 768 2338 aegre
786 2252 993 2337 intelligitur:
1018 2255 1116 2319 immo
1135 2254 1187 2319 his
1206 2255 1331 2321 duobus
1350 2256 1494 2321 versibus
1513 2256 1613 2321 Ennii

372 2359 435 2423 hoc
463 2358 574 2443 colligi
599 2363 742 2443 oportet,
763 2380 904 2441 paupere
925 2360 1073 2444 verbum,
1102 2361 1259 2445 quidquid
1283 2362 1321 2426 de
1345 2364 1469 2448 origine
1492 2367 1524 2427 et
1547 2365 1613 2447 pri·

373 2465 487 2529 mitiva
509 2466 598 2530 vocis
623 2466 859 2550 significatione
882 2468 1046 2552 statuitur,
1068 2466 1240 2555 ccacadi*)
1265 2492 1360 2533 usum
1379 2476 1523 2536 secutum
1542 2492 1614 2535 esse

371 2572 407 2637 in
436 2594 474 2637 eo
506 2572 594 2655 quod
621 2576 688 2636 tam
715 2594 855 2659 pangere
883 2574 1024 2638 carmina
1047 2596 1143 2658 quam
1168 2597 1307 2662 pangere
1329 2577 1416 2642 facta
1439 2578 1612 2642 dicebatur.

373 2678 500 2743 Eodem
527 2679 626 2743 verbo
654 2679 825 2745 Lucretius
852 2702 930 2744 usus
959 2686 1008 2744 est
1037 2682 1091 2765 qui
1121 2681 1234 2747 scribit
1257 2683 1331 2748 125
1354 2684 1525 2750 scribendis
1546 2706 1615 2749 ver·

331 2810 358 2850 ιο
371 2786 460 2853 αλονε
482 2806 558 2868 quos
580 2807 632 2870 epo
656 2786 695 2850 dc
716 2807 820 2850 rerum
843 2792 961 2851 νολανα
977 2809 1118 2871 μουμου
1139 2809 1246 2869 conor,
1269 2790 1367 2855 1933
1385 2792 1468 2874 quod
1484 2793 1613 2856 obsecro

371 2896 410 2959 dc
423 2916 474 2959 νο
502 2901 568 2958 lam
597 2894 703 2958 lucida
725 2915 833 2977 pango
858 2893 1013 2960 Carmina
1039 2917 1164 2962 musaeo
1186 2899 1365 2979 σοαλλνμσαο
1386 2905 1495 2964 macto
1512 2899 1615 2982 lepore

373 3005 406 3066 et
424 2999 590 3085 Horatius,
614 3001 670 3084 qui
683 3008 832 3083 poemata
843 3023 965 3085 pouces
984 3001 1047 3088 (cp.
1067 3021 1079 3067 1
1100 3003 1150 3082 18,
1168 3003 1228 3091 40)
1247 3009 1280 3069 et
1298 3026 1350 3087 epo
1368 3007 1453 3070 νιίνα
1462 3012 1614 3087 poemata

367 3129 477 3191 μαμμο
501 3104 573 3194 (art.
592 3131 624 3192 p.
641 3105 724 3196 416)
748 3107 834 3174 dicit.
875 3107 985 3192 Atque
1009 3114 1048 3174 ut
1071 3111 1180 3175 omnia
1202 3111 1392 3196 colligamus
1414 3115 1611 3197 testimonia,

373 3214 494 3280 Paulus
517 3216 551 3279 in
571 3216 713 3299 epitome
735 3214 823 3279 Festi
840 3239 871 3300 p.
890 3216 944 3300 le,
963 3216 1007 3280 33
1016 3215 1075 3280 Th.
1095 3217 1174 3282 dicit
1197 3219 1334 3302 Inpapcs
1352 3220 1506 3300 dicantar,
1529 3241 1615 3303 μιαν

436 3423 438 3426 ·
482 3409 528 3479 ’8)
546 3407 692 3464 Nauckius
712 3409 804 3463 αὐτῶν
823 3428 852 3464 τε
871 3409 971 3478 edidit,
989 3410 1103 3478 vimque
1122 3410 1183 3464 eius
1201 3412 1374 3480 pronominis
1394 3413 1530 3481 exemplis
1549 3414 1612 3481 qui-

373 3498 496 3554 busdam
520 3497 675 3553 declaravit
698 3497 802 3568 (Herm.
816 3518 882 3552 xx1v
895 3517 923 3568 p.
938 3505 989 3552 451
1001 3501 1034 3568 s.)
1056 3498 1134 3578 velut
1151 3499 1250 3554 Iliadis
1273 3511 1368 3556 στεῦτο
1387 3501 1441 3572 γὰρ
1461 3499 1611 3572 εὐχόμενος

373 3587 535 3658 νικησέμεν,
549 3577 590 3642 ἐἴ
608 3607 660 3655 περ
685 3585 721 3642 ἂν
745 3588 829 3642 αὐταὶ
852 3596 956 3657 μοῦσαι
978 3586 1110 3643 ἀείδοιεν.
1142 3589 1258 3643 Poterat
1281 3591 1385 3644 addere
1407 3591 1438 3644 in
1460 3591 1612 3646 bimembri

373 3678 502 3732 oratione
526 3677 649 3731 secundo
672 3693 756 3745 saepe
780 3676 848 3731 addi
870 3693 1024 3746 pronomen
1047 3678 1238 3747 exaggerandi
1256 3695 1342 3733 causa
1359 3679 1437 3733 velut
1456 3677 1563 3751 Φοίβου
1581 3699 1611 3734 τε

371 3768 479 3821 καύτοῦ
498 3766 596 3837 ΙΖηνὸς
619 3763 650 3827 ὃς
673 3763 769 3821 κείνου
792 3766 884 3836 πατήρ
909 3765 992 3836 Soph.
1013 3766 1081 3820 Oed.
1102 3766 1244 3833 collem
1269 3765 1327 3822 oer’
1350 3766 1527 3837 spectasses
1546 3768 1615 3848 οὔτ’

372 3857 464 3926 αὐτὴν
491 3853 691 3924 Πηνελόπειαν
720 3854 771 3909 Od.
795 3875 854 3908 xxu
877 3861 942 3923 4253
969 3855 1039 3919 θέας
1066 3854 1098 3919 ts
1124 3858 1170 3911 καὶ
1196 3857 1265 3918 Διὸς
1294 3855 1395 3926 ἔσφαλε
1422 3856 1512 3928 μέγαν
1541 3855 1612 3912 νόον

372 3945 489 4008 Kebros
512 3944 717 4015 Κνπρομενήας
739 3944 854 3998 Theocr.
875 3949 923 4012 30,
942 3951 989 4012 313
1014 3945 1071 4000 ἀπὸ
1094 3945 1217 4008 Κλυτέας
1238 3965 1267 4000 τε
1291 3947 1339 3999 καλ
1363 3947 1439 4001 αὐτῶ
1457 3945 1610 4010 Χάλκωνος

372 4033 488 4087 Theocr.
510 4039 538 4100 7,
558 4039 582 4087 t.
612 4066 645 4074 —
675 4033 772 4088 Claud.
791 4053 856 4087 xxvi
876 4039 928 4088 598
954 4034 1022 4105 Quis
1041 4037 1136 4090 Μαολο
1158 4038 1268 4105 ipsoque
1291 4036 1352 4090 licet
1368 4037 1481 4090 Paeane
1504 4041 1610 4105 recepto

373 4123 520 4177 Enarrare
536 4129 626 4190 ,queat
656 4122 701 4176 Sic
717 4120 821 4192 Ὀρφέα
839 4123 933 4177 αὐτῶν
951 4143 980 4178 τε
995 4127 1120 4178 Μουσῶν
1138 4122 1219 4192 μέλος
1236 4123 1371 4194 coniungi
1385 4126 1452 4192 apte
1466 4126 1608 4192 poterant.

373 4209 481 4280 Temen
491 4209 654 4266 dubitamus
666 4211 700 4266 de
709 4213 829 4266 veritate
839 4212 1028 4267 correctionis.
1051 4212 1090 4266 Ut
1100 4211 1174 4266 enim
1184 4229 1268 4282 saepe
1277 4230 1334 4266 non
1343 4213 1439 4267 Musas
1450 4213 1500 4267 sed
1509 4230 1609 4267 novem

373 4298 470 4352 Musas
489 4299 644 4369 appellant,
663 4304 781 4355 Μοῦσαι
798 4298 827 4354 d'
848 4300 931 4356 ἐννέα
944 4310 1035 4355 πᾶσαι
1048 4300 1232 4371 ἀμειβόμεναι
1246 4300 1380 4370 Odyssea,
1399 4311 1462 4364 ταῖς
1475 4301 1557 4357 έννέα
1572 4302 1610 4372 δὴ

371 4387 566 4458 πεφιλαμένον
586 4389 668 4460 ἔξοχοι
686 4387 810 4450 Μοίσαις
828 4389 1003 4457 Theocritus,
1021 4396 1197 4458 acceptusque
1214 4407 1308 4444 νουσιν
1325 4392 1452 4446 emas
1464 4390 1610 4458 Horatius,

374 4477 451 4532 idem
470 4479 654 4548 caelabtmqac
673 4495 767 4534 esocem
783 4481 876 4534 Mass
894 4496 975 4547 opus,
995 4479 1036 4534 sic
1054 4478 1132 4532 ἅπαν
1151 4478 1189 4533 ad
1207 4478 1424 4550 έννεάφθονγον
1439 4479 1541 4535 referri
1558 4497 1609 4548 po-

372 4565 439 4634 tuit,
457 4569 491 4619 ut
509 4567 551 4620 aie
568 4566 618 4621 ille
636 4567 685 4634 qui
703 4568 769 4629 τοὺς
787 4566 926 4623 Μουσέων
944 4565 1055 4631 πάντας
1073 4567 1160 4622 ἔσεισε
1178 4566 1276 4630 κάλως.
1604 4624 1608 4632 ,

465 4656 529 4724 ⁸17)
550 4655 618 4726 Quis
643 4665 750 4710 curaret
772 4658 909 4726 nymphas
932 4659 961 4711 et
983 4659 1110 4711 carmina
1131 4657 1212 4712 nulla
1233 4674 1333 4713 cauom
1355 4657 1511 4729 Vergilium
1538 4658 1608 4713 item

371 4761 542 4815 componere,
565 4760 620 4813 quo
639 4743 773 4798 Horatius
798 4747 896 4799 codem
919 4745 980 4800 loco
1004 4745 1034 4798 in
1057 4746 1114 4799 vim
1137 4745 1278 4815 duplicem
1301 4747 1391 4801 utitur
1408 4765 1458 4803 acc
1474 4765 1610 4804 sermones

373 4851 422 4906 ego
440 4835 546 4890 mallem
565 4834 699 4902 Βουναία
712 4851 765 4903 per
782 4835 894 4889 λαιαανι
913 4853 995 4903 qoam
1013 4853 1056 4891 res
1073 4853 1230 4905 corapoaere
1246 4844 1342 4908 pestes.
