3967 5725
391 611 459 675 362
661 614 707 664 uu.
728 614 843 664 mnsx
862 613 1077 665 Lucuouuu
1095 613 1327 666 susuwssuu
1340 615 1424 666 Ιιοοο,

387 773 533 840 Phaedro
566 774 611 862 (p.
636 774 692 859 36,
715 772 752 861 4)
785 774 858 840 ὅσοι
891 771 928 838 δὲ
951 773 1088 860 ’Άρεῶς
1121 799 1162 840 τε
1194 772 1439 860 θεραπευταὶ
1468 773 1522 840 καὶ
1550 769 1618 859 μετ’

387 881 516 946 ἐκείνου
535 883 767 965 τιεριετιόλουν,
791 882 871 947 ὅταν
888 879 944 946 ὑπ’
960 879 1106 967 ’Ἑρωτος
1125 881 1250 947 ἁλῶσιν
1268 888 1340 967 κτλ,
1364 881 1518 967 inselligit
1537 883 1622 946 enim

376 987 503 1074 ’Ἀρεῶς
533 1012 569 1053 τε
596 986 799 1072 θεραπευταὶ
827 984 914 1072 ἦσαν
941 1010 1045 1073 neque
1073 989 1136 1054 hoe
1164 988 1328 1054 difficilius
1357 988 1519 1074 cogitetur
1547 989 1622 1073 quis

384 1118 450 1161 non
473 1097 662 1181 praeeessii3
685 1118 790 1181 neque
812 1096 846 1159 in
870 1094 982 1161 eodem
1001 1094 1147 1160 Phaedro
1172 1093 1216 1183 (p.
1234 1094 1284 1179 15,
1303 1093 1359 1182 13)
1382 1094 1458 1181 περὶ
1477 1092 1539 1180 μὲν
1558 1097 1619 1180 γὰρ
1641 1104 1657 1160 7

386 1202 516 1287 ἐδωδὴν
543 1211 712 1284 κρατοῦσα
738 1213 799 1268 τοῦ
826 1205 930 1285 λόγου
953 1211 1014 1268 τού
1037 1202 1177 1284 ἀρίστου
1200 1200 1255 1269 καὶ
1281 1214 1346 1268 τῶν
1369 1204 1481 1268 ἄλλων
1503 1203 1621 1268 ἐπιθυ-

384 1322 471 1393 μιῶν
498 1309 661 1392 ἐπιθυμία
689 1312 981 1395 γαστριμαργία
1008 1308 1126 1374 τεκαὶ
1150 1311 1210 1375 τὸν
1233 1307 1353 1394 ἔχοντα
1375 1310 1499 1375 ταύτὸν
1520 1319 1619 1376 τοῦτο

383 1416 588 1502 κεκλημένον
606 1416 778 1502 ιιαρέξεται
797 1417 969 1482 obscurum
989 1420 1038 1480 est
1057 1417 1134 1501 quid
1154 1416 1228 1482 eddi
1247 1439 1342 1482 sensu
1362 1421 1516 1501 oporteat.
1545 1416 1621 1482 Non

385 1524 566 1589 omittimus
594 1523 761 1589 Theaeteii
794 1524 892 1588 verbe
922 1522 966 1610 (p.
991 1524 1048 1608 29,
1074 1522 1129 1611 15)
1158 1525 1192 1588 τί
1219 1525 1260 1607 δή
1288 1546 1366 1589 ποτε
1395 1527 1622 1608 Πρωταγόρας

384 1632 446 1715 μὲν
469 1634 584 1716 σοφός,
610 1633 695 1697 ὥστε
718 1629 772 1696 καὶ
796 1631 908 1696 ἄλλων
926 1632 1126 1708 διδάσκαλος
1148 1629 1334 1716 ἀξιοῦσθαι,
1357 1631 1450 1716 ἡμεῖς
1469 1627 1506 1695 δὲ
1525 1630 1621 1714 ἀμα-

345 1759 371 1800 ιο
384 1737 575 1824 θέστεροό
599 1761 639 1803 τε
666 1737 721 1803 καὶ
750 1738 928 1822 φοιτητέον
955 1739 1035 1821 ἡμῖν
1063 1734 1106 1821 ἦν
1133 1737 1217 1820 παρ’
1240 1738 1382 1822 ἐκεῖνον,
1409 1738 1466 1802 ubi
1490 1739 1525 1802 in
1548 1759 1620 1802 eon·

384 1845 516 1910 erarium
540 1850 666 1929 partem
689 1846 833 1931 peccavit
857 1847 913 1930 qui
936 1841 978 1928 ἦν
1002 1845 1075 1910 tolh·
1097 1845 1203 1910 vellet.
1242 1843 1303 1910 Sed
1328 1846 1477 1930 graviora
1499 1844 1564 1910 illis
1588 1848 1621 1910 et

382 1951 519 2017 fortasse
544 1955 647 2039 magis
671 1954 769 2018 etium
792 1953 832 2017 ed
854 1953 1111 2037 persuadendum
1135 1954 1283 2038 apposita
1306 1955 1381 2017 suni
1405 1973 1487 2036 quae
1509 1952 1620 2038 legun-

382 2062 437 2123 tur
459 2060 494 2123 in
516 2058 662 2125 Phaedro
687 2057 732 2147 (p.
751 2060 810 2144 25,
830 2058 886 2147 13)
912 2059 1049 2144 ἀτελὴς
1073 2061 1193 2136 αὐτός
1216 2084 1254 2125 τε
1278 2061 1332 2125 καὶ
1356 2058 1376 2143 τ)
1400 2062 1531 2143 ποίησις
1554 2058 1620 2124 ὑπὸ

382 2175 440 2248 τῆς
468 2178 536 2231 τῶν
563 2167 774 2251 μαινομένων
800 2167 983 2251 ἠφανίσθη.
1021 2166 1106 2243 Quid
1129 2169 1215 2233 enim
1238 2167 1318 2232 haee
1341 2167 1460 2232 distare
1483 2166 1619 2232 dicimus

382 2274 423 2337 ab
452 2273 516 2338 illis
544 2274 583 2338 de
605 2274 770 2360 Apologia
798 2275 918 2359 verbis,
946 2297 1028 2364 quae
1056 2274 1150 2340 nobis
1180 2273 1266 2340 cordi
1295 2278 1363 2339 erat
1387 2275 1499 2356 quovis
1523 2275 1618 2356 paeto

380 2380 495 2465 tutari,
521 2379 577 2446 καὶ
605 2381 700 2464 ὑμῶν
726 2391 772 2469 τῷ
794 2385 917 2465 πλήθει
941 2381 1069 2466 ἑταῖρός
1092 2404 1128 2446 τε
1151 2380 1205 2448 καὶ
1230 2380 1395 2466 ξυνέφυγε
1418 2381 1480 2464 τὴν
1503 2381 1617 2464 φυγὴν

382 2489 515 2571 ταύτην.

472 2593 536 2659 Sed
558 2596 598 2660 ad
616 2594 696 2661 haee
713 2595 812 2660 verba
829 2595 967 2662 Phaedri
990 2597 1119 2681 quando
1138 2617 1197 2662 nos
1217 2595 1403 2680 disputandi
1421 2595 1474 2659 vie
1493 2593 1620 2680 detulit,

381 2723 448 2768 non
470 2724 643 2787 possumus
667 2703 770 2768 faeere
794 2704 873 2787 quin
892 2704 1009 2788 quibus
1029 2726 1066 2768 ea
1086 2701 1318 2768 offensionibus
1337 2702 1436 2766 variis
1454 2701 1620 2787 gravibus·

340 2837 369 2878 ιο
385 2832 447 2896 que
471 2810 613 2875 obnoxia
634 2810 755 2876 fuerini
774 2832 847 2877 eum
867 2833 943 2877 eura
960 2810 1204 2897 perpendamus.
1233 2808 1332 2875 Plena
1349 2809 1429 2875 haee
1448 2813 1503 2874 esu
1515 2811 1619 2875 oratio

517 2919 554 2995 ὃς
582 2917 613 2984 δ’
647 2918 690 2984 ἂν
713 2920 793 2985 ἄνευ
817 2923 937 3004 μανίας
960 2923 1113 2985 Μουσῶν
1137 2916 1189 2983 εἰιὶ
1212 2918 1385 3002 ποιητικὰς
1408 2919 1518 3004 θύρας
1541 2917 1618 3001 ἀφό-

516 3049 611 3110 κηται
634 3024 786 3103 πεισθεὶς
809 3026 854 3103 ὡς
877 3028 941 3111 ἄρα
964 3023 1001 3091 ἐκ
1023 3024 1138 3110 τέχνης
1164 3026 1278 3102 ἱκανὸς
1296 3026 1433 3109 ποιητὴς
1452 3016 1618 3107 ἐσόμενος,

516 3133 632 3217 ἀτελὴς
655 3133 754 3211 αὐτός
776 3156 811 3198 τε
834 3131 889 3198 καὶ
912 3132 932 3217 τ)
956 3136 1088 3216 ποίησις
1111 3132 1177 3199 ὑπὸ
1201 3142 1259 3215 τῆς
1280 3144 1348 3198 τῶν
1366 3131 1615 3217 μαινομένωνὴ

515 3249 576 3306 τοῦ
600 3250 860 3325 σωφρονοῦντος
883 3240 1067 3323 ἠφανίσθη.

382 3346 470 3424 Quae
497 3348 594 3413 verba
621 3346 772 3412 insitieiis
800 3346 930 3411 seeretis
958 3347 1005 3412 ita
1033 3347 1163 3430 scripsit
1191 3344 1332 3412 Cobetus
1355 3345 1525 3434 (Mnemos.
1544 3369 1573 3411 u.
1594 3368 1617 3411 s.

381 3472 407 3517 11
433 3454 519 3519 1874
542 3477 572 3538 p.
591 3452 672 3541 259)
701 3453 738 3530 ὃς
767 3452 796 3517 θ’
829 3452 871 3519 ἂν
899 3454 980 3519 ἄνευ
1008 3455 1127 3538 μανίας
1155 3458 1308 3520 Μουσῶν
1336 3451 1389 3519 ἐπὶ
1418 3452 1617 3538 [ποιητικῆς]

381 3562 491 3646 θύρας
514 3560 672 3645 ἀφίκηται
695 3558 874 3645 [πεισθεὶς]
898 3561 943 3637 ῶς
966 3562 1030 3646 ἄρα
1054 3559 1090 3626 ἐκ
1113 3559 1228 3645 τέχνης
1253 3562 1366 3637 ἱκανὸς
1387 3560 1527 3644 ποιητὴς
1550 3558 1619 3625 ἐσό-

381 3691 490 3752 μενος,
514 3690 587 3733 eum
610 3668 689 3731 haee
712 3668 881 3733 adnotaret
905 3668 1132 3751 ‘eouiunpendu
1155 3674 1229 3733 sunt
1252 3666 1305 3732 ἐπὶ
1325 3672 1476 3734 Μουσῶν
1499 3670 1618 3752 θύρας,

380 3776 485 3858 itaque
506 3785 679 3859 ποιητικῆς
701 3776 801 3840 losum
823 3776 860 3839 ν’τι
883 3796 942 3856 quo
964 3776 1113 3841 οονεόεόαό
1135 3774 1256 3841 nullum
1279 3776 1384 3852 haben
1407 3775 1556 3841 εοῑοινναν
1575 3781 1619 3840 eet

339 3906 368 3946 ιο
382 3883 494 3948 deinde
515 3880 668 3959 πεισθεὶς
692 3882 735 3958 ὡς
758 3879 915 3963 ἐσόμενος
931 3903 993 3965 pro
1017 3882 1062 3959 ὡς
1084 3878 1187 3965 ἔσται,
1209 3883 1265 3947 sed
1281 3882 1380 3947 solum
1399 3882 1444 3959 ὡς
1463 3881 1619 3965 ἐσόμενος

380 4011 413 4055 eo
444 4010 537 4055 sensu
562 3991 695 4072 ponitur
721 3995 756 4053 νό
784 3990 813 4053 si
854 3988 1034 4073 “opinatus
1063 4010 1096 4053 se
1126 3988 1247 4054 bonum
1274 3994 1403 4073 poetam
1430 3988 1617 4073 futurum'',

379 4098 484 4179 ι’ίαονο
511 4096 670 4162 ταοῶεόιαα
697 4099 849 4172 ιιεισθείς
874 4095 1099 4161 resecabimus?
1138 4093 1260 4160 Cobeto
1289 4118 1392 4180 nuper
1419 4097 1454 4160 in
1480 4100 1616 4181 utraque

380 4208 472 4291 perte
496 4204 710 4287 adstipulatu-s
730 4206 779 4267 est
797 4202 821 4267 I.
835 4202 859 4267 Ι.
874 4202 1070 4269 Hartmanus
1090 4204 1125 4267 in
1142 4202 1253 4267 libello
1273 4204 1412 4288 perutili,
1437 4225 1501 4288 quo
1521 4225 1617 4287 quae-

380 4333 518 4396 cumque
545 4312 580 4375 in
607 4310 753 4374 Platonis
783 4310 911 4393 seriptis
934 4309 1126 4375 emblemata
1149 4314 1205 4374 eut
1227 4311 1297 4394 ipse
1321 4309 1383 4375 sibi
1406 4315 1462 4375 eui
1485 4309 1541 4375 alii
1564 4310 1616 4375 de-

379 4526 486 4590 missis
515 4524 621 4589 verbis
650 4549 669 4589 a
696 4521 818 4589 Gobeto
846 4526 968 4589 notatis
996 4524 1076 4589 haee
1099 4524 1229 4589 subiicit
1252 4530 1297 4610 (p.
1317 4522 1383 4610 94)
1400 4525 1494 4606 ‘quod
1515 4526 1616 4605 inepte

379 4633 437 4698 isto
465 4633 616 4709 πεισθείς
642 4633 822 4715 sipuifieure
849 4631 946 4696 οοόαθ
970 4631 1183 4714 interpolator,
1211 4632 1248 4695 id
1270 4632 1374 4714 ipsum
1396 4637 1519 4697 venuste
1536 4653 1615 4714 γαν-

378 4738 484 4805 tuales
512 4739 556 4815 ὡς
583 4740 646 4821 ἄρα
672 4740 886 4822 significatum
907 4738 1031 4821 μανιῶν
1058 4739 1307 4804 additamentum
1335 4740 1506 4823 ποιητικός
1530 4737 1616 4825 (aute

379 4419 499 4483 texisse
526 4418 588 4482 visi
616 4422 693 4483 sunt
720 4439 784 4483 uno
814 4422 989 4501 conspeetu
1019 4418 1188 4501 proposuit
1217 4414 1257 4504 (a.
1285 4415 1394 4495 1898).
1436 4416 1499 4493 Qui
1525 4439 1615 4501 pree·

379 4842 503 4931 θύρας)
532 4845 615 4909 idem
640 4843 767 4911 Cobetus
788 4846 925 4923 εαιαύῶ,
948 4848 1037 4911 euius
1059 4847 1218 4912 τ’ννινόννι
1241 4846 1292 4911 hie
1313 4852 1348 4911 ατ
1369 4866 1487 4928 semper
1509 4851 1615 4909 cetere
