3967 5725
448 598 492 663 28
637 602 751 652 XXXV.
772 602 888 651 INDEX
907 600 1122 651 LECTIONUM
1137 600 1370 651 AESTIVARUM
1389 602 1469 651 1892.

446 784 512 827 non
540 763 645 827 minus
672 766 757 827 recte
786 762 904 827 dicitur
932 784 1028 846 quam
1056 762 1151 846 illud,
1179 765 1211 826 et
1238 764 1275 825 ut
1300 764 1364 827 seio
1391 762 1489 827 hercle
1517 762 1564 827 sie
1590 763 1679 843 eripio

447 870 544 935 hercle
566 873 616 933 est
638 871 672 934 in
700 870 761 935 bac
788 869 899 935 fabula
922 888 958 932 lv
973 869 1003 953 3,
1017 867 1060 932 35
1085 871 1117 933 et
1140 870 1173 932 in
1196 867 1347 933 Asinaria
1369 868 1520 952 1113,57.
1565 866 1679 952 Itaque

448 978 494 1042 sic
516 976 700 1041 ratiocinari
723 978 838 1061 possis,
861 976 1067 1041 librariorum
1092 976 1217 1041 incuria
1239 975 1320 1039 duas
1339 976 1577 1041 interiectiones
1597 996 1680 1041 com-

447 1084 534 1168 paris
559 1083 804 1169 significationis
828 1084 913 1149 iuter
935 1104 969 1147 se
991 1086 1204 1166 permutatas,
1228 1084 1275 1146 sic
1298 1086 1384 1147 certe
1403 1084 1438 1145 in
1456 1082 1567 1146 eadem
1587 1103 1681 1147 scena

447 1208 484 1257 ιν
499 1191 528 1275 6,
543 1190 586 1255 55

543 1297 675 1362 Verbera
699 1297 803 1379 e'depol
823 1298 926 1379 fecere
948 1317 1012 1362 oon
1028 1299 1122 1377 polis,
1145 1299 1176 1361 si
1198 1298 1358 1363 emerserit
1373 1318 1473 1378 prope
1495 1298 1538 1361 od
1559 1302 1588 1363 te

447 1404 524 1469 libri
551 1404 614 1489 ipsi
642 1406 769 1469 variant
796 1406 828 1469 et
857 1402 959 1467 Vetus
988 1404 1089 1469 codex
1117 1404 1234 1485 edepol,
1264 1403 1361 1468 ceteri
1388 1404 1487 1468 hercle
1513 1407 1681 1487 testantur,

449 1532 587 1594 quorum
609 1514 759 1583 neutrum
783 1534 801 1573 a
823 1532 933 1574 versus
957 1510 1061 1574 forma
1083 1511 1255 1594 respuitur.
1301 1510 1346 1575 Et
1369 1510 1471 1575 critici
1495 1509 1681 1575 Aululariae

448 1638 577 1682 versum
601 1614 642 1704 (ΙΙ
657 1617 687 1701 2,
702 1614 759 1704 84)

409 1748 435 1789 ιο
1261 1726 1316 1789 sed
1337 1727 1468 1807 aeplios

492 1830 598 1895 Hddie
615 1832 692 1911 qnia
708 1831 867 1912 faciamos
885 1852 962 1895 com
980 1851 1061 1911 poce
1079 1830 1225 1895 coesset?
1243 1829 1254 1914 l
1272 1830 1374 1895 Immo
1392 1832 1497 1913 edepol
1514 1838 1642 1914 optem

450 1938 483 2000 in
508 1937 618 2001 eadem
641 1938 800 2021 particula
823 1936 1065 2019 claudicantem,
1089 1936 1190 2001 altera
1211 1960 1272 2021 pro
1296 1936 1398 2001 altera
1416 1938 1568 2002 restituta
1585 1939 1682 2002 inter-

450 2045 599 2125 iectione,
620 2042 659 2108 ad
683 2043 902 2129 integritatem
927 2046 1070 2109 revocari
1093 2065 1189 2129 posse
1212 2044 1447 2108 existimarunt.

496 2152 599 2217 Hodie
616 2152 693 2232 poia
709 2153 868 2232 fooiornes
886 2173 962 2216 uem
980 2173 1060 2235 qaae
1078 2151 1225 2217 caused?
1243 2151 1254 2236 ΙΙ
1271 2151 1374 2216 Immo
1392 2152 1489 2216 lierda
1506 2155 1642 2232 oplonm.

450 2256 513 2323 Sed
536 2259 598 2323 boc
623 2256 751 2341 quidem
775 2258 963 2345 ambignum
987 2263 1045 2341 est,
1073 2262 1106 2323 et
1127 2260 1261 2323 fuerunt
1285 2259 1341 2341 qui
1364 2257 1429 2322 alio
1452 2256 1547 2322 modo
1570 2279 1682 2322 versus

449 2387 616 2429 mensurae
635 2363 870 2449 prospicerent3
895 2367 983 2429 velut
1003 2387 1106 2450 nuper
1123 2364 1175 2429 Fr.
1190 2365 1255 2430 Leo
1276 2369 1406 2429 auctore
1425 2363 1536 2429 Brixio
1556 2368 1682 2431 servato

449 2472 553 2554 edepol
577 2472 633 2536 sed
656 2474 780 2535 mutato
805 2473 838 2535 in
861 2474 969 2556 priore
993 2476 1087 2555 parte
1105 2472 1255 2536 versiculi
1274 2472 1446 2535 verborum
1465 2471 1576 2537 ordine
1595 2473 1684 2537 hunc

448 2577 650 2663 probabilem
673 2599 802 2642 versum
826 2578 926 2642 edidit

1263 2686 1317 2750 sed
1338 2688 1467 2768 nuptias

409 2814 435 2854 ro
495 2793 583 2857 Nom
601 2813 680 2874 quoe
698 2797 823 2857 occisast
840 2794 917 2875 poio
933 2793 1094 2874 faciemus
1111 2793 1222 2857 bodie?
1239 2793 1250 2878 ll
1267 2793 1370 2857 Immo
1388 2793 1492 2876 edepol
1510 2799 1645 2876 optumo.

449 2898 571 2963 Verum
589 2899 651 2964 hoc
670 2903 745 2963 utut
764 2903 821 2982 est,
839 2902 1036 2984 permutatio
1056 2899 1190 2966 istarum
1204 2901 1437 2984 particularum
1452 2900 1531 2966 satis
1546 2904 1683 2983 constat,

450 3007 540 3072 ouius
564 3007 710 3090 exempla
733 3006 888 3090 quaedam
913 3005 948 3071 Ο.
969 3005 1146 3090 Seyffertus
1174 3007 1209 3071 in
1233 3006 1355 3072 Studiis
1379 3007 1538 3072 Plautinis
1563 3005 1680 3093 (1874)
1700 3032 1721 3086 9

449 3113 516 3198 pb
541 3113 741 3198 disceptavit.
787 3111 833 3177 At
860 3117 968 3178 tamen
996 3113 1129 3178 eandem
1157 3115 1264 3179 versui
1293 3115 1332 3178 de
1364 3136 1428 3198 quo
1460 3115 1596 3179 dicimus
1629 3115 1684 3178 ad·

449 3219 560 3286 hibere
593 3220 784 3285 dubitamus.
831 3219 867 3285 si
899 3222 983 3285 enim
1016 3221 1061 3285 ita
1088 3222 1261 3287 statuimus
1289 3221 1440 3286 Plautum
1469 3221 1593 3286 dedisse
1621 3222 1683 3286 scio

449 3327 563 3392 herde:
586 3327 707 3408 olfacio,
726 3326 932 3391 librariorum
952 3331 1059 3392 autem
1078 3328 1282 3394 oscitantiam
1300 3329 1463 3413 peperisse
1482 3329 1544 3393 seio
1562 3328 1684 3411 edepol:

450 3435 575 3515 olfoei0,
605 3433 718 3498 deinde
746 3455 853 3498 errore
882 3454 1022 3498 errorem
1053 3438 1192 3518 creante,
1221 3435 1308 3518 quod
1335 3457 1421 3500 nunc
1449 3440 1497 3500 est
1525 3435 1684 3518 inlibris,

451 3545 567 3625 ortum,
590 3542 652 3606 seio
675 3539 779 3624 edepol
799 3541 892 3621 facio,
917 3562 1112 3624 quamquam
1135 3541 1170 3604 in
1192 3541 1244 3604 his
1267 3540 1351 3605 nihil
1374 3545 1424 3604 est
1443 3540 1530 3625 quod
1548 3540 1684 3606 incredi-

450 3648 515 3712 bile
538 3649 582 3713 sit
604 3651 660 3712 aut
683 3646 903 3731 improbabile,
931 3649 1040 3712 tamen
1062 3647 1141 3713 baec
1165 3647 1347 3732 explicandi
1369 3649 1452 3711 ratio
1477 3649 1685 3732 simplicitate

451 3777 509 3820 sua
535 3759 697 3839 praestare
724 3775 790 3818 non
818 3753 987 3818 videbitur.
1038 3752 1151 3838 Itaque
1178 3753 1330 3819 Plautum
1363 3753 1491 3836 quidem
1525 3776 1683 3818 asserere

410 3887 436 3927 so
450 3881 521 3926 mus
545 3861 711 3945 scripsisse
736 3881 773 3924 ea
796 3882 878 3944 quae
902 3860 1050 3945 diximus,
1074 3882 1155 3944 quae
1179 3862 1271 3924 unice
1295 3862 1472 3924 sententiae
1493 3865 1526 3924 et
1544 3861 1684 3927 orationi

451 3968 656 4034 conveniunt.

500 4075 583 4156 Quia
596 4094 660 4139 aco
673 4080 717 4140 est
730 4076 815 4140 iolas
828 4095 917 4156 qoem
936 4095 988 4158 epo
1007 4073 1073 4138 eolo
1090 4072 1101 4158 ll
1123 4074 1184 4156 Qui
1201 4073 1285 4138 scis?
1302 4073 1314 4157 l
1331 4073 1403 4139 Seio
1420 4076 1535 4142 dede:
1554 4077 1687 4158 olfacio:

496 4180 584 4245 Nom
607 4182 699 4246 odore
721 4201 835 4246 cosam
858 4183 973 4246 sentiat
994 4182 1024 4246 si
1047 4181 1132 4245 iales
1154 4181 1203 4244 sit.

451 4285 547 4353 Viam
571 4292 677 4352 autem
701 4287 938 4372 depravationis
963 4286 1145 4374 significare
1169 4285 1264 4351 aliam
1283 4287 1368 4373 licet,
1392 4313 1474 4374 quae
1496 4289 1592 4356 nobis
1616 4291 1687 4354 veri

451 4393 589 4460 similior
616 4393 686 4461 visa
713 4399 769 4460 est.
816 4393 879 4471 Qui
906 4395 991 4460 enim
1019 4393 1202 4458 meminerit
1224 4395 1323 4461 berole
1345 4397 1380 4461 in
1402 4397 1559 4462 Palatinis
1582 4397 1689 4481 libris,

452 4502 549 4568 etiam
579 4502 614 4567 in
636 4502 768 4587 Vetere,
798 4526 864 4569 non
894 4504 940 4568 ita
967 4526 1040 4568 raro
1068 4504 1145 4569 ercle
1172 4503 1239 4568 sive
1266 4505 1338 4569 crde
1364 4505 1476 4588 scribi,
1502 4503 1593 4568 velut
1617 4502 1688 4567 Mil.

452 4681 551 4746 virum,
569 4680 665 4734 temen
684 4679 825 4749 opinando
844 4679 898 4733 hoo
916 4679 1052 4748 temptari
1065 4696 1123 4733 non
1137 4679 1243 4734 debuit.
1275 4679 1316 4734 De
1330 4678 1443 4732 iurandi
1458 4679 1586 4733 formulis
1601 4679 1688 4733 Plau-

451 4767 519 4822 tinis
539 4769 569 4826 et
586 4767 764 4824 Terentianis
787 4767 848 4838 egit
870 4766 964 4822 Frank
982 4767 1028 4822 W.
1048 4767 1183 4824 Nicolaon
1206 4769 1237 4822 in
1259 4767 1387 4823 Hcrvard
1411 4767 1523 4822 Studien
1547 4768 1577 4822 in
1600 4767 1688 4822 class.

450 4857 550 4927 philol.
565 4877 592 4912 ιν
609 4863 677 4913 less
692 4876 720 4928 p.
736 4857 791 4929 99]
