3967 5725
731 608 781 658 nn
800 605 978 660 variemus
996 608 1178 659 nnnnnrs
1529 606 1572 669 51

341 768 435 834 Unde
459 773 567 834 tumen
589 769 658 833 noli
682 768 832 856 colligere
856 769 941 853 apud
960 768 1104 834 Ennium
1127 769 1222 833 aliam
1243 768 1419 833 Hannibali
1442 770 1480 833 de
1504 770 1574 833 uni·

340 898 433 941 verso
462 876 548 941 bello
576 874 723 941 Romano
753 876 944 941 sententiam
977 876 1078 940 fuisse
1111 898 1208 960 quam
1234 897 1294 940 nos
1322 879 1455 959 propter
1481 874 1575 939 illum

341 1005 469 1048 versum
494 982 696 1047 statuendam
721 982 871 1047 duximus
896 1004 1033 1066 eumque
1056 983 1119 1047 hoc
1143 984 1280 1047 suasisse
1304 986 1341 1046 111
1359 982 1576 1047 abstineretur

341 1114 360 1153 a
383 1089 478 1174 bello,
501 1112 565 1155 non
590 1094 627 1153 111
646 1111 684 1153 eo
704 1111 768 1174 quo
788 1088 921 1153 decebat
939 1089 1035 1155 modo
1055 1093 1228 1175 gereretur.
1272 1088 1387 1173 Neque
1406 1090 1492 1153 euim
1510 1112 1577 1153 nna

341 1197 379 1261 de
407 1220 442 1262 re
472 1200 528 1261 11111
556 1196 653 1261 semel
682 1196 833 1261 credibile
857 1201 906 1259 est
929 1196 1015 1281 apud
1038 1195 1181 1261 Ennium
1205 1217 1334 1280 quoque
1357 1194 1575 1260 Hannibalem

341 1302 506 1369 Antiocho
535 1325 585 1367 res
615 1304 772 1389 gerendas
795 1307 852 1367 aui
876 1304 1014 1368 suasisse
1038 1307 1094 1367 aut
1118 1303 1314 1369 dissuasione.
1361 1301 1505 1379 Quorum
1530 1304 1576 1365 vi-

341 1432 451 1475 rorum
475 1409 605 1497 ingenio
630 1409 920 1475 diversissimorum
943 1411 1038 1494 quale
1062 1413 1094 1474 eb
1118 1432 1215 1494 quam
1243 1412 1368 1475 varium
1396 1413 1428 1474 et
1457 1431 1575 1493 anceps

341 1518 377 1582 in
400 1517 544 1605 consiliis
572 1517 773 1602 grauissimis
800 1516 899 1581 fuerit
927 1518 1168 1602 commercium,
1195 1517 1247 1582 vel
1269 1517 1406 1581 Liviana
1432 1516 1575 1606 narratio

341 1606 495 1709 patefecit
523 1646 604 1708 quae
633 1614 682 1689 est
704 1624 740 1687 in
761 1623 846 1688 libro
870 1640 981 1687 xxxvl
1001 1645 1025 1688 c.
1048 1623 1103 1707 15,
1121 1624 1150 1688 2.
1171 1628 1203 1687 (11
1223 1646 1248 1689 c.
1268 1624 1326 1708 41,
1345 1624 1375 1689 2.
1395 1624 1429 1708 63
1457 1622 1575 1707 quibus

311 1760 313 1765 ’
343 1731 501 1799 addantur
531 1730 628 1795 etiam
658 1732 736 1795 haec
766 1730 902 1796 Diodori
925 1748 1012 1794 xxlx
1030 1730 1052 1794 3
1070 1754 1100 1815 p.
1121 1730 1185 1794 382
1204 1730 1299 1796 Dind.
1335 1728 1469 1813 'Ibaque
1501 1729 1575 1793 illos
1590 1761 1617 1801 ω

343 1859 454 1902 versus
476 1859 542 1902 non
565 1842 631 1902 tum
655 1838 809 1922 impedire
834 1859 931 1921 quam
950 1832 1100 1902 adiuvare
1118 1842 1261 1903 nostram
1280 1838 1466 1922 opinionem
1484 1841 1576 1920 puta-

342 1967 425 2028 mus,
450 1966 513 2029 que
535 1967 663 2009 versum

551 2050 741 2134 Contempsit
760 2052 861 2133 fontes
884 2052 995 2133 qarbu
1018 2053 1156 2134 exesse
1178 2072 1278 2134 oquae
1299 2054 1348 2117 vis
1450 2078 1452 2082 ·

343 2181 408 2223 una
432 2180 504 2223 cum
528 2157 592 2221 illis
616 2157 720 2224 tribus
743 2159 778 2222 in
801 2159 898 2224 tertio
922 2158 1046 2223 decimo
1070 2159 1177 2223 annali
1200 2158 1231 2222 h.
1255 2181 1280 2223 e.
1305 2160 1340 2223 in
1361 2159 1458 2223 rebus
1483 2158 1578 2223 Anti·

345 2264 419 2330 oebi
441 2266 549 2331 locum
572 2263 723 2330 habuisse
748 2268 925 2350 opinamur.
972 2264 1039 2331 Ser.
1062 2288 1102 2329 m.
1127 2264 1229 2349 April
1253 2289 1280 2331 a.
1299 2282 1578 2331 nncccnxxxxn.
