3967 5725
399 620 466 686 458
593 624 664 674 LVI.
684 624 799 674 INDEX
817 623 1031 675 LEOTIONUM
1049 624 1290 675 HIBERNARUM
1310 621 1443 689 19021103.

401 783 465 849 Sed
487 807 547 850 nos
570 806 637 849 non
659 785 787 870 agimus
810 785 874 849 nisi
893 784 932 849 de
951 783 1043 850 Accii
1061 785 1167 850 verbis
1187 807 1226 851 ex
1245 782 1407 850 Oenomao
1428 784 1634 870 depromptis.
1651 791 1693 847 11

401 889 490 967 Quae
517 894 554 957 ut
582 891 676 956 metri
703 892 841 958 formam
868 892 1048 977 reciperent
1075 893 1164 957 varie
1192 896 1349 977 temptata
1376 896 1494 956 sunta
1517 892 1635 978 doctis;

400 997 479 1062 olim
507 1001 645 1080 exprime
671 1021 731 1083 pro
759 1019 903 1081 exprome
928 1002 1106 1082 posuerimt
1135 999 1221 1082 quod
1249 997 1460 1075 Quieheratus
1488 998 1634 1064 retinuit:
1698 990 1703 998 ¹

741 1111 868 1188 praesto
891 1107 986 1170 diam
1009 1107 1138 1171 adsum:
1162 1107 1325 1188 exprime

538 1213 623 1294 Quid
643 1214 724 1293 fers:
747 1234 824 1278 nam
846 1219 875 1278 ic
896 1213 985 1296 leupo
1009 1214 1084 1278 itere
1105 1233 1194 1278 cerno
1217 1213 1336 1278 eadee.

398 1318 489 1383 Haec
518 1323 568 1383 est
595 1319 652 1382 illa
679 1324 855 1384 metrorum
882 1319 1051 1403 blanditia,
1085 1341 1166 1403 quae
1194 1320 1290 1384 etiem
1318 1319 1421 1385 doctis
1448 1319 1633 1384 hominibus

398 1426 533 1491 subinde
552 1427 663 1491 fucum
680 1426 768 1511 facit,
785 1431 824 1491 ut
838 1427 945 1492 verbis
960 1449 979 1490 a
993 1427 1152 1492 sententia
1167 1426 1413 1492 abhorrentibus
1428 1425 1633 1511 acquiescant

399 1534 476 1616 quie
497 1554 649 1598 numeros
673 1533 812 1617 explent.
850 1533 929 1610 Quis
953 1534 1038 1598 enim
1061 1534 1160 1598 ferret
1178 1533 1241 1598 hoc
1259 1535 1405 1616 reprime,
1429 1533 1632 1617 quodquam

398 1641 543 1724 ineptum
558 1640 601 1704 sit
615 1639 650 1703 in
663 1639 725 1704 hac
739 1639 898 1705 sententia
911 1642 1073 1704 neminem
1086 1640 1200 1727 fugere
1214 1643 1329 1725 potest,
1344 1661 1417 1705 cum
1431 1641 1466 1705 in
1479 1644 1634 1725 promptu

359 1773 386 1813 rc
400 1750 484 1811 esset
501 1766 644 1828 coprem
661 1747 739 1828 quid
754 1748 827 1827 fers,
847 1768 911 1830 quo
930 1746 1014 1810 nihil
1028 1751 1096 1811 erat
1110 1746 1186 1810 huie
1201 1748 1339 1811 orationi
1353 1746 1633 1831 accommodatius,

399 1853 494 1919 modo
522 1853 584 1919 hoe
607 1856 673 1918 tam
696 1853 790 1918 facile
814 1875 910 1936 quam
933 1852 1015 1917 illud
1037 1857 1213 1919 metrorum
1236 1853 1346 1940 generi
1371 1855 1458 1937 quod
1480 1853 1632 1919 volebant

398 1959 621 2044 applicaretur.
659 1959 833 2025 Muellerus
855 1959 972 2024 maluit
994 1959 1074 2024 haec
1097 1961 1142 2024 ite
1165 1960 1229 2024 edi:

667 2068 813 2149 praebia
835 2088 895 2146 ern,
919 2068 986 2132 iam
1009 2067 1143 2132 eduum-‚⁹
1167 2103 1212 2112 —-
1238 2066 1472 2149 ‘expromitm

532 2176 609 2256 quid
628 2174 716 2255 fers?
738 2196 816 2240 uum
838 2180 866 2239 te
888 2195 910 2241 e
932 2174 1022 2258 leupo
1045 2177 1120 2239 itere
1141 2195 1230 2239 cauo
1253 2174 1373 2240 adduc.

397 2279 496 2346 Plura
518 2282 649 2346 novavit
672 2304 753 2366 quae
776 2303 863 2347 nunc
884 2303 951 2346 non
969 2282 1207 2366 persequimur:
1230 2283 1400 2363 expromite
1419 2285 1526 2347 autem
1545 2282 1632 2366 quod

397 2390 521 2472 posuit,
550 2387 689 2453 servavit
716 2388 771 2452 ille
799 2387 929 2472 quidem
957 2388 1090 2453 verbum
1119 2388 1273 2453 traditum
1300 2392 1332 2454 et
1355 2391 1401 2453 rei
1424 2393 1549 2474 aptum,
1577 2389 1633 2454 sed

397 2517 509 2559 versus
537 2496 661 2561 scilicet
684 2495 871 2579 perficiendi
895 2517 991 2561 causa
1014 2518 1087 2561 curn
1111 2497 1280 2578 expromite
1303 2496 1382 2561 facit
1404 2517 1463 2580 pro
1482 2517 1631 2579 capram,

397 2602 449 2666 cui
477 2601 539 2667 hoc
566 2602 733 2686 probabile
760 2601 924 2666 ridebitur
951 2603 1007 2686 qui
1032 2604 1127 2667 modo
1152 2624 1280 2667 sensum
1304 2603 1461 2668 sermonis
1484 2603 1578 2668 affert
1600 2608 1633 2668 et

398 2708 475 2792 quid
498 2710 578 2773 istae
601 2708 725 2773 formae
747 2709 837 2773 verbi
860 2708 981 2773 distent
1003 2731 1070 2773 non
1092 2708 1229 2794 ignorat.

356 2844 383 2884 sc
486 2814 539 2881 Illi
557 2816 693 2881 alterum
712 2837 839 2880 versum
858 2817 1041 2882 trimetrum
1058 2836 1127 2881 esse
1141 2815 1311 2883 iusserunt.
1348 2815 1555 2902 Ribbeckius‚
1575 2818 1631 2903 qui

397 2944 540 3006 ecprorm
562 2925 719 2988 intactum
742 2923 883 3007 reliquit,
905 2923 1022 2987 maluit
1042 2927 1264 2989 tetrametrum
1283 2926 1421 2990 formare
1440 2926 1504 2991 hoc
1521 2926 1630 2991 modo:

692 3035 894 3111 ...praesto
916 3031 1011 3094 etiam
1035 3029 1156 3097 ddsum.
1179 3068 1224 3077 -

530 3138 692 3220 Exprdme
704 3138 782 3219 quid
793 3138 874 3219 fers:
889 3136 966 3201 adm
980 3142 1009 3202 te
1022 3138 1111 3220 leupo
1126 3137 1197 3223 [ob]
1212 3141 1286 3203 itere
1300 3159 1389 3204 cauo
1404 3137 1497 3224 [buo]
1510 3138 1630 3206 rddere.

396 3245 628 3332 supplementa
651 3245 748 3309 missa
770 3243 905 3309 facimus
930 3244 1048 3328 quibus
1073 3244 1177 3310 effecit
1200 3250 1237 3309 ut
1259 3246 1313 3310 hic
1336 3249 1523 3311 tetrameter
1540 3250 1630 3312 recto

395 3355 462 3419 telo
491 3356 600 3419 staret.
641 3350 725 3416 illud
754 3351 964 3435 advertimus,
997 3351 1085 3435 quod
1112 3352 1210 3416 verbe
1233 3358 1359 3434 praesto
1386 3355 1480 3419 etiam
1508 3354 1630 3433 odeum,

395 3462 431 3525 in
454 3461 572 3544 quibus
594 3481 642 3524 em
664 3460 731 3524 ium
754 3480 850 3542 posse
868 3480 928 3543 pro
947 3460 1042 3523 dium
1061 3458 1160 3523 scribi
1179 3460 1317 3523 coniecit
1335 3463 1367 3524 et
1386 3459 1542 3526 Muellero
1561 3482 1631 3546 per·

396 3568 507 3649 suasit,
534 3590 554 3632 a
576 3566 733 3651 proximis
756 3566 864 3630 verbis
886 3587 952 3630 non
976 3565 1082 3630 solum
1105 3564 1197 3631 metri
1223 3586 1338 3650 genere
1362 3566 1418 3631 sed
1442 3568 1538 3633 ctiam
1561 3590 1631 3632 sen-

395 3676 497 3740 tentia
520 3674 682 3758 separavit
703 3673 750 3737 ite
768 3677 805 3737 ut
822 3673 901 3738 haec
920 3672 974 3736 elii
994 3694 1150 3756 personae
1169 3670 1378 3737 adscribenda
1397 3674 1538 3739 duceret:
1561 3696 1630 3739 ver-

395 3804 468 3846 sum
491 3784 600 3845 autern
622 3780 816 3865 paroemieci
833 3783 957 3864 partem
976 3800 1046 3843 esse
1064 3780 1176 3864 voluit,
1200 3781 1314 3844 statuit
1332 3780 1418 3845 enim
1436 3803 1532 3865 quem
1551 3781 1629 3846 haec

354 3915 381 3955 sc
395 3888 553 3954 dicentem
578 3888 686 3972 fingit,
715 3886 840 3970 aliquot
863 3885 1008 3950 versibus
1033 3886 1245 3969 anapaesticis
1269 3887 1441 3953 adventum
1465 3911 1560 3953 suurn
1583 3890 1629 3956 in·

395 3995 502 4060 dicare
520 3995 613 4078 eique
632 3993 706 4057 dein
724 3992 860 4057 alterum
880 3992 926 4057 ite
943 3993 1136 4076 respondere
1155 3997 1192 4058 ut
1210 3993 1336 4058 iuberet
1350 4016 1537 4079 expromere
1552 3996 1630 4080 quid

394 4102 501 4167 ferret.
538 4100 614 4166 Non
637 4121 722 4165 nova
745 4104 794 4164 est
817 4100 896 4165 haec
915 4097 1025 4183 opinio
1045 4099 1084 4163 de
1103 4099 1227 4165 duabus
1246 4101 1392 4185 perionis
1410 4102 1494 4167 inter
1513 4124 1547 4167 se
1566 4125 1630 4168 scr-

394 4208 642 4292 mocinantibus‚
666 4207 722 4272 sed
745 4208 823 4274 olim
846 4208 1022 4292 proposita,
1046 4205 1278 4282 eQuicherato
1302 4207 1433 4292 quidem
1452 4210 1628 4294 repudiata,

393 4427 502 4476 mutae
519 4421 667 4476 declinatio
685 4437 742 4475 non
760 4427 813 4487 θεὴ·
832 4420 867 4475 ac
885 4435 915 4475 co
929 4420 1003 4489 quod
1016 4425 1055 4474 est
1068 4420 1120 4475 iter
1133 4420 1210 4474 iteris
1222 4421 1300 4487 facit,
1315 4420 1350 4473 ab
1363 4436 1393 4474 ec
1407 4422 1480 4488 quod
1494 4428 1533 4476 est
1545 4421 1629 4476 itiner

392 4511 514 4576 itineris,
542 4525 616 4577 quse
643 4513 673 4563 et
693 4509 758 4578 ipsa
779 4511 909 4564 resecant
931 4511 960 4563 et
982 4508 1180 4577 interpolatori
1202 4507 1375 4563 adscribunt.
1408 4508 1541 4577 Idemque
1564 4527 1628 4563 cum

394 4596 538 4653 Charisius
562 4599 645 4653 docet
666 4618 678 4652 1
695 4617 722 4668 p.
742 4603 789 4664 ie,
810 4603 844 4651 20
862 4599 892 4653 et
909 4603 957 4665 49,
973 4604 1005 4651 11
1026 4598 1071 4669 (cf.
1087 4603 1134 4664 83,
1151 4603 1237 4666 3sqq.
1257 4599 1287 4653 et
1304 4615 1331 4666 p.
1348 4602 1412 4666 184,
1429 4604 1461 4652 12
1473 4602 1544 4668 sqq.)
1566 4601 1628 4653 tum

394 4686 554 4742 Priscianus
573 4708 602 4742 vr
616 4706 643 4757 p.
659 4694 719 4754 229,
736 4694 822 4757 1sqq.
850 4688 963 4743 Etenim
981 4688 1050 4756 quin
1068 4687 1152 4757 vulgo
1171 4688 1223 4743 iter
1236 4688 1344 4743 itineris
1358 4689 1504 4756 tamquam
1518 4688 1627 4743 hetero-

394 4774 464 4830 clite
486 4775 629 4845 ferebant,
652 4775 831 4846 grammatici
853 4777 998 4846 negabant
1020 4778 1073 4831 hoc
1096 4778 1172 4831 recte
1195 4776 1269 4843 fieri,
1293 4776 1343 4830 sed
1360 4778 1414 4833 iter
1431 4778 1521 4845 iuris,
1544 4778 1629 4835 itiner
1670 4824 1674 4833 .

394 4867 490 4919 eutem
508 4866 617 4920 itineris
635 4864 736 4921 fecere.
766 4864 821 4919 Oui·
839 4865 927 4937 igitur
944 4867 1072 4920 vetamus
1091 4865 1215 4920 Nonium
1233 4866 1287 4921 hoc
1305 4866 1381 4921 idem
1401 4866 1520 4922 docere?
