<?xml version="1.0" encoding="UTF-8"?>
<!DOCTYPE html PUBLIC "-//W3C//DTD XHTML 1.0 Transitional//EN"
    "http://www.w3.org/TR/xhtml1/DTD/xhtml1-transitional.dtd">
<html xmlns="http://www.w3.org/1999/xhtml" xml:lang="en" lang="en">
 <head>
  <title>
</title>
<meta http-equiv="Content-Type" content="text/html;charset=utf-8" />
  <meta name='ocr-system' content='tesseract 3.04.00' />
  <meta name='ocr-capabilities' content='ocr_page ocr_carea ocr_par ocr_line ocrx_word'/>
</head>
<body>
  <div class='ocr_page' id='page_1' title='image "./iohannisvahleni00vahlgoog/iohannisvahleni00vahlgoog_0519.png"; bbox 0 0 3967 5725; ppageno 0'>
   <div class='ocr_carea' id='block_1_1' title="bbox 529 639 1581 703">
    <p class='ocr_par' dir='ltr' id='par_1_1' title="bbox 529 639 1581 703">
     <span class='ocr_line' id='line_1_1' title="bbox 529 639 1581 703; baseline -0.001 -8"><span class='ocrx_word' id='word_1_1' title='bbox 529 647 579 696; x_wconf 85' lang='lat' dir='ltr'>DE</span> <span class='ocrx_word' id='word_1_2' title='bbox 597 646 760 696; x_wconf 81' lang='lat' dir='ltr'>VERGILII</span> <span class='ocrx_word' id='word_1_3' title='bbox 779 645 941 696; x_wconf 76' lang='lat' dir='ltr'>CARMINE</span> <span class='ocrx_word' id='word_1_4' title='bbox 959 643 1144 697; x_wconf 79' lang='lat' dir='ltr'>BUCOLICO</span> <span class='ocrx_word' id='word_1_5' title='bbox 1164 642 1238 694; x_wconf 85' lang='lat' dir='ltr'>VIII.</span> <span class='ocrx_word' id='word_1_6' title='bbox 1256 642 1347 693; x_wconf 83' lang='lat' dir='ltr'>DISP.</span> <span class='ocrx_word' id='word_1_7' title='bbox 1362 643 1398 693; x_wconf 92' lang='lat'>11.</span> <span class='ocrx_word' id='word_1_8' title='bbox 1517 639 1581 703; x_wconf 78' lang='grc'>527</span> 
     </span>
    </p>
   </div>
   <div class='ocr_carea' id='block_1_2' title="bbox 349 806 1584 1212">
    <p class='ocr_par' dir='ltr' id='par_1_2' title="bbox 349 806 1584 1212">
     <span class='ocr_line' id='line_1_2' title="bbox 486 806 1355 887; baseline -0.001 -16"><span class='ocrx_word' id='word_1_9' title='bbox 486 806 720 871; x_wconf 81' lang='lat' dir='ltr'>Oomrnoonlnre</span> <span class='ocrx_word' id='word_1_10' title='bbox 743 827 872 872; x_wconf 74' lang='lat' dir='ltr'>memus:</span> <span class='ocrx_word' id='word_1_11' title='bbox 896 808 1031 872; x_wconf 86' lang='lat' dir='ltr'>erudelis</span> <span class='ocrx_word' id='word_1_12' title='bbox 1054 813 1087 871; x_wconf 87' lang='lat' dir='ltr'>tn</span> <span class='ocrx_word' id='word_1_13' title='bbox 1109 825 1226 887; x_wconf 82' lang='lat' dir='ltr'>qnoque</span> <span class='ocrx_word' id='word_1_14' title='bbox 1248 809 1355 870; x_wconf 84' lang='lat' dir='ltr'>mater.</span> 
     </span>
     <span class='ocr_line' id='line_1_3' title="bbox 487 910 1333 996; baseline -0.006 -18"><span class='ocrx_word' id='word_1_15' title='bbox 487 913 631 978; x_wconf 75' lang='lat' dir='ltr'>Crudelis</span> <span class='ocrx_word' id='word_1_16' title='bbox 653 920 752 977; x_wconf 84' lang='lat' dir='ltr'>meter</span> <span class='ocrx_word' id='word_1_17' title='bbox 774 915 888 996; x_wconf 79' lang='lat' dir='ltr'>mopis,</span> <span class='ocrx_word' id='word_1_18' title='bbox 912 935 956 978; x_wconf 85' lang='lat' dir='ltr'>nn</span> <span class='ocrx_word' id='word_1_19' title='bbox 972 936 1055 996; x_wconf 86' lang='lat' dir='ltr'>puer</span> <span class='ocrx_word' id='word_1_20' title='bbox 1077 912 1236 996; x_wconf 84' lang='lat' dir='ltr'>improbus</span> <span class='ocrx_word' id='word_1_21' title='bbox 1258 910 1333 975; x_wconf 79' lang='lat' dir='ltr'>iiie?</span> 
     </span>
     <span class='ocr_line' id='line_1_4' title="bbox 396 1019 1316 1102; baseline -0.007 -16"><span class='ocrx_word' id='word_1_22' title='bbox 396 1019 439 1086; x_wconf 84' lang='lat'>50</span> <span class='ocrx_word' id='word_1_23' title='bbox 485 1020 650 1102; x_wconf 82' lang='lat' dir='ltr'>Improlms</span> <span class='ocrx_word' id='word_1_24' title='bbox 672 1020 725 1084; x_wconf 82' lang='lat' dir='ltr'>iile</span> <span class='ocrx_word' id='word_1_25' title='bbox 740 1041 835 1101; x_wconf 89' lang='lat' dir='ltr'>pner,</span> <span class='ocrx_word' id='word_1_26' title='bbox 859 1022 992 1086; x_wconf 83' lang='lat' dir='ltr'>crudelis</span> <span class='ocrx_word' id='word_1_27' title='bbox 1015 1027 1048 1085; x_wconf 90' lang='lat' dir='ltr'>tn</span> <span class='ocrx_word' id='word_1_28' title='bbox 1071 1041 1187 1101; x_wconf 77' lang='lat' dir='ltr'>qnoque</span> <span class='ocrx_word' id='word_1_29' title='bbox 1210 1024 1276 1084; x_wconf 83' lang='lat' dir='ltr'>nent</span> <span class='ocrx_word' id='word_1_30' title='bbox 1310 1068 1316 1080; x_wconf 92' lang='lat'>.</span> 
     </span>
     <span class='ocr_line' id='line_1_5' title="bbox 349 1123 1584 1212; baseline -0.004 -21"><span class='ocrx_word' id='word_1_31' title='bbox 349 1126 425 1191; x_wconf 91' lang='lat' dir='ltr'>Non</span> <span class='ocrx_word' id='word_1_32' title='bbox 448 1132 549 1192; x_wconf 91' lang='lat' dir='ltr'>totam</span> <span class='ocrx_word' id='word_1_33' title='bbox 573 1127 723 1191; x_wconf 76' lang='lat' dir='ltr'>carminis</span> <span class='ocrx_word' id='word_1_34' title='bbox 743 1129 1009 1212; x_wconf 81' lang='lat' dir='ltr'>compositionem</span> <span class='ocrx_word' id='word_1_35' title='bbox 1030 1148 1222 1210; x_wconf 73' lang='lat' dir='ltr'>enarramus,</span> <span class='ocrx_word' id='word_1_36' title='bbox 1246 1147 1356 1188; x_wconf 81' lang='lat' dir='ltr'>verum</span> <span class='ocrx_word' id='word_1_37' title='bbox 1376 1129 1482 1188; x_wconf 87' lang='lat' dir='ltr'>tamen</span> <span class='ocrx_word' id='word_1_38' title='bbox 1502 1123 1584 1188; x_wconf 89' lang='lat' dir='ltr'>illud</span> 
     </span>
    </p>
   </div>
   <div class='ocr_carea' id='block_1_3' title="bbox 339 1230 1625 4949">
    <p class='ocr_par' dir='ltr' id='par_1_3' title="bbox 339 1230 1625 4949">
     <span class='ocr_line' id='line_1_6' title="bbox 349 1230 1583 1318; baseline -0.002 -21"><span class='ocrx_word' id='word_1_39' title='bbox 349 1255 414 1298; x_wconf 91' lang='lat' dir='ltr'>non</span> <span class='ocrx_word' id='word_1_40' title='bbox 446 1256 617 1318; x_wconf 88' lang='lat' dir='ltr'>possumus</span> <span class='ocrx_word' id='word_1_41' title='bbox 646 1254 713 1299; x_wconf 90' lang='lat' dir='ltr'>non</span> <span class='ocrx_word' id='word_1_42' title='bbox 740 1234 935 1298; x_wconf 89' lang='lat' dir='ltr'>transeundo</span> <span class='ocrx_word' id='word_1_43' title='bbox 964 1233 1230 1314; x_wconf 86' lang='lat' dir='ltr'>animadvertere,</span> <span class='ocrx_word' id='word_1_44' title='bbox 1262 1231 1348 1315; x_wconf 90' lang='lat' dir='ltr'>quod</span> <span class='ocrx_word' id='word_1_45' title='bbox 1376 1230 1583 1314; x_wconf 83' lang='lat' dir='ltr'>Ribbeckius,</span> 
     </span>
     <span class='ocr_line' id='line_1_7' title="bbox 348 1337 1583 1425; baseline -0.003 -21"><span class='ocrx_word' id='word_1_46' title='bbox 348 1345 522 1425; x_wconf 90' lang='lat' dir='ltr'>praeeunte</span> <span class='ocrx_word' id='word_1_47' title='bbox 541 1342 670 1424; x_wconf 86' lang='lat' dir='ltr'>quidem</span> <span class='ocrx_word' id='word_1_48' title='bbox 690 1340 886 1424; x_wconf 82' lang='lat' dir='ltr'>Hermanno,</span> <span class='ocrx_word' id='word_1_49' title='bbox 908 1345 957 1405; x_wconf 89' lang='lat' dir='ltr'>ter</span> <span class='ocrx_word' id='word_1_50' title='bbox 975 1340 1061 1405; x_wconf 91' lang='lat' dir='ltr'>edito</span> <span class='ocrx_word' id='word_1_51' title='bbox 1081 1338 1228 1425; x_wconf 86' lang='lat' dir='ltr'>Vergilio</span> <span class='ocrx_word' id='word_1_52' title='bbox 1247 1359 1358 1402; x_wconf 87' lang='lat' dir='ltr'>versus</span> <span class='ocrx_word' id='word_1_53' title='bbox 1377 1337 1583 1401; x_wconf 78' lang='lat' dir='ltr'>intercalares</span> 
     </span>
     <span class='ocr_line' id='line_1_8' title="bbox 349 1444 1583 1533; baseline -0.004 -22"><span class='ocrx_word' id='word_1_54' title='bbox 349 1450 571 1533; x_wconf 89' lang='lat' dir='ltr'>pericoparum</span> <span class='ocrx_word' id='word_1_55' title='bbox 595 1447 728 1512; x_wconf 88' lang='lat' dir='ltr'>ultimos</span> <span class='ocrx_word' id='word_1_56' title='bbox 750 1448 836 1527; x_wconf 86' lang='lat' dir='ltr'>fecit,</span> <span class='ocrx_word' id='word_1_57' title='bbox 861 1469 941 1532; x_wconf 91' lang='lat' dir='ltr'>quos</span> <span class='ocrx_word' id='word_1_58' title='bbox 960 1452 1057 1532; x_wconf 90' lang='lat' dir='ltr'>poeta</span> <span class='ocrx_word' id='word_1_59' title='bbox 1076 1470 1109 1512; x_wconf 94' lang='lat' dir='ltr'>se</span> <span class='ocrx_word' id='word_1_60' title='bbox 1128 1448 1251 1531; x_wconf 90' lang='lat' dir='ltr'>primos</span> <span class='ocrx_word' id='word_1_61' title='bbox 1270 1467 1337 1508; x_wconf 89' lang='lat' dir='ltr'>esse</span> <span class='ocrx_word' id='word_1_62' title='bbox 1356 1444 1497 1509; x_wconf 87' lang='lat' dir='ltr'>voluisse</span> <span class='ocrx_word' id='word_1_63' title='bbox 1517 1465 1583 1508; x_wconf 91' lang='lat' dir='ltr'>cer-</span> 
     </span>
     <span class='ocr_line' id='line_1_9' title="bbox 350 1550 1581 1638; baseline -0.002 -20"><span class='ocrx_word' id='word_1_64' title='bbox 350 1555 484 1620; x_wconf 88' lang='lat' dir='ltr'>tissimis</span> <span class='ocrx_word' id='word_1_65' title='bbox 502 1555 629 1620; x_wconf 90' lang='lat' dir='ltr'>indiciis</span> <span class='ocrx_word' id='word_1_66' title='bbox 649 1556 787 1638; x_wconf 88' lang='lat' dir='ltr'>aperuit:</span> <span class='ocrx_word' id='word_1_67' title='bbox 813 1555 884 1619; x_wconf 90' lang='lat' dir='ltr'>vide</span> <span class='ocrx_word' id='word_1_68' title='bbox 903 1555 955 1619; x_wconf 79' lang='lat'>21.</span> <span class='ocrx_word' id='word_1_69' title='bbox 976 1555 1018 1619; x_wconf 77' lang='lat'>22</span> <span class='ocrx_word' id='word_1_70' title='bbox 1039 1559 1071 1619; x_wconf 87' lang='lat' dir='ltr'>et</span> <span class='ocrx_word' id='word_1_71' title='bbox 1090 1555 1141 1620; x_wconf 87' lang='grc'>68.</span> <span class='ocrx_word' id='word_1_72' title='bbox 1162 1553 1213 1618; x_wconf 87' lang='grc'>69.</span> <span class='ocrx_word' id='word_1_73' title='bbox 1252 1551 1314 1617; x_wconf 86' lang='lat' dir='ltr'>Sed</span> <span class='ocrx_word' id='word_1_74' title='bbox 1332 1551 1429 1636; x_wconf 89' lang='lat' dir='ltr'>primi</span> <span class='ocrx_word' id='word_1_75' title='bbox 1447 1550 1496 1614; x_wconf 92' lang='lat' dir='ltr'>illi</span> <span class='ocrx_word' id='word_1_76' title='bbox 1516 1555 1581 1615; x_wconf 89' lang='lat' dir='ltr'>tres</span> 
     </span>
     <span class='ocr_line' id='line_1_10' title="bbox 348 1651 1582 1745; baseline -0.003 -20"><span class='ocrx_word' id='word_1_77' title='bbox 348 1684 460 1726; x_wconf 84' lang='lat' dir='ltr'>versus</span> <span class='ocrx_word' id='word_1_78' title='bbox 481 1684 521 1726; x_wconf 87' lang='lat' dir='ltr'>ex</span> <span class='ocrx_word' id='word_1_79' title='bbox 539 1663 719 1726; x_wconf 86' lang='lat' dir='ltr'>imitatione</span> <span class='ocrx_word' id='word_1_80' title='bbox 737 1661 900 1727; x_wconf 76' lang='lat' dir='ltr'>Theocriti</span> <span class='ocrx_word' id='word_1_81' title='bbox 920 1663 1072 1745; x_wconf 83' lang='lat' dir='ltr'>expressi,</span> <span class='ocrx_word' id='word_1_82' title='bbox 1096 1661 1212 1745; x_wconf 91' lang='lat' dir='ltr'>quibus</span> <span class='ocrx_word' id='word_1_83' title='bbox 1232 1651 1394 1725; x_wconf 90' lang='lat' dir='ltr'>communi</span> <span class='ocrx_word' id='word_1_84' title='bbox 1413 1662 1582 1741; x_wconf 88' lang='lat' dir='ltr'>poetarum</span> 
     </span>
     <span class='ocr_line' id='line_1_11' title="bbox 348 1764 1625 1854; baseline 0.002 -22"><span class='ocrx_word' id='word_1_85' title='bbox 348 1788 409 1832; x_wconf 88' lang='lat' dir='ltr'>usu</span> <span class='ocrx_word' id='word_1_86' title='bbox 429 1768 595 1833; x_wconf 85' lang='lat' dir='ltr'>inhumani</span> <span class='ocrx_word' id='word_1_87' title='bbox 613 1790 719 1834; x_wconf 87' lang='lat' dir='ltr'>mores</span> <span class='ocrx_word' id='word_1_88' title='bbox 739 1769 863 1854; x_wconf 83' lang='lat' dir='ltr'>origine</span> <span class='ocrx_word' id='word_1_89' title='bbox 881 1791 947 1834; x_wconf 94' lang='lat' dir='ltr'>non</span> <span class='ocrx_word' id='word_1_90' title='bbox 965 1770 1108 1833; x_wconf 89' lang='lat' dir='ltr'>humana</span> <span class='ocrx_word' id='word_1_91' title='bbox 1127 1768 1359 1848; x_wconf 87' lang='lat' dir='ltr'>describuntur,</span> <span class='ocrx_word' id='word_1_92' title='bbox 1378 1787 1442 1829; x_wconf 93' lang='lat' dir='ltr'>non</span> <span class='ocrx_word' id='word_1_93' title='bbox 1462 1764 1581 1829; x_wconf 89' lang='lat' dir='ltr'>habent</span> <span class='ocrx_word' id='word_1_94' title='bbox 1596 1795 1625 1834; x_wconf 80' lang='lat' dir='ltr'>ro</span> 
     </span>
     <span class='ocr_line' id='line_1_12' title="bbox 349 1854 1581 1960; baseline -0.002 -22"><span class='ocrx_word' id='word_1_95' title='bbox 349 1874 435 1958; x_wconf 90' lang='lat' dir='ltr'>quod</span> <span class='ocrx_word' id='word_1_96' title='bbox 459 1877 616 1941; x_wconf 86' lang='lat' dir='ltr'>curiosius</span> <span class='ocrx_word' id='word_1_97' title='bbox 640 1854 847 1960; x_wconf 81' lang='lat' dir='ltr'>expendatur.</span> <span class='ocrx_word' id='word_1_98' title='bbox 883 1874 1006 1940; x_wconf 81' lang='lat' dir='ltr'>Alteris</span> <span class='ocrx_word' id='word_1_99' title='bbox 1029 1879 1137 1939; x_wconf 88' lang='lat' dir='ltr'>autem</span> <span class='ocrx_word' id='word_1_100' title='bbox 1161 1879 1313 1958; x_wconf 86' lang='lat' dir='ltr'>quattuor</span> <span class='ocrx_word' id='word_1_101' title='bbox 1336 1870 1497 1958; x_wconf 79' lang='lat'>(47-50)</span> <span class='ocrx_word' id='word_1_102' title='bbox 1517 1873 1581 1938; x_wconf 90' lang='lat' dir='ltr'>dici</span> 
     </span>
     <span class='ocr_line' id='line_1_13' title="bbox 348 1979 1581 2065; baseline 0 -21"><span class='ocrx_word' id='word_1_103' title='bbox 348 1981 403 2045; x_wconf 87' lang='lat' dir='ltr'>vix</span> <span class='ocrx_word' id='word_1_104' title='bbox 427 1986 537 2065; x_wconf 91' lang='lat' dir='ltr'>potest</span> <span class='ocrx_word' id='word_1_105' title='bbox 557 1987 667 2047; x_wconf 88' lang='lat' dir='ltr'>utrum</span> <span class='ocrx_word' id='word_1_106' title='bbox 692 1983 875 2048; x_wconf 88' lang='lat' dir='ltr'>criticorum</span> <span class='ocrx_word' id='word_1_107' title='bbox 898 1981 1029 2047; x_wconf 90' lang='lat' dir='ltr'>licentia</span> <span class='ocrx_word' id='word_1_108' title='bbox 1051 1982 1125 2065; x_wconf 91' lang='lat' dir='ltr'>plus</span> <span class='ocrx_word' id='word_1_109' title='bbox 1144 2004 1186 2046; x_wconf 89' lang='lat' dir='ltr'>an</span> <span class='ocrx_word' id='word_1_110' title='bbox 1205 1980 1350 2046; x_wconf 91' lang='lat' dir='ltr'>socordia</span> <span class='ocrx_word' id='word_1_111' title='bbox 1368 1979 1581 2063; x_wconf 89' lang='lat' dir='ltr'>interpretum</span> 
     </span>
     <span class='ocr_line' id='line_1_14' title="bbox 348 2087 1582 2172; baseline 0.001 -22"><span class='ocrx_word' id='word_1_112' title='bbox 348 2089 506 2153; x_wconf 90' lang='lat' dir='ltr'>nocuerit:</span> <span class='ocrx_word' id='word_1_113' title='bbox 531 2093 615 2153; x_wconf 86' lang='lat' dir='ltr'>certe</span> <span class='ocrx_word' id='word_1_114' title='bbox 636 2111 677 2154; x_wconf 88' lang='lat' dir='ltr'>ne</span> <span class='ocrx_word' id='word_1_115' title='bbox 700 2089 796 2154; x_wconf 90' lang='lat' dir='ltr'>hodie</span> <span class='ocrx_word' id='word_1_116' title='bbox 820 2089 948 2172; x_wconf 92' lang='lat' dir='ltr'>quidem</span> <span class='ocrx_word' id='word_1_117' title='bbox 972 2089 1006 2153; x_wconf 92' lang='lat' dir='ltr'>in</span> <span class='ocrx_word' id='word_1_118' title='bbox 1030 2089 1222 2172; x_wconf 90' lang='lat' dir='ltr'>quibusdam</span> <span class='ocrx_word' id='word_1_119' title='bbox 1242 2088 1469 2153; x_wconf 83' lang='lat' dir='ltr'>recentissimis</span> <span class='ocrx_word' id='word_1_120' title='bbox 1488 2087 1582 2153; x_wconf 88' lang='lat' dir='ltr'>libris</span> 
     </span>
     <span class='ocr_line' id='line_1_15' title="bbox 348 2194 1580 2279; baseline 0 -22"><span class='ocrx_word' id='word_1_121' title='bbox 348 2199 434 2258; x_wconf 91' lang='lat' dir='ltr'>recte</span> <span class='ocrx_word' id='word_1_122' title='bbox 460 2199 492 2259; x_wconf 88' lang='lat' dir='ltr'>et</span> <span class='ocrx_word' id='word_1_123' title='bbox 515 2199 551 2259; x_wconf 91' lang='lat' dir='ltr'>ut</span> <span class='ocrx_word' id='word_1_124' title='bbox 573 2217 632 2278; x_wconf 94' lang='lat' dir='ltr'>par</span> <span class='ocrx_word' id='word_1_125' title='bbox 654 2195 718 2260; x_wconf 83' lang='lat' dir='ltr'>fuit</span> <span class='ocrx_word' id='word_1_126' title='bbox 740 2195 996 2279; x_wconf 86' lang='lat' dir='ltr'>perscribuntur,</span> <span class='ocrx_word' id='word_1_127' title='bbox 1024 2199 1056 2259; x_wconf 89' lang='lat' dir='ltr'>et</span> <span class='ocrx_word' id='word_1_128' title='bbox 1080 2195 1107 2259; x_wconf 91' lang='lat' dir='ltr'>si</span> <span class='ocrx_word' id='word_1_129' title='bbox 1130 2194 1186 2277; x_wconf 93' lang='lat' dir='ltr'>qui</span> <span class='ocrx_word' id='word_1_130' title='bbox 1210 2195 1386 2260; x_wconf 90' lang='lat' dir='ltr'>enarrando</span> <span class='ocrx_word' id='word_1_131' title='bbox 1410 2195 1494 2259; x_wconf 87' lang='lat' dir='ltr'>tueri</span> <span class='ocrx_word' id='word_1_132' title='bbox 1517 2197 1580 2257; x_wconf 89' lang='lat' dir='ltr'>tra·</span> 
     </span>
     <span class='ocr_line' id='line_1_16' title="bbox 348 2300 1582 2388; baseline 0.001 -24"><span class='ocrx_word' id='word_1_133' title='bbox 348 2302 416 2366; x_wconf 86' lang='lat' dir='ltr'>dita</span> <span class='ocrx_word' id='word_1_134' title='bbox 438 2301 545 2367; x_wconf 85' lang='lat' dir='ltr'>conati</span> <span class='ocrx_word' id='word_1_135' title='bbox 570 2305 658 2384; x_wconf 89' lang='lat' dir='ltr'>sunt,</span> <span class='ocrx_word' id='word_1_136' title='bbox 683 2302 829 2388; x_wconf 85' lang='lat' dir='ltr'>ambigas</span> <span class='ocrx_word' id='word_1_137' title='bbox 852 2323 894 2366; x_wconf 92' lang='lat' dir='ltr'>an</span> <span class='ocrx_word' id='word_1_138' title='bbox 915 2300 951 2367; x_wconf 92' lang='lat' dir='ltr'>hi</span> <span class='ocrx_word' id='word_1_139' title='bbox 973 2301 1103 2388; x_wconf 85' lang='lat' dir='ltr'>longius</span> <span class='ocrx_word' id='word_1_140' title='bbox 1127 2300 1346 2367; x_wconf 82' lang='lat' dir='ltr'>aberraverint</span> <span class='ocrx_word' id='word_1_141' title='bbox 1368 2324 1387 2364; x_wconf 93' lang='lat' dir='ltr'>a</span> <span class='ocrx_word' id='word_1_142' title='bbox 1410 2323 1494 2366; x_wconf 85' lang='lat' dir='ltr'>vero.</span> <span class='ocrx_word' id='word_1_143' title='bbox 1531 2300 1582 2365; x_wconf 88' lang='lat' dir='ltr'>De</span> 
     </span>
     <span class='ocr_line' id='line_1_17' title="bbox 347 2407 1580 2493; baseline 0.002 -23"><span class='ocrx_word' id='word_1_144' title='bbox 347 2407 398 2471; x_wconf 90' lang='lat' dir='ltr'>his</span> <span class='ocrx_word' id='word_1_145' title='bbox 422 2407 523 2492; x_wconf 84' lang='lat' dir='ltr'>igitur</span> <span class='ocrx_word' id='word_1_146' title='bbox 545 2408 692 2473; x_wconf 86' lang='lat' dir='ltr'>versibus</span> <span class='ocrx_word' id='word_1_147' title='bbox 714 2408 944 2493; x_wconf 90' lang='lat' dir='ltr'>temptabimus</span> <span class='ocrx_word' id='word_1_148' title='bbox 967 2407 1082 2492; x_wconf 89' lang='lat' dir='ltr'>ecquid</span> <span class='ocrx_word' id='word_1_149' title='bbox 1106 2408 1184 2473; x_wconf 87' lang='lat' dir='ltr'>certi</span> <span class='ocrx_word' id='word_1_150' title='bbox 1207 2408 1429 2473; x_wconf 84' lang='lat' dir='ltr'>ratiocinando</span> <span class='ocrx_word' id='word_1_151' title='bbox 1453 2408 1580 2473; x_wconf 87' lang='lat' dir='ltr'>efficere</span> 
     </span>
     <span class='ocr_line' id='line_1_18' title="bbox 346 2512 1579 2600; baseline 0.002 -23"><span class='ocrx_word' id='word_1_152' title='bbox 346 2513 450 2578; x_wconf 88' lang='lat' dir='ltr'>liceat.</span> <span class='ocrx_word' id='word_1_153' title='bbox 484 2512 572 2590; x_wconf 86' lang='lat' dir='ltr'>Quos</span> <span class='ocrx_word' id='word_1_154' title='bbox 590 2537 687 2599; x_wconf 88' lang='lat' dir='ltr'>supra</span> <span class='ocrx_word' id='word_1_155' title='bbox 705 2515 872 2600; x_wconf 90' lang='lat' dir='ltr'>posuimus</span> <span class='ocrx_word' id='word_1_156' title='bbox 891 2515 976 2582; x_wconf 89' lang='lat' dir='ltr'>sicut</span> <span class='ocrx_word' id='word_1_157' title='bbox 995 2516 1116 2580; x_wconf 87' lang='lat' dir='ltr'>exarati</span> <span class='ocrx_word' id='word_1_158' title='bbox 1135 2518 1263 2580; x_wconf 86' lang='lat' dir='ltr'>exstant</span> <span class='ocrx_word' id='word_1_159' title='bbox 1280 2516 1314 2580; x_wconf 91' lang='lat' dir='ltr'>in</span> <span class='ocrx_word' id='word_1_160' title='bbox 1332 2515 1424 2581; x_wconf 89' lang='lat' dir='ltr'>libris</span> <span class='ocrx_word' id='word_1_161' title='bbox 1444 2536 1579 2598; x_wconf 91' lang='lat' dir='ltr'>quorum</span> 
     </span>
     <span class='ocr_line' id='line_1_19' title="bbox 347 2621 1580 2707; baseline 0.003 -24"><span class='ocrx_word' id='word_1_162' title='bbox 347 2622 533 2686; x_wconf 88' lang='lat' dir='ltr'>testimonia</span> <span class='ocrx_word' id='word_1_163' title='bbox 555 2621 754 2687; x_wconf 83' lang='lat' dir='ltr'>Ribbeckius</span> <span class='ocrx_word' id='word_1_164' title='bbox 781 2624 950 2689; x_wconf 88' lang='lat' dir='ltr'>recensuit.</span> <span class='ocrx_word' id='word_1_165' title='bbox 987 2621 1132 2707; x_wconf 88' lang='lat' dir='ltr'>Accedit,</span> <span class='ocrx_word' id='word_1_166' title='bbox 1155 2621 1219 2706; x_wconf 82' lang='lat' dir='ltr'>quo</span> <span class='ocrx_word' id='word_1_167' title='bbox 1243 2623 1322 2687; x_wconf 87' lang='lat' dir='ltr'>fides</span> <span class='ocrx_word' id='word_1_168' title='bbox 1345 2622 1517 2687; x_wconf 90' lang='lat' dir='ltr'>memoriae</span> <span class='ocrx_word' id='word_1_169' title='bbox 1536 2625 1580 2687; x_wconf 90' lang='lat' dir='ltr'>al·</span> 
     </span>
     <span class='ocr_line' id='line_1_20' title="bbox 346 2727 1580 2813; baseline 0.001 -22"><span class='ocrx_word' id='word_1_170' title='bbox 346 2728 411 2792; x_wconf 91' lang='lat' dir='ltr'>tius</span> <span class='ocrx_word' id='word_1_171' title='bbox 441 2750 539 2811; x_wconf 89' lang='lat' dir='ltr'>quam</span> <span class='ocrx_word' id='word_1_172' title='bbox 567 2753 586 2793; x_wconf 86' lang='lat' dir='ltr'>a</span> <span class='ocrx_word' id='word_1_173' title='bbox 613 2727 771 2794; x_wconf 90' lang='lat' dir='ltr'>librorum</span> <span class='ocrx_word' id='word_1_174' title='bbox 799 2729 990 2794; x_wconf 84' lang='lat' dir='ltr'>auctoritate</span> <span class='ocrx_word' id='word_1_175' title='bbox 1018 2734 1194 2813; x_wconf 88' lang='lat' dir='ltr'>repetatur,</span> <span class='ocrx_word' id='word_1_176' title='bbox 1223 2729 1309 2812; x_wconf 90' lang='lat' dir='ltr'>quod</span> <span class='ocrx_word' id='word_1_177' title='bbox 1336 2733 1460 2794; x_wconf 82' lang='lat' dir='ltr'>veteres</span> <span class='ocrx_word' id='word_1_178' title='bbox 1484 2729 1580 2794; x_wconf 87' lang='lat' dir='ltr'>inter·</span> 
     </span>
     <span class='ocr_line' id='line_1_21' title="bbox 345 2835 1623 2922; baseline 0.004 -23"><span class='ocrx_word' id='word_1_179' title='bbox 345 2839 452 2920; x_wconf 88' lang='lat' dir='ltr'>pretes</span> <span class='ocrx_word' id='word_1_180' title='bbox 480 2857 513 2900; x_wconf 87' lang='lat' dir='ltr'>se</span> <span class='ocrx_word' id='word_1_181' title='bbox 541 2858 606 2903; x_wconf 92' lang='lat' dir='ltr'>non</span> <span class='ocrx_word' id='word_1_182' title='bbox 634 2835 729 2901; x_wconf 90' lang='lat' dir='ltr'>aliter</span> <span class='ocrx_word' id='word_1_183' title='bbox 756 2858 811 2901; x_wconf 89' lang='lat' dir='ltr'>eos</span> <span class='ocrx_word' id='word_1_184' title='bbox 834 2857 945 2902; x_wconf 87' lang='lat' dir='ltr'>versus</span> <span class='ocrx_word' id='word_1_185' title='bbox 968 2835 1086 2922; x_wconf 78' lang='lat' dir='ltr'>legisse</span> <span class='ocrx_word' id='word_1_186' title='bbox 1108 2835 1349 2919; x_wconf 87' lang='lat' dir='ltr'>interpretando</span> <span class='ocrx_word' id='word_1_187' title='bbox 1372 2837 1578 2921; x_wconf 86' lang='lat' dir='ltr'>patefaciunt.</span> <span class='ocrx_word' id='word_1_188' title='bbox 1593 2864 1623 2904; x_wconf 79' lang='lat' dir='ltr'>ro</span> 
     </span>
     <span class='ocr_line' id='line_1_22' title="bbox 345 2941 1580 3026; baseline 0.003 -21"><span class='ocrx_word' id='word_1_189' title='bbox 345 2941 430 3007; x_wconf 89' lang='lat' dir='ltr'>Nam</span> <span class='ocrx_word' id='word_1_190' title='bbox 455 2965 527 3008; x_wconf 90' lang='lat' dir='ltr'>cum</span> <span class='ocrx_word' id='word_1_191' title='bbox 550 2942 682 3009; x_wconf 82' lang='lat' dir='ltr'>Servius</span> <span class='ocrx_word' id='word_1_192' title='bbox 705 2945 744 3008; x_wconf 89' lang='lat' dir='ltr'>ad</span> <span class='ocrx_word' id='word_1_193' title='bbox 767 2967 796 3008; x_wconf 86' lang='lat' dir='ltr'>v.</span> <span class='ocrx_word' id='word_1_194' title='bbox 815 2944 857 3007; x_wconf 81' lang='lat'>47</span> <span class='ocrx_word' id='word_1_195' title='bbox 883 2943 1017 3009; x_wconf 85' lang='lat' dir='ltr'>adnotat</span> <span class='ocrx_word' id='word_1_196' title='bbox 1035 2943 1178 3009; x_wconf 82' lang='lat' dir='ltr'>Saevus</span> <span class='ocrx_word' id='word_1_197' title='bbox 1195 2944 1310 3008; x_wconf 84' lang='lat' dir='ltr'>Arnor</span> <span class='ocrx_word' id='word_1_198' title='bbox 1329 2944 1469 3009; x_wconf 85' lang='lat' dir='ltr'>docuit:</span> <span class='ocrx_word' id='word_1_199' title='bbox 1487 2947 1580 3026; x_wconf 75' lang='lat' dir='ltr'>qnasi</span> 
     </span>
     <span class='ocr_line' id='line_1_23' title="bbox 345 3050 1578 3133; baseline 0.002 -19"><span class='ocrx_word' id='word_1_200' title='bbox 345 3070 459 3114; x_wconf 87' lang='lat' dir='ltr'>novum</span> <span class='ocrx_word' id='word_1_201' title='bbox 481 3057 580 3116; x_wconf 86' lang='lat' dir='ltr'>ortem</span> <span class='ocrx_word' id='word_1_202' title='bbox 603 3053 779 3117; x_wconf 82' lang='lat' dir='ltr'>insinuarit</span> <span class='ocrx_word' id='word_1_203' title='bbox 801 3057 829 3116; x_wconf 86' lang='lat' dir='ltr'>et</span> <span class='ocrx_word' id='word_1_204' title='bbox 851 3053 979 3133; x_wconf 79' lang='lat' dir='ltr'>infudit.</span> <span class='ocrx_word' id='word_1_205' title='bbox 1002 3057 1031 3115; x_wconf 91' lang='lat' dir='ltr'>et</span> <span class='ocrx_word' id='word_1_206' title='bbox 1053 3051 1125 3116; x_wconf 84' lang='lat' dir='ltr'>bene</span> <span class='ocrx_word' id='word_1_207' title='bbox 1145 3050 1289 3131; x_wconf 83' lang='lat' dir='ltr'>fabulam</span> <span class='ocrx_word' id='word_1_208' title='bbox 1312 3052 1455 3116; x_wconf 82' lang='lat' dir='ltr'>omnibns</span> <span class='ocrx_word' id='word_1_209' title='bbox 1472 3057 1578 3117; x_wconf 85' lang='lat' dir='ltr'>notum</span> 
     </span>
     <span class='ocr_line' id='line_1_24' title="bbox 339 3156 1578 3240; baseline 0.002 -20"><span class='ocrx_word' id='word_1_210' title='bbox 339 3177 399 3237; x_wconf 89' lang='lat' dir='ltr'>per</span> <span class='ocrx_word' id='word_1_211' title='bbox 425 3160 593 3223; x_wconf 80' lang='lat' dir='ltr'>transitum</span> <span class='ocrx_word' id='word_1_212' title='bbox 620 3159 734 3240; x_wconf 81' lang='lat' dir='ltr'>tetipit:</span> <span class='ocrx_word' id='word_1_213' title='bbox 766 3159 836 3239; x_wconf 84' lang='lat' dir='ltr'>qnis</span> <span class='ocrx_word' id='word_1_214' title='bbox 863 3161 947 3222; x_wconf 90' lang='lat' dir='ltr'>enim</span> <span class='ocrx_word' id='word_1_215' title='bbox 974 3159 1100 3239; x_wconf 79' lang='lat' dir='ltr'>ipnorot</span> <span class='ocrx_word' id='word_1_216' title='bbox 1127 3158 1276 3221; x_wconf 84' lang='lat' dir='ltr'>Medeam</span> <span class='ocrx_word' id='word_1_217' title='bbox 1304 3156 1343 3222; x_wconf 86' lang='lat' dir='ltr'>ob</span> <span class='ocrx_word' id='word_1_218' title='bbox 1368 3158 1482 3222; x_wconf 86' lang='lat' dir='ltr'>Iasone</span> <span class='ocrx_word' id='word_1_219' title='bbox 1509 3178 1578 3223; x_wconf 86' lang='lat' dir='ltr'>con·</span> 
     </span>
     <span class='ocr_line' id='line_1_25' title="bbox 345 3263 1578 3345; baseline 0.002 -19"><span class='ocrx_word' id='word_1_220' title='bbox 345 3269 491 3344; x_wconf 89' lang='lat' dir='ltr'>temptum</span> <span class='ocrx_word' id='word_1_221' title='bbox 518 3284 590 3329; x_wconf 87' lang='lat' dir='ltr'>snos</span> <span class='ocrx_word' id='word_1_222' title='bbox 615 3264 698 3345; x_wconf 78' lang='lat' dir='ltr'>filios</span> <span class='ocrx_word' id='word_1_223' title='bbox 725 3264 938 3329; x_wconf 75' lang='lat' dir='ltr'>interemisse?</span> <span class='ocrx_word' id='word_1_224' title='bbox 964 3265 1065 3328; x_wconf 83' lang='lat' dir='ltr'>utitur</span> <span class='ocrx_word' id='word_1_225' title='bbox 1087 3269 1189 3327; x_wconf 86' lang='lat' dir='ltr'>antem</span> <span class='ocrx_word' id='word_1_226' title='bbox 1212 3264 1330 3343; x_wconf 88' lang='lat' dir='ltr'>optimo</span> <span class='ocrx_word' id='word_1_227' title='bbox 1353 3263 1578 3329; x_wconf 83' lang='lat' dir='ltr'>moderatione:</span> 
     </span>
     <span class='ocr_line' id='line_1_26' title="bbox 345 3369 1577 3453; baseline 0.002 -20"><span class='ocrx_word' id='word_1_228' title='bbox 345 3391 420 3434; x_wconf 89' lang='lat' dir='ltr'>nom</span> <span class='ocrx_word' id='word_1_229' title='bbox 446 3388 501 3434; x_wconf 89' lang='lat' dir='ltr'>nee</span> <span class='ocrx_word' id='word_1_230' title='bbox 523 3376 618 3434; x_wconf 92' lang='lat' dir='ltr'>totnm</span> <span class='ocrx_word' id='word_1_231' title='bbox 642 3371 756 3435; x_wconf 84' lang='lat' dir='ltr'>Amori</span> <span class='ocrx_word' id='word_1_232' title='bbox 778 3372 978 3453; x_wconf 70' lang='lat' dir='ltr'>imputatne</span> <span class='ocrx_word' id='word_1_233' title='bbox 1000 3370 1147 3451; x_wconf 81' lang='lat' dir='ltr'>defendat</span> <span class='ocrx_word' id='word_1_234' title='bbox 1163 3369 1377 3450; x_wconf 82' lang='lat' dir='ltr'>parricidam,</span> <span class='ocrx_word' id='word_1_235' title='bbox 1405 3391 1460 3436; x_wconf 88' lang='lat' dir='ltr'>nee</span> <span class='ocrx_word' id='word_1_236' title='bbox 1482 3376 1577 3436; x_wconf 92' lang='lat' dir='ltr'>totnm</span> 
     </span>
     <span class='ocr_line' id='line_1_27' title="bbox 345 3476 1577 3558; baseline 0.004 -19"><span class='ocrx_word' id='word_1_237' title='bbox 345 3478 450 3554; x_wconf 84' lang='lat' dir='ltr'>metri,</span> <span class='ocrx_word' id='word_1_238' title='bbox 473 3497 512 3541; x_wconf 90' lang='lat' dir='ltr'>ne</span> <span class='ocrx_word' id='word_1_239' title='bbox 534 3477 681 3540; x_wconf 84' lang='lat' dir='ltr'>Amorem</span> <span class='ocrx_word' id='word_1_240' title='bbox 705 3478 822 3541; x_wconf 82' lang='lat' dir='ltr'>enimet</span> <span class='ocrx_word' id='word_1_241' title='bbox 845 3477 952 3558; x_wconf 82' lang='lat' dir='ltr'>mdpo;</span> <span class='ocrx_word' id='word_1_242' title='bbox 975 3476 1031 3541; x_wconf 86' lang='lat' dir='ltr'>sed</span> <span class='ocrx_word' id='word_1_243' title='bbox 1052 3482 1081 3540; x_wconf 87' lang='lat' dir='ltr'>et</span> <span class='ocrx_word' id='word_1_244' title='bbox 1101 3476 1192 3539; x_wconf 85' lang='lat' dir='ltr'>iliam</span> <span class='ocrx_word' id='word_1_245' title='bbox 1215 3496 1295 3557; x_wconf 81' lang='lat' dir='ltr'>qnae</span> <span class='ocrx_word' id='word_1_246' title='bbox 1310 3478 1425 3557; x_wconf 87' lang='lat' dir='ltr'>pnrnit</span> <span class='ocrx_word' id='word_1_247' title='bbox 1441 3484 1470 3543; x_wconf 90' lang='lat' dir='ltr'>et</span> <span class='ocrx_word' id='word_1_248' title='bbox 1486 3478 1577 3543; x_wconf 82' lang='lat' dir='ltr'>illum</span> 
     </span>
     <span class='ocr_line' id='line_1_28' title="bbox 344 3581 1575 3667; baseline 0.004 -22"><span class='ocrx_word' id='word_1_249' title='bbox 344 3584 399 3663; x_wconf 77' lang='lat' dir='ltr'>qni</span> <span class='ocrx_word' id='word_1_250' title='bbox 426 3585 521 3665; x_wconf 84' lang='lat' dir='ltr'>coepit</span> <span class='ocrx_word' id='word_1_251' title='bbox 541 3585 681 3648; x_wconf 76' lang='lat' dir='ltr'>inurent:</span> <span class='ocrx_word' id='word_1_252' title='bbox 708 3582 792 3648; x_wconf 88' lang='lat' dir='ltr'>idem</span> <span class='ocrx_word' id='word_1_253' title='bbox 816 3582 856 3646; x_wconf 89' lang='lat' dir='ltr'>ad</span> <span class='ocrx_word' id='word_1_254' title='bbox 874 3605 903 3647; x_wconf 87' lang='lat' dir='ltr'>v.</span> <span class='ocrx_word' id='word_1_255' title='bbox 923 3581 966 3648; x_wconf 83' lang='lat'>50</span> <span class='ocrx_word' id='word_1_256' title='bbox 989 3582 1187 3665; x_wconf 87' lang='lat' dir='ltr'>Improbns</span> <span class='ocrx_word' id='word_1_257' title='bbox 1209 3582 1275 3647; x_wconf 83' lang='lat' dir='ltr'>itte</span> <span class='ocrx_word' id='word_1_258' title='bbox 1291 3604 1386 3665; x_wconf 86' lang='lat' dir='ltr'>pner</span> <span class='ocrx_word' id='word_1_259' title='bbox 1408 3605 1431 3649; x_wconf 88' lang='lat' dir='ltr'>e.</span> <span class='ocrx_word' id='word_1_260' title='bbox 1451 3591 1470 3649; x_wconf 88' lang='lat' dir='ltr'>t.</span> <span class='ocrx_word' id='word_1_261' title='bbox 1489 3607 1516 3667; x_wconf 80' lang='lat' dir='ltr'>q.</span> <span class='ocrx_word' id='word_1_262' title='bbox 1536 3608 1575 3650; x_wconf 92' lang='lat' dir='ltr'>m.</span> 
     </span>
     <span class='ocr_line' id='line_1_29' title="bbox 344 3689 1575 3773; baseline 0.002 -19"><span class='ocrx_word' id='word_1_263' title='bbox 344 3709 407 3753; x_wconf 91' lang='lat' dir='ltr'>non</span> <span class='ocrx_word' id='word_1_264' title='bbox 425 3694 469 3754; x_wconf 87' lang='lat' dir='ltr'>est</span> <span class='ocrx_word' id='word_1_265' title='bbox 485 3690 645 3771; x_wconf 79' lang='lat' dir='ltr'>snperflno</span> <span class='ocrx_word' id='word_1_266' title='bbox 662 3690 737 3754; x_wconf 79' lang='lat' dir='ltr'>hoec</span> <span class='ocrx_word' id='word_1_267' title='bbox 754 3689 914 3754; x_wconf 83' lang='lat' dir='ltr'>verborum</span> <span class='ocrx_word' id='word_1_268' title='bbox 932 3691 1072 3755; x_wconf 78' lang='lat' dir='ltr'>iteratio:</span> <span class='ocrx_word' id='word_1_269' title='bbox 1091 3710 1167 3754; x_wconf 88' lang='lat' dir='ltr'>nom</span> <span class='ocrx_word' id='word_1_270' title='bbox 1185 3690 1381 3773; x_wconf 75' lang='lat' dir='ltr'>sptlepismns</span> <span class='ocrx_word' id='word_1_271' title='bbox 1399 3697 1443 3757; x_wconf 90' lang='lat' dir='ltr'>est</span> <span class='ocrx_word' id='word_1_272' title='bbox 1452 3692 1575 3773; x_wconf 83' lang='lat' dir='ltr'>plenus,</span> 
     </span>
     <span class='ocr_line' id='line_1_30' title="bbox 343 3796 1576 3880; baseline 0.002 -21"><span class='ocrx_word' id='word_1_273' title='bbox 343 3798 398 3877; x_wconf 81' lang='lat' dir='ltr'>qni</span> <span class='ocrx_word' id='word_1_274' title='bbox 416 3802 534 3861; x_wconf 79' lang='lat' dir='ltr'>corrstot</span> <span class='ocrx_word' id='word_1_275' title='bbox 552 3817 589 3861; x_wconf 81' lang='lat' dir='ltr'>en</span> <span class='ocrx_word' id='word_1_276' title='bbox 600 3798 821 3879; x_wconf 77' lang='lat' dir='ltr'>propositione,</span> <span class='ocrx_word' id='word_1_277' title='bbox 844 3798 1063 3878; x_wconf 79' lang='lat' dir='ltr'>assumptione,</span> <span class='ocrx_word' id='word_1_278' title='bbox 1086 3796 1284 3876; x_wconf 81' lang='lat' dir='ltr'>conclusione,</span> <span class='ocrx_word' id='word_1_279' title='bbox 1308 3796 1430 3880; x_wconf 89' lang='lat' dir='ltr'>liquide</span> <span class='ocrx_word' id='word_1_280' title='bbox 1449 3802 1576 3864; x_wconf 89' lang='lat' dir='ltr'>constat</span> 
     </span>
     <span class='ocr_line' id='line_1_31' title="bbox 344 3903 1620 3988; baseline 0.002 -22"><span class='ocrx_word' id='word_1_281' title='bbox 344 3924 417 3966; x_wconf 91' lang='lat' dir='ltr'>eum</span> <span class='ocrx_word' id='word_1_282' title='bbox 446 3907 599 3986; x_wconf 87' lang='lat' dir='ltr'>quattuor</span> <span class='ocrx_word' id='word_1_283' title='bbox 626 3904 700 3968; x_wconf 88' lang='lat' dir='ltr'>illos</span> <span class='ocrx_word' id='word_1_284' title='bbox 727 3924 838 3968; x_wconf 80' lang='lat' dir='ltr'>versus</span> <span class='ocrx_word' id='word_1_285' title='bbox 867 3905 1085 3988; x_wconf 89' lang='lat' dir='ltr'>interpretari,</span> <span class='ocrx_word' id='word_1_286' title='bbox 1115 3903 1226 3969; x_wconf 90' lang='lat' dir='ltr'>codem</span> <span class='ocrx_word' id='word_1_287' title='bbox 1254 3903 1349 3968; x_wconf 91' lang='lat' dir='ltr'>modo</span> <span class='ocrx_word' id='word_1_288' title='bbox 1378 3904 1516 3988; x_wconf 89' lang='lat' dir='ltr'>scriptos</span> <span class='ocrx_word' id='word_1_289' title='bbox 1544 3907 1577 3968; x_wconf 91' lang='lat' dir='ltr'>et</span> <span class='ocrx_word' id='word_1_290' title='bbox 1590 3928 1620 3969; x_wconf 84' lang='lat' dir='ltr'>so</span> 
     </span>
     <span class='ocr_line' id='line_1_32' title="bbox 344 4008 1574 4097; baseline 0.003 -25"><span class='ocrx_word' id='word_1_291' title='bbox 344 4008 523 4093; x_wconf 90' lang='lat' dir='ltr'>distinctos,</span> <span class='ocrx_word' id='word_1_292' title='bbox 547 4031 611 4095; x_wconf 90' lang='lat' dir='ltr'>quo</span> <span class='ocrx_word' id='word_1_293' title='bbox 634 4032 689 4073; x_wconf 90' lang='lat' dir='ltr'>eos</span> <span class='ocrx_word' id='word_1_294' title='bbox 712 4009 919 4075; x_wconf 89' lang='lat' dir='ltr'>librariorum</span> <span class='ocrx_word' id='word_1_295' title='bbox 943 4034 1019 4077; x_wconf 88' lang='lat' dir='ltr'>cura</span> <span class='ocrx_word' id='word_1_296' title='bbox 1036 4012 1240 4097; x_wconf 84' lang='lat' dir='ltr'>propagarit3</span> <span class='ocrx_word' id='word_1_297' title='bbox 1264 4032 1367 4095; x_wconf 90' lang='lat' dir='ltr'>neque</span> <span class='ocrx_word' id='word_1_298' title='bbox 1386 4010 1574 4077; x_wconf 88' lang='lat' dir='ltr'>clementius</span> 
     </span>
     <span class='ocr_line' id='line_1_33' title="bbox 343 4115 1574 4205; baseline 0.003 -27"><span class='ocrx_word' id='word_1_299' title='bbox 343 4115 498 4181; x_wconf 86' lang='lat' dir='ltr'>iudicanti</span> <span class='ocrx_word' id='word_1_300' title='bbox 517 4117 698 4203; x_wconf 83' lang='lat' dir='ltr'>negandum</span> <span class='ocrx_word' id='word_1_301' title='bbox 719 4121 768 4181; x_wconf 90' lang='lat' dir='ltr'>est</span> <span class='ocrx_word' id='word_1_302' title='bbox 786 4118 934 4183; x_wconf 88' lang='lat' dir='ltr'>universe</span> <span class='ocrx_word' id='word_1_303' title='bbox 952 4118 1198 4205; x_wconf 80' lang='lat' dir='ltr'>grammaticum</span> <span class='ocrx_word' id='word_1_304' title='bbox 1217 4140 1286 4183; x_wconf 88' lang='lat' dir='ltr'>eam</span> <span class='ocrx_word' id='word_1_305' title='bbox 1305 4119 1497 4183; x_wconf 89' lang='lat' dir='ltr'>sententiam</span> <span class='ocrx_word' id='word_1_306' title='bbox 1516 4140 1574 4183; x_wconf 92' lang='lat' dir='ltr'>suo</span> 
     </span>
     <span class='ocr_line' id='line_1_34' title="bbox 342 4223 1574 4309; baseline 0.004 -23"><span class='ocrx_word' id='word_1_307' title='bbox 342 4223 440 4288; x_wconf 90' lang='lat' dir='ltr'>modo</span> <span class='ocrx_word' id='word_1_308' title='bbox 469 4224 629 4289; x_wconf 86' lang='lat' dir='ltr'>declarare</span> <span class='ocrx_word' id='word_1_309' title='bbox 658 4245 754 4307; x_wconf 89' lang='lat' dir='ltr'>quam</span> <span class='ocrx_word' id='word_1_310' title='bbox 784 4225 889 4307; x_wconf 83' lang='lat' dir='ltr'>quivis</span> <span class='ocrx_word' id='word_1_311' title='bbox 917 4224 1015 4289; x_wconf 87' lang='lat' dir='ltr'>verba</span> <span class='ocrx_word' id='word_1_312' title='bbox 1043 4247 1109 4291; x_wconf 91' lang='lat' dir='ltr'>non</span> <span class='ocrx_word' id='word_1_313' title='bbox 1133 4230 1289 4309; x_wconf 87' lang='lat' dir='ltr'>occupata</span> <span class='ocrx_word' id='word_1_314' title='bbox 1311 4231 1417 4291; x_wconf 90' lang='lat' dir='ltr'>mente</span> <span class='ocrx_word' id='word_1_315' title='bbox 1440 4228 1574 4291; x_wconf 87' lang='lat' dir='ltr'>rimatus</span> 
     </span>
     <span class='ocr_line' id='line_1_35' title="bbox 342 4328 1575 4417; baseline 0.002 -23"><span class='ocrx_word' id='word_1_316' title='bbox 342 4330 513 4417; x_wconf 84' lang='lat' dir='ltr'>intelligat.</span> <span class='ocrx_word' id='word_1_317' title='bbox 546 4328 651 4406; x_wconf 87' lang='lat' dir='ltr'>Quare</span> <span class='ocrx_word' id='word_1_318' title='bbox 669 4353 709 4395; x_wconf 92' lang='lat' dir='ltr'>ne</span> <span class='ocrx_word' id='word_1_319' title='bbox 728 4331 808 4395; x_wconf 92' lang='lat' dir='ltr'>illud</span> <span class='ocrx_word' id='word_1_320' title='bbox 828 4331 957 4415; x_wconf 88' lang='lat' dir='ltr'>quidem</span> <span class='ocrx_word' id='word_1_321' title='bbox 974 4332 1069 4396; x_wconf 91' lang='lat' dir='ltr'>nobis</span> <span class='ocrx_word' id='word_1_322' title='bbox 1087 4332 1298 4415; x_wconf 87' lang='lat' dir='ltr'>persuadetur</span> <span class='ocrx_word' id='word_1_323' title='bbox 1316 4333 1402 4417; x_wconf 89' lang='lat' dir='ltr'>quod</span> <span class='ocrx_word' id='word_1_324' title='bbox 1421 4333 1461 4398; x_wconf 91' lang='lat' dir='ltr'>H.</span> <span class='ocrx_word' id='word_1_325' title='bbox 1478 4331 1575 4397; x_wconf 82' lang='lat' dir='ltr'>Geor-</span> 
     </span>
     <span class='ocr_line' id='line_1_36' title="bbox 343 4434 1576 4524; baseline 0.004 -25"><span class='ocrx_word' id='word_1_326' title='bbox 343 4438 416 4521; x_wconf 85' lang='lat' dir='ltr'>gius</span> <span class='ocrx_word' id='word_1_327' title='bbox 435 4434 561 4522; x_wconf 89' lang='lat' dir='ltr'>(philol.</span> <span class='ocrx_word' id='word_1_328' title='bbox 581 4439 684 4522; x_wconf 88' lang='lat' dir='ltr'>suppl.</span> <span class='ocrx_word' id='word_1_329' title='bbox 703 4455 740 4501; x_wconf 84' lang='lat' dir='ltr'>lx</span> <span class='ocrx_word' id='word_1_330' title='bbox 762 4437 847 4503; x_wconf 79' lang='lat'>1902</span> <span class='ocrx_word' id='word_1_331' title='bbox 865 4461 896 4522; x_wconf 94' lang='lat' dir='ltr'>p.</span> <span class='ocrx_word' id='word_1_332' title='bbox 911 4437 992 4524; x_wconf 79' lang='lat'>246)</span> <span class='ocrx_word' id='word_1_333' title='bbox 1012 4438 1209 4503; x_wconf 87' lang='lat' dir='ltr'>confidenter</span> <span class='ocrx_word' id='word_1_334' title='bbox 1226 4441 1345 4523; x_wconf 90' lang='lat' dir='ltr'>posuit,</span> <span class='ocrx_word' id='word_1_335' title='bbox 1364 4438 1510 4504; x_wconf 85' lang='lat' dir='ltr'>Servium</span> <span class='ocrx_word' id='word_1_336' title='bbox 1530 4441 1576 4504; x_wconf 91' lang='lat' dir='ltr'>ita</span> 
     </span>
     <span class='ocr_line' id='line_1_37' title="bbox 343 4543 1574 4629; baseline 0.003 -22"><span class='ocrx_word' id='word_1_337' title='bbox 343 4543 588 4626; x_wconf 88' lang='lat' dir='ltr'>interpretatum</span> <span class='ocrx_word' id='word_1_338' title='bbox 612 4546 720 4609; x_wconf 88' lang='lat' dir='ltr'>nescio</span> <span class='ocrx_word' id='word_1_339' title='bbox 744 4543 862 4627; x_wconf 90' lang='lat' dir='ltr'>quibus</span> <span class='ocrx_word' id='word_1_340' title='bbox 884 4545 1115 4610; x_wconf 83' lang='lat' dir='ltr'>vetustioribus</span> <span class='ocrx_word' id='word_1_341' title='bbox 1138 4545 1369 4629; x_wconf 87' lang='lat' dir='ltr'>interpretibus</span> <span class='ocrx_word' id='word_1_342' title='bbox 1392 4546 1487 4613; x_wconf 89' lang='lat' dir='ltr'>aliter</span> <span class='ocrx_word' id='word_1_343' title='bbox 1505 4569 1574 4613; x_wconf 88' lang='lat' dir='ltr'>sen·</span> 
     </span>
     <span class='ocr_line' id='line_1_38' title="bbox 342 4649 1574 4737; baseline 0.006 -24"><span class='ocrx_word' id='word_1_344' title='bbox 342 4649 497 4714; x_wconf 89' lang='lat' dir='ltr'>tientibus</span> <span class='ocrx_word' id='word_1_345' title='bbox 519 4672 711 4736; x_wconf 80' lang='lat' dir='ltr'>repugnare3</span> <span class='ocrx_word' id='word_1_346' title='bbox 736 4652 792 4733; x_wconf 90' lang='lat' dir='ltr'>qui</span> <span class='ocrx_word' id='word_1_347' title='bbox 814 4650 865 4714; x_wconf 80' lang='lat' dir='ltr'>vir</span> <span class='ocrx_word' id='word_1_348' title='bbox 888 4650 1015 4735; x_wconf 89' lang='lat' dir='ltr'>doctus,</span> <span class='ocrx_word' id='word_1_349' title='bbox 1039 4652 1067 4716; x_wconf 90' lang='lat' dir='ltr'>si</span> <span class='ocrx_word' id='word_1_350' title='bbox 1090 4674 1201 4716; x_wconf 87' lang='lat' dir='ltr'>verum</span> <span class='ocrx_word' id='word_1_351' title='bbox 1224 4653 1318 4717; x_wconf 86' lang='lat' dir='ltr'>fateri</span> <span class='ocrx_word' id='word_1_352' title='bbox 1341 4654 1429 4737; x_wconf 91' lang='lat' dir='ltr'>licet,</span> <span class='ocrx_word' id='word_1_353' title='bbox 1452 4676 1511 4720; x_wconf 89' lang='lat' dir='ltr'>nec</span> <span class='ocrx_word' id='word_1_354' title='bbox 1535 4655 1574 4720; x_wconf 86' lang='lat' dir='ltr'>de</span> 
     </span>
     <span class='ocr_line' id='line_1_39' title="bbox 342 4755 1577 4844; baseline 0.004 -24"><span class='ocrx_word' id='word_1_355' title='bbox 342 4759 446 4839; x_wconf 86' lang='lat' dir='ltr'>poete,</span> <span class='ocrx_word' id='word_1_356' title='bbox 470 4755 561 4821; x_wconf 90' lang='lat' dir='ltr'>cuius</span> <span class='ocrx_word' id='word_1_357' title='bbox 584 4777 704 4839; x_wconf 89' lang='lat' dir='ltr'>paucos</span> <span class='ocrx_word' id='word_1_358' title='bbox 727 4778 838 4822; x_wconf 86' lang='lat' dir='ltr'>versus</span> <span class='ocrx_word' id='word_1_359' title='bbox 861 4758 950 4821; x_wconf 92' lang='lat' dir='ltr'>omni</span> <span class='ocrx_word' id='word_1_360' title='bbox 969 4780 1085 4843; x_wconf 82' lang='lat' dir='ltr'>genere</span> <span class='ocrx_word' id='word_1_361' title='bbox 1103 4760 1321 4825; x_wconf 83' lang='lat' dir='ltr'>conviciorum</span> <span class='ocrx_word' id='word_1_362' title='bbox 1341 4760 1491 4844; x_wconf 87' lang='lat' dir='ltr'>cumulat,</span> <span class='ocrx_word' id='word_1_363' title='bbox 1513 4782 1577 4826; x_wconf 87' lang='lat' dir='ltr'>nec</span> 
     </span>
     <span class='ocr_line' id='line_1_40' title="bbox 343 4861 1576 4949; baseline 0.005 -25"><span class='ocrx_word' id='word_1_364' title='bbox 343 4861 381 4924; x_wconf 90' lang='lat' dir='ltr'>de</span> <span class='ocrx_word' id='word_1_365' title='bbox 408 4862 478 4925; x_wconf 92' lang='lat' dir='ltr'>eius</span> <span class='ocrx_word' id='word_1_366' title='bbox 506 4862 681 4946; x_wconf 85' lang='lat' dir='ltr'>interprete</span> <span class='ocrx_word' id='word_1_367' title='bbox 708 4864 792 4927; x_wconf 88' lang='lat' dir='ltr'>iuste</span> <span class='ocrx_word' id='word_1_368' title='bbox 816 4866 849 4927; x_wconf 92' lang='lat' dir='ltr'>et</span> <span class='ocrx_word' id='word_1_369' title='bbox 871 4863 1091 4949; x_wconf 85' lang='lat' dir='ltr'>intelligenter</span> <span class='ocrx_word' id='word_1_370' title='bbox 1114 4865 1246 4931; x_wconf 89' lang='lat' dir='ltr'>iudicat:</span> <span class='ocrx_word' id='word_1_371' title='bbox 1275 4865 1356 4930; x_wconf 87' lang='lat' dir='ltr'>illud</span> <span class='ocrx_word' id='word_1_372' title='bbox 1378 4871 1464 4934; x_wconf 89' lang='lat' dir='ltr'>recte</span> <span class='ocrx_word' id='word_1_373' title='bbox 1487 4866 1576 4931; x_wconf 84' lang='lat' dir='ltr'>affir—</span> 
     </span>
    </p>
   </div>
   <div class='ocr_carea' id='block_1_4' title="bbox 0 0 1988 5725">
    <p class='ocr_par' dir='ltr' id='par_1_4' title="bbox 0 0 1988 5725">
     <span class='ocr_line' id='line_1_41' title="bbox 0 0 1988 5725; baseline 0 3"><span class='ocrx_word' id='word_1_374' title='bbox 0 0 1988 5725; x_wconf 95' lang='lat' dir='ltr'> </span> 
     </span>
    </p>
   </div>
  </div>
 </body>
</html>
