3967 5725
469 1549 579 1621 LVII.
607 1547 778 1620 INDEX
805 1545 1124 1619 LEOTIONUM
1153 1523 1499 1620 AESTIVARUM
1528 1551 1625 1621 1903.

518 1723 567 1787 De
590 1721 777 1788 Aristotelis
800 1723 963 1788 rhetorica
984 1745 1088 1806 nuper
1109 1745 1127 1786 a
1146 1722 1249 1788 doctis
1269 1726 1301 1787 et
1320 1722 1421 1787 acutis
1440 1723 1517 1787 viris
1536 1727 1661 1789 contro·
1683 1727 1704 1781 8

428 1831 550 1894 versiae
573 1834 680 1894 motae
705 1834 789 1913 sunt,
814 1851 896 1913 quae
920 1830 947 1894 si
971 1828 1054 1893 nihil
1078 1829 1178 1913 aliud,
1205 1831 1266 1894 hoc
1290 1832 1376 1895 certe
1400 1829 1553 1913 efficient,
1577 1831 1665 1914 quod

426 1937 547 2002 bonum
573 1937 624 2021 sit,
646 1942 684 2001 ut
707 1937 886 2001 accuratius
910 1937 1008 2001 etiam
1031 1937 1066 2001 iu
1089 1936 1185 2008 huius
1210 1938 1315 2021 operis
1339 1940 1487 2002 naturam
1506 1941 1538 2001 et
1557 1936 1664 2001 condi-

426 2044 554 2110 cionem
585 2045 777 2128 inquiratur.
814 2041 934 2130 Agitur
962 2043 1047 2108 enim
1076 2043 1114 2108 de
1141 2043 1327 2130 integritate
1354 2043 1470 2109 horum
1498 2043 1663 2128 librorum,
1795 2083 1796 2130 1

426 2173 509 2234 quos
533 2151 637 2216 adhuc
660 2151 855 2236 putabamus
879 2150 957 2214 satis
981 2150 1082 2235 probe
1105 2172 1164 2235 pro
1187 2173 1277 2215 more
1296 2149 1504 2216 Aristotelico
1525 2152 1662 2236 scriptos
1795 2139 1796 2174 ³

426 2279 486 2322 nec
508 2259 609 2323 nimia
630 2258 835 2323 librariorum
859 2257 1006 2322 socordia
1029 2257 1164 2322 traditos
1189 2279 1264 2322 esse.
1303 2256 1390 2334 Quos
1413 2279 1499 2322 nunc
1517 2259 1663 2322 evincere

427 2364 558 2430 student
590 2387 629 2428 ne
663 2366 799 2448 scriptos
831 2365 960 2448 quidem
989 2364 1029 2429 ab
1058 2363 1234 2430 Aristotele
1263 2386 1344 2448 esse,
1377 2369 1433 2430 aut
1461 2367 1488 2430 si
1516 2366 1662 2448 scriptos,

426 2474 536 2535 tamen
558 2475 749 2536 retractatos
772 2473 812 2536 ab
837 2493 875 2535 eo
901 2472 956 2555 qui
979 2471 1063 2535 nihil
1081 2471 1246 2555 antiquius
1269 2471 1409 2536 habebat
1428 2493 1524 2556 quam
1542 2476 1580 2537 ut
1598 2473 1662 2557 pri-

386 2604 413 2643 10
427 2579 572 2642 mitivam
605 2578 782 2642 orationem
815 2578 855 2642 ad
887 2578 1066 2642 breviorem
1098 2579 1233 2642 formam
1267 2579 1427 2664 redigeret
1455 2584 1487 2643 et
1513 2579 1662 2663 inprimis

426 2684 535 2748 inutili
568 2685 785 2768 exemplorum
817 2685 989 2749 allatorum
1023 2707 1119 2749 onere
1146 2686 1274 2750 levaret.
1316 2684 1355 2750 In
1383 2708 1446 2771 qua
1474 2686 1661 2770 quaestione

427 2813 508 2875 quae
531 2791 596 2856 late
618 2795 708 2877 patet
731 2792 969 2877 multorumque
993 2795 1256 2879 argumentorum
1279 2815 1341 2856 usu
1365 2793 1560 2878 continetur,
1583 2815 1662 2858 non-

426 2898 509 2962 nihil
527 2900 681 2964 momenti
700 2900 777 2963 fecit
796 2901 893 2963 etiam
908 2901 1119 2983 interpretum
1136 2898 1330 2965 Graecorum
1344 2901 1432 2985 fides,
1453 2923 1533 2985 quae
1548 2902 1660 2985 quanti

424 3006 622 3088 aestimetur,
639 3028 706 3070 non
725 3028 796 3071 raro
816 3009 865 3071 est
884 3006 971 3091 quod
985 3007 1175 3093 ambigatur.
1214 3006 1354 3084 Quorum
1372 3008 1494 3073 scholia
1509 3009 1659 3092 quoniam

424 3134 528 3196 nuper
551 3112 700 3199 Hugonis
724 3112 821 3178 Rabii
849 3114 1017 3199 diligentia
1045 3115 1187 3179 excussis
1215 3114 1379 3180 codicibus
1407 3117 1454 3179 ita
1477 3115 1562 3179 edita
1585 3118 1660 3179 sunt

425 3223 462 3283 ut
484 3220 519 3284 in
542 3221 738 3305 exploranda
760 3243 871 3286 eorum
895 3221 1086 3285 auctoritate
1109 3224 1258 3305 paratum
1283 3222 1325 3285 sit
1344 3244 1408 3306 quo
1427 3222 1540 3306 pedem
1560 3222 1659 3307 figere

424 3326 528 3411 liceat,
553 3328 774 3411 prooemiandi
799 3330 964 3393 occasione
987 3329 1037 3393 usi
1062 3328 1100 3392 ab
1124 3328 1186 3392 hac
1208 3332 1300 3412 parte
1324 3329 1446 3412 aliquid
1470 3329 1612 3393 conferre
1632 3328 1658 3393 si

424 3436 602 3517 poterimus
630 3435 670 3498 ad
698 3435 899 3499 iudicandam
923 3433 1109 3499 Aristotelis
1137 3434 1331 3499 rhetoricam
1360 3435 1574 3518 instituimus,
1603 3436 1659 3499 sed

424 3540 471 3604 ita
498 3546 535 3605 ut
561 3564 601 3605 ne
629 3565 699 3606 eam
728 3543 858 3626 quidem
887 3564 1014 3607 causam
1038 3542 1264 3606 exhauriamus
1287 3546 1403 3627 totam,
1430 3542 1464 3607 id
1487 3542 1573 3625 quod
1596 3542 1658 3608 hoc

380 3672 410 3713 ao
423 3648 496 3713 loco
520 3648 590 3713 fieri
613 3671 678 3714 non
702 3654 817 3733 potest,
841 3672 952 3714 verum
975 3652 1012 3712 ut
1035 3650 1189 3733 exemplis
1211 3651 1322 3733 paucis
1342 3649 1557 3731 ostendamus,
1581 3649 1659 3733 quid

423 3756 457 3818 in
481 3777 518 3820 eo
541 3778 658 3842 genere
681 3760 714 3821 et
737 3779 801 3841 qua
824 3758 877 3822 via
899 3756 1010 3839 quaeri
1034 3759 1191 3840 oporteat,
1215 3758 1242 3820 si
1265 3758 1349 3821 forte
1368 3757 1459 3821 navis
1478 3758 1657 3822 adolescen-

423 3861 524 3947 tibus,
554 3863 671 3947 quibus
698 3863 777 3929 haec
801 3864 1001 3947 scribuntur,
1029 3863 1102 3927 inde
1127 3863 1249 3948 aliquid
1272 3864 1472 3929 incitamenti
1492 3863 1659 3928 oboriatur

422 3972 460 4032 ut
474 3970 554 4035 haec
568 3992 587 4032 a
601 3970 696 4034 nobis
711 3970 815 4035 obiter
829 3970 979 4034 inchoata
993 3991 1052 4033 sna
1065 3970 1208 4035 sollertia
1220 3970 1428 4036 exaedificant
1440 3974 1472 4035 et
1484 3972 1657 4054 expoliant.

513 4093 533 4139 1.
566 4073 680 4161 Itaque
713 4078 747 4141 in
779 4078 956 4143 rhetoricae
988 4080 1086 4143 tertio
1114 4076 1172 4141 ubi
1199 4077 1238 4141 de
1266 4077 1514 4142 similitudinum
1543 4082 1658 4142 natura

424 4182 592 4247 disseritur
619 4187 651 4247 et
675 4184 752 4267 quid
776 4206 830 4249 eae
854 4207 872 4248 a
896 4184 1161 4250 translationibus
1185 4184 1346 4267 differant,
1375 4206 1447 4249 cum
1471 4184 1533 4249 alia
1556 4184 1658 4250 multa

423 4288 542 4354 similia
569 4290 746 4355 afferuntur
773 4294 842 4357 tum
869 4291 933 4356 hoc
961 4292 1050 4375 quod
1077 4290 1304 4355 Demosthenis
1332 4313 1400 4355 esse
1429 4291 1547 4355 dicitur
1573 4290 1656 4378 (c.4

422 4419 453 4479 p.
475 4395 559 4461 1407
581 4420 599 4461 a
618 4395 653 4484 5)
677 4396 732 4463 καὶ
755 4397 1016 4483 ὁΛημοσθένης
1038 4399 1098 4463 τὸν
1121 4399 1238 4482 δῆμον,
1262 4398 1312 4463 ὅτι
1337 4398 1449 4480 ὅμοιός
1472 4396 1564 4464 ἐστιν
1587 4408 1657 4474 τοῖς

423 4502 460 4568 ἐν
492 4516 561 4581 τοῖς
592 4506 723 4581 πλοίοις
754 4517 945 4572 ναυτιῶσιν.
985 4503 1038 4569 Ad
1066 4526 1147 4589 quae
1176 4504 1211 4568 in
1238 4504 1370 4569 scholiis
1398 4505 1476 4570 haec
1504 4505 1656 4570 adnotata

423 4614 499 4674 sunt
522 4610 567 4696 (p.
588 4612 665 4696 179,
687 4610 831 4699 lltabii)
858 4614 968 4698 ὥσπερ
991 4614 1055 4696 γὰρ
1080 4612 1112 4676 οἱ
1136 4610 1173 4677 ἐν
1196 4620 1240 4699 τῷ
1259 4613 1365 4699 πλοίῳ
1390 4614 1483 4688 ὄντες
1505 4612 1571 4677 ὑπὸ
1594 4622 1656 4677 τοῦ

380 4740 408 4781 ro
423 4716 527 4780 σάλον
560 4730 628 4783 τῶν
656 4721 812 4803 κυμάτων
840 4722 1079 4805 ταρασσόμενοι
1108 4730 1268 4784 ναυτιῶσι
1295 4719 1351 4783 καὶ
1379 4719 1490 4796 ἁπλῶς
1517 4718 1656 4804 ἀφορῶν

422 4823 506 4906 πρὸς
528 4825 589 4907 τὴν
609 4827 795 4910 θάλασσαν,
819 4825 980 4893 οὕτωκαὶ
1001 4829 1018 4895 ὁ
1039 4831 1142 4910 δῆμος
1161 4832 1280 4913 ναυτιᾷ
1298 4822 1354 4890 καὶ
1374 4828 1499 4913 caryae
1516 4826 1657 4911 ἀφορῶν
