3967 5725
380 601 445 666 292
561 602 686 653 XLVIII.
705 603 822 653 INDEX
839 602 1054 654 LECTIONUM
1072 603 1314 654 HIBERNARUM
1334 600 1467 671 lecefee.

377 787 443 830 non
465 785 531 829 uno
552 763 681 828 nomine
700 763 798 848 digna
816 766 891 827 11111
910 785 992 847 quae
1012 764 1168 829 curiosius
1188 763 1418 846 expendantur.
1455 762 1610 848 Primum,
1629 772 1649 829 4

377 871 464 957 quod
488 871 535 936 ita
556 869 701 953 loquitur
722 867 788 956 ᾤου
808 868 929 955 ἐρήμας
947 873 1136 954 τρυγήσειν,
1160 891 1262 955 genus
1282 870 1408 934 dicendi
1427 871 1614 956 agnoscitur

378 1001 442 1062 quo
461 978 546 1043 idem
561 975 797 1061 Aristophanes
815 999 892 1040 usus
911 981 960 1041 est
979 976 1013 1040 in
1027 976 1146 1061 Vespie
1160 1001 1188 1041 1.
1204 976 1279 1060 631,
1298 998 1371 1042 cum
1386 999 1499 1042 senum
1514 978 1612 1043 choro

378 1089 544 1169 exceptam
567 1083 785 1149 Philocleonis
810 1084 988 1149 orationem
1011 1083 1072 1147 1111
1094 1083 1189 1148 11111
1211 1085 1419 1168 prosequenti

753 1189 935 1256 οὐπώποθ’
957 1190 1044 1257 οὕτω
1068 1197 1225 1273 καθαρῶς

753 1298 893 1374 οὐδενὸς
916 1297 1106 1382 ἠκούσαμεν
1131 1298 1186 1362 οὐ·

755 1401 793 1470 11
816 1403 958 1482 ξυνετῶς
982 1403 1139 1488 λέγοντος

378 1514 406 1579 11
428 1513 495 1604 hoc
514 1513 611 1578 modo
634 1511 808 1596 respondet

403 1604 406 1609 ἐ
538 1620 666 1685 οὔκουν
688 1617 810 1703 ἐρήμας
834 1616 919 1706 ᾤεθ’
942 1611 1041 1695 οὗτος
1064 1618 1186 1703 ῥᾳδίως
1209 1621 1402 1703 τρυγήσειν;

338 1752 365 1793 ro
538 1731 646 1802 καλῶς
667 1726 732 1809 γὰρ
753 1723 852 1808 ’ᾔδειν
875 1725 920 1801 ὡς
942 1723 1007 1808 ἐγὼ
1030 1725 1133 1815 ταύτῃ
1157 1723 1331 1808 κράτιστός
1354 1729 1429 1806 εέμι.

378 1833 503 1911 Quibus
530 1833 689 1916 interpres
718 1831 857 1898 Graecus
884 1832 965 1896 haec
991 1831 1163 1916 adscripsit
1191 1829 1281 1918 (nam
1309 1831 1349 1896 ad
1376 1831 1613 1898 Ecclesiaausas

378 1940 468 2005 nulla
490 1945 540 2004 111
561 1936 743 2024 adnotatio)
762 1941 923 2023 παροιμία
947 1937 1001 2003 ἐπὶ
1024 1949 1092 2003 τῶν
1115 1937 1219 2015 ἀδεῶς
1243 1939 1304 2024 [τι]
1323 1943 1545 2025 πραττόντων,
1569 1941 1614 2016 ὡς

376 2048 520 2132 μηδενὸς
538 2047 654 2122 αὐτοῦς
671 2044 959 2129 ἀντιπράττοντος,
978 2044 1113 2130 εἐρήμοις
1131 2044 1330 2131 τρυγήσειςῖ
1365 2044 1414 2109 Ao
1432 2050 1546 2112 notum
1564 2051 1613 2111 est

378 2154 501 2239 ἐρήμας
518 2162 648 2238 τρυγᾶν
664 2153 795 2237 proprie
815 2174 888 2217 eum
908 2151 981 2236 dici,
1001 2153 1057 2237 qui
1077 2154 1250 2237 σταφυλάς
1266 2152 1386 2218 aliasve
1406 2175 1485 2238 quas
1503 2153 1613 2240 fruges

361 2262 504 2327 'nemine
532 2259 807 2344 impediente-vel
833 2260 961 2324 nemine
988 2263 1156 2343 praesente
1180 2261 1236 2344 'qui
1258 2262 1359 2324 tutari
1382 2261 1487 2345 possit
1509 2250 1617 2325 decerss

377 2391 452 2452 pere
476 2371 532 2432 aut
556 2366 707 2453 colligere
730 2367 883 2431 instituit.
920 2365 1025 2443 Quare
1044 2367 1105 2431 hac
1123 2366 1227 2453 figura
1246 2389 1322 2432 usus
1341 2366 1506 2433 Philocleo
1525 2367 1613 2450 dicit,

378 2475 482 2539 filium
510 2476 641 2558 putasse
664 2495 699 2537 se
722 2473 779 2537 illo
801 2495 872 2537 non
889 2474 1104 2558 respondente
1126 2473 1254 2550 facilem
1277 2474 1446 2539 victoriam
1470 2479 1614 2559 reporte-

378 2587 497 2664 turum,
520 2579 554 2644 id
576 2598 652 2645 vero
671 2601 763 2645 secus
783 2579 945 2645 accidisse.
972 2578 1058 2644 =Non
1077 2580 1171 2644 aliter
1189 2579 1427 2646 adolescentula
1445 2582 1479 2646 in
1497 2603 1532 2646 re
1550 2581 1614 2646 alia

378 2688 488 2752 eadem
511 2686 658 2752 adhibita
681 2686 872 2770 metaphora
896 2687 1045 2771 ‘putasti
1070 2687 1186 2771 inquit,
1208 2709 1260 2751 me
1283 2709 1348 2752 non
1370 2688 1614 2772 praesentede·

337 2795 508 2862 1111111111
537 2797 570 2858 te
598 2816 677 2857 uvas
701 2795 870 2879 decerpere
893 2792 1011 2878 posse',
1040 2792 1612 2880 1111111111ἐρήμας1111111111

377 2902 419 2968 οὐ
441 2902 614 2987 παρούσης
636 2899 762 2966 ἐνθάδε
786 2900 878 2985 ἐμοῦ,
901 2899 991 2965 addit
1017 2900 1105 2984 quod
1128 2905 1242 2986 suapte
1266 2903 1447 2966 naturain·
1460 2902 1517 2967 illa
1534 2921 1613 2967 voce

377 3009 480 3073 inesse
504 3007 723 3094 intelligimus.
1440 3035 1445 3045 ¹

465 3115 613 3180 Alterum
642 3116 676 3179 in
705 3114 846 3179 eiusdem
873 3136 1020 3179 sermone
1044 3114 1131 3199 quod
1154 3116 1277 3181 attendi
1299 3115 1447 3181 volumus
1470 3116 1533 3181 hoc
1555 3119 1613 3199 est,

377 3223 462 3307 quod
493 3223 533 3287 ad
565 3220 624 3286 1111
651 3243 733 3305 quae
762 3221 841 3286 dicit
868 3220 934 3309 ᾤου
962 3220 1085 3307 ἐρήμας
1114 3222 1155 3287 οὐ
1183 3222 1354 3307 παρούσης
1381 3222 1504 3287 ἐνθάδε
1531 3221 1612 3307 ἐμοῦ

376 3333 556 3414 τρυγήσειν
574 3328 654 3393 haec
672 3327 821 3415 adiungit
838 3324 894 3393 nul
913 3328 1143 3414 προσάξεσθαί
1159 3352 1234 3394 τινα
1252 3327 1388 3415 ᾅδουσα.
1412 3324 1513 3395 Addit
1527 3331 1612 3394 enim

376 3437 409 3500 id
432 3438 539 3520 ipsum
564 3435 655 3499 cuius
679 3454 774 3500 causa
797 3436 893 3500 modo
917 3436 1035 3501 tralata
1058 3436 1203 3501 oratione
1227 3458 1284 3500 use
1305 3440 1364 3519 111,
1387 3437 1478 3520 quasi
1497 3458 1611 3521 parum

376 3542 488 3626 fuerit,
515 3542 667 3607 familiari
695 3543 884 3627 metaphora
912 3565 1041 3615 11111111
1070 3542 1278 3628 expressisse,
1305 3543 1369 3607 nisi
1396 3544 1534 3629 figuram
1559 3565 1614 3607 ex-

376 3650 497 3734 ceperit
518 3649 690 3715 verborum
714 3650 904 3735 proprietas.

465 3757 590 3822 111111
615 3757 706 3822 hanc-
721 3757 860 3841 duplicis
883 3757 1099 3821 abundantiae
1123 3756 1304 3822 molestiam
1329 3756 1489 3840 patienter
1506 3756 1611 3821 ferre?

336 3889 362 3930 eo
375 3862 460 3928 Nam
488 3885 553 3949 quo
582 3863 740 3929 sententia
763 3867 939 3948 constaret,
966 3864 1050 3929 nihil
1073 3885 1155 3948 opus
1179 3867 1248 3931 erat
1272 3864 1335 3928 diei
1358 3864 1421 3927 nisi
1444 3863 1524 3927 haec
1545 3859 1612 3951 ᾤου

376 3970 496 4056 ἐρήμας
516 3972 698 4053 τρυγήσειν
717 3968 855 4056 ᾄδουσα,
874 3974 931 4034 111
950 3970 1070 4037 omissa
1088 3972 1177 4035 omni
1195 3970 1365 4037 tralatione
1384 3968 1449 4058 ᾤου
1470 3970 1511 4035 οὐ
1528 3992 1611 4054 παρ-

377 4078 478 4161 ούσης
511 4077 635 4142 ἐνθάδε
667 4075 748 4161 ἐμοῦ
780 4074 1011 4161 προσάξεσθαί
1035 4102 1110 4143 τινα
1135 4076 1275 4164 ᾅδουσα.
1316 4075 1430 4161 Neque
1461 4065 1610 4161 putamus

377 4185 505 4250 criticos
533 4182 735 4249 frondatores
763 4183 925 4248 luxuriem
952 4186 1109 4250 orationis
1137 4184 1220 4251 falce
1249 4185 1415 4249 domantes
1443 4184 1500 4249 illa
1522 4206 1611 4269 prae-

375 4291 529 4358 terituros
557 4291 671 4373 fuisse,
702 4290 800 4356 modo
828 4294 895 4355 tam
922 4291 1018 4355 facile
1046 4295 1143 4375 11111,
1175 4292 1307 4357 resectis
1335 4312 1417 4375 quae
1445 4312 1610 4375 superesse

375 4396 566 4482 iudicantur,
587 4417 794 4463 numerorum
812 4396 1035 4483 integritatem
1055 4402 1233 4464 sustentare
1253 4420 1348 4482 quam
1367 4402 1417 4463 est
1434 4396 1529 4463 facile
1548 4420 1610 4462 ser-

375 4525 502 4568 monem
525 4503 705 4587 pedestrem
729 4504 757 4568 11
781 4503 859 4588 quid
881 4504 968 4569 ultra
990 4507 1205 4571 necessarium
1224 4505 1311 4570 trahi
1329 4505 1456 4571 ridetur
1475 4503 1609 4571 secando

375 4610 415 4673 ad
448 4608 658 4675 concisiorem
690 4610 827 4676 formam
854 4611 1007 4697 redigere.
1049 4611 1155 4677 Nobis
1184 4617 1280 4697 poeta
1307 4612 1455 4677 consulto
1483 4612 1610 4677 videtur

376 4715 633 4782 adolescentulae
665 4718 843 4783 orationem
874 4739 941 4782 non
972 4718 1069 4783 nimis
1101 4720 1290 4785 astrinxisse
1324 4720 1379 4785 sed
1411 4740 1476 4803 quo
1506 4720 1610 4806 magis

375 4821 541 4907 vulgarem
569 4823 723 4908 loquendi
750 4823 883 4889 modum
910 4824 1093 4890 imitaretur
1115 4825 1248 4891 liberius
1271 4814 1471 4892 incedentem
1497 4826 1610 4891 fecisse
