3967 5725
385 621 452 688 366
627 625 673 675 LI.
692 623 809 674 mDEx
826 623 1041 675 Lacrlorwm
1059 623 1292 674 AESTIVARUM
1311 625 1389 675 1⁹00.

288 801 294 812 ·
386 805 522 870 samque
553 784 628 849 inde
659 784 757 849 telam
789 784 846 849 sed
873 785 1023 870 exiguam
1050 789 1205 848 texamus.
1243 783 1328 849 Nam
1356 784 1472 867 critici,
1504 783 1560 867 qui
1590 783 1619 846 si

386 892 514 976 quaudo
537 891 616 976 quid
636 890 743 956 laxius
766 913 862 976 quam
885 890 1049 957 astrictius
1072 891 1191 956 elatum
1215 895 1265 957 ost
1286 891 1391 956 labem
1413 889 1569 956 olfaciunt
1586 893 1620 952 et

386 998 543 1083 quidquid
565 998 653 1063 ultra
674 1003 845 1084 angustam
865 999 1091 1064 necessitatem
1109 997 1195 1063 trahi
1213 998 1341 1064 videtur
1359 997 1458 1063 recidi
1476 997 1620 1081 cupiunt,

384 1126 452 1170 non
473 1105 608 1188 frustra,
635 1109 802 1189 putamus,
825 1106 993 1170 attendent
1016 1126 1098 1190 quae
1121 1103 1268 1171 Socrates
1292 1105 1371 1170 dicit
1393 1106 1537 1190 δημοσίᾳ
1558 1104 1620 1186 τὴν

386 1221 513 1278 σαυτοῦ
530 1215 630 1278 πόλιν
649 1213 763 1289 ἱκανὸς
780 1212 967 1296 εὐεργετεῖν
985 1213 1095 1297 ὥσπερ
1114 1215 1176 1297 χρὴ
1194 1213 1255 1277 τὸν
1268 1210 1430 1294 μέλλοντα
1443 1213 1492 1295 μὴ
1505 1233 1620 1274 κατα-

386 1323 665 1404 φρονήσεσθαι
692 1317 776 1385 ἀλλ’
801 1319 1082 1403 εὐδοκιμήσειν
1104 1317 1142 1384 έν
1163 1329 1234 1396 τοῖς
1255 1323 1392 1395 πολλοῖς
1415 1323 1448 1383 et
1471 1338 1552 1402 quse
1570 1315 1619 1380 illi

384 1424 524 1512 Hippias
552 1428 725 1512 respondet
752 1426 834 1492 άλλο
862 1449 899 1509 γε
927 1425 948 1508 ἣ
976 1425 1168 1491 ἀδύνατοι
1195 1421 1280 1508 ἦσαν
1307 1423 1371 1491 καὶ
1395 1425 1465 1509 οὐχ
1489 1421 1619 1491 ἱκανοὶ

387 1533 590 1612 ἐξικνεῖσθαι
613 1532 663 1599 ἐνί
691 1532 869 1619 ἀμφότερα.
907 1531 995 1610 Quae
1018 1538 1095 1598 sunt
1116 1555 1233 1619 genera
1256 1533 1320 1598 duo
1339 1529 1533 1596 abundantis
1552 1552 1620 1595 ora-

386 1641 485 1706 tionis
512 1642 599 1706 inter
621 1662 656 1705 se
679 1640 804 1705 similia
841 1638 985 1717 Quorum
1008 1639 1104 1723 illud,
1132 1662 1326 1725 quamquam
1349 1661 1415 1704 non
1437 1638 1619 1704 inconsulto

347 1771 373 1811 ιο
386 1748 563 1831 afferimus,
588 1769 675 1813 nunc
698 1747 805 1813 dedita
828 1770 925 1832 opera
947 1749 1097 1832 persequi
1120 1750 1285 1830 nolumus,
1307 1748 1444 1812 alterum
1465 1745 1619 1809 habemus

387 1876 450 1940 quo
475 1855 634 1920 declarare
656 1856 760 1920 liceat.
796 1853 927 1920 Etenim
949 1855 1029 1920 haec
1053 1858 1102 1920 est
1123 1856 1207 1920 ratio
1231 1854 1357 1919 dicendi
1379 1853 1512 1938 plurimi
1533 1873 1620 1934 usus,
1635 1857 1675 1914 lo

386 1962 477 2028 cuius
507 1963 655 2047 exempla
681 1961 783 2027 multa
810 1967 842 2027 et
870 1962 1012 2047 iusignia
1038 1967 1105 2027 tam
1134 1960 1254 2027 Graeca
1281 1983 1378 2046 quam
1406 1958 1621 2025 Romanensia

385 2067 592 2135 Immauuelis
610 2069 750 2134 Bekkeri
769 2068 904 2135 schedae
923 2068 1113 2134 Homericae
1132 2065 1267 2156 (11222)
1286 2070 1465 2153 recensent3
1483 2087 1620 2151 paucae

384 2174 572 2260 Thucydide
587 2175 787 2262 deprompsit
800 2176 980 2241 Meinekius
999 2174 1121 2263 (Herm.
1142 2193 1182 2240 111
1200 2173 1294 2261 348);
1307 2197 1368 2240 nos
1383 2195 1511 2259 quoque
1526 2194 1620 2257 quae

385 2283 457 2349 dam
482 2283 522 2348 ad
540 2281 727 2349 Aristotelis
745 2283 910 2350 Poeticam
929 2282 974 2370 (p.
991 2281 1048 2370 88)
1067 2283 1309 2367 adscripsimus3
1334 2281 1426 2347 ouius
1446 2302 1526 2365 quae
1546 2282 1621 2344 sunt

546 2389 665 2475 ἑτέροις
687 2391 742 2456 καλ
765 2392 809 2476 μὴ
832 2393 893 2458 τὸν
916 2391 1167 2475 αὐτὸντρόπον

547 2498 592 2574 ὡς
614 2497 675 2562 τὸν
698 2497 803 2563 αὐτὸν
825 2495 881 2563 καὶ
903 2499 948 2582 μὴ
970 2498 1218 2580 μεταβάλλοντα

545 2606 653 2681 άλλως
676 2605 891 2670 θιατάθεσθαι
915 2602 969 2669 καλ
993 2606 1038 2689 μὴ
1061 2606 1120 2669 τὸν
1143 2605 1246 2669 αὐτὸν
1269 2600 1359 2688 ἔχειν
1382 2605 1506 2686 τρόπον

385 2711 440 2796 qui
463 2711 599 2797 propius
622 2712 831 2796 perspexerit,
853 2710 1016 2797 intelliget
1037 2733 1104 2777 non
1126 2713 1180 2796 agi
1203 2710 1243 2775 de
1265 2711 1373 2775 nescio
1392 2731 1456 2793 qua
1473 2708 1621 2774 ubertate

345 2841 371 2883 so
384 2819 513 2905 poetica
532 2818 588 2885 sed
606 2818 645 2884 de
663 2818 791 2905 vulgari
808 2839 896 2884 more
914 2817 1081 2904 loquendi3
1100 2821 1137 2882 ut
1155 2839 1250 2905 aegre
1269 2816 1341 2884 aliis
1355 2815 1541 2903 persuasuri
1556 2815 1622 2881 sint

385 2925 525 2992 Cobetus
533 2926 794 3010 Hartmanusque
805 2922 849 3011 (p
856 2923 913 3012 80)
928 2925 961 2989 in
971 2924 1143 3010 Symposio
1154 2923 1299 3012 (p.19‚5)
1314 2927 1343 2990 εἰ
1359 2925 1421 3010 γάρ
1436 2949 1485 3001 τις
1500 2923 1620 3007 ἐραστῇ

385 3034 429 3111 ὡς
442 3037 587 3121 πλουσίῳ
606 3033 754 3098 πλούτου
772 3031 869 3097 ἕνεκα
887 3033 1107 3118 χαρισάμενος
1126 3030 1345 3117 ἐξαπατηθείη
1363 3032 1490 3116 καὶμὴ
1506 3030 1621 3111 λάβοι

384 3143 560 3226 χρήματα
584 3137 813 3223 ἀναφανέντος
835 3148 896 3204 τοῦ
920 3138 1062 3225 ἐραστοῦ
1083 3139 1224 3223 πένητος
1243 3137 1344 3205 οὐδέν
1362 3135 1462 3223 ἦττον
1481 3139 1621 3220 αἰσχρόν

385 3243 559 3311 verbasci
583 3246 626 3330 μὴ
651 3247 749 3328 λάβοι
771 3249 919 3331 χρήματα
940 3251 979 3311 ut
1002 3246 1106 3312 atiena
1127 3251 1321 3312 resecantes:
1349 3266 1430 3329 quae
1453 3265 1529 3308 vera
1551 3264 1621 3307 esse

384 3375 444 3419 nso
467 3352 658 3437 scriptorem
682 3352 845 3437 dedocere,
870 3353 922 3418 vel
944 3352 1025 3418 haec
1047 3354 1086 3419 de
1110 3354 1222 3419 eodem
1247 3352 1418 3438 Symposio
1444 3349 1488 3437 (p.
1506 3350 1564 3433 40,
1584 3346 1620 3435 8)

384 3462 421 3526 τὸ
450 3455 562 3536 ἐνθεὶς
589 3458 732 3536 κάλλους
758 3457 813 3525 καὶ
841 3461 974 3546 μηδαμῇ
1003 3460 1204 3544 κεκτημένον
1231 3461 1352 3536 κάλλος
1375 3462 1408 3524 et
1431 3480 1512 3542 quae
1535 3478 1620 3522 com-

384 3566 475 3651 paria
496 3565 706 3649 praecedunt,
735 3567 788 3631 vel
810 3566 867 3631 illa
889 3568 928 3631 de
951 3566 1139 3653 Thucydide
1162 3566 1303 3651 1113,1
1327 3567 1371 3649 μὴ
1395 3567 1473 3642 τοὺς
1496 3564 1621 3649 ἀγροὺς

385 3672 490 3738 αὑτοῦ
508 3674 677 3759 παραλίπη
697 3671 761 3738 καὶ
780 3675 828 3757 μὴ
847 3674 976 3759 δηάση
997 3676 1075 3740 satis
1094 3673 1233 3760 probare
1251 3678 1361 3757 putes3
1386 3673 1503 3756 quibus
1522 3671 1620 3736 addas

385 3780 418 3843 iu
448 3778 581 3844 eandem
614 3778 750 3845 formam
782 3779 862 3846 haec
894 3801 932 3844 ex
960 3780 1083 3866 Hippia
1115 3782 1238 3845 minore
1272 3778 1316 3865 (p.
1340 3780 1398 3863 47,
1421 3777 1457 3866 9)
1486 3782 1528 3844 σὺ
1558 3773 1620 3843 οὖν

345 3909 371 3951 so
385 3887 517 3972 χάρισαι
545 3884 609 3951 καὶ
636 3887 685 3971 μὴ
714 3889 921 3972 φθονήσης
949 3888 1110 3953 ἰάσασθαι
1138 3888 1199 3971 τὴν
1222 3890 1333 3972 ψυχήν
1355 3911 1429 3972 μου.
1468 3885 1531 3951 Sed
1555 3906 1620 3970 quo

385 3991 488 4079 magis
511 3993 682 4057 fundemus
705 3991 739 4058 id
763 3994 849 4077 quod
873 3994 1127 4060 demonstratum
1152 3994 1250 4078 imus,
1275 4015 1362 4059 nunc
1384 4015 1513 4078 quoque
1536 4014 1621 4057 nova

385 4098 540 4184 quaedam
564 4099 632 4165 eius
656 4101 783 4187 generis
807 4102 952 4186 exempla
974 4103 1195 4187 proponimus.

544 4204 645 4291 μένος
667 4205 758 4273 ἐστὶν
781 4206 956 4293 ἀάσχετον,
980 4209 1042 4275 οὐκ
1066 4206 1231 4275 ἐπιεικτόν
1254 4206 1331 4272 Ilias

545 4314 664 4381 αὐτίκα
679 4312 723 4399 d',
738 4314 780 4379 οὐ
793 4317 874 4400 μετὰ
889 4316 994 4402 δηρὸν
1008 4314 1059 4382 ot
1073 4314 1208 4400 μέσσοις
1222 4313 1405 4400 ἀγόρευσεν
1425 4312 1621 4398 Apollonius

547 4419 625 4488 νέον
647 4444 684 4504 γε
708 4420 779 4504 μέν,
803 4420 876 4487 οὐιλθ
903 4422 1072 4508 ἀποτηλοῦ
1095 4421 1181 4487 idem

545 4528 605 4611 ἣδε
628 4528 691 4612 γάρ
715 4529 804 4612 ψυχὴ
827 4530 916 4613 πάρα
935 4527 1078 4595 Ἑκοῦσα
1102 4528 1185 4594 κούκ
1210 4529 1337 4593 άκουσα
1364 4526 1441 4591 Eur.
1458 4526 1620 4592 Heraclid.

599 4632 679 4719 530,
703 4634 742 4700 cf.
762 4631 865 4702 Orest
885 4636 951 4701 613

545 4739 627 4824 αὕτη
650 4738 682 4805 d'
709 4742 810 4819 άπαις
832 4735 853 4828 ᾖ
875 4741 930 4808 καὶ
955 4740 1147 4826 λελειμμένη
1171 4739 1296 4806 τέκνοιν
1319 4739 1387 4806 Ion.
1407 4740 1473 4806 680

545 4845 596 4911 ὅτι
620 4836 691 4925 οἶος
710 4849 995 4935 παρρησιάζεσθαι
1016 4844 1070 4911 καὶ
1095 4848 1139 4930 μὴ
1163 4848 1383 4932 αἰσχύνεσθαι
1405 4846 1500 4912 Pluto
1519 4844 1620 4933 Gorg.
