3967 5725
572 654 623 704 DE
642 652 809 704 sonorus
826 653 865 703 IN
883 651 1119 704 ARISTOTELIS
1137 653 1384 705 RHETORICAM.
1529 651 1595 718 465

360 816 444 901 πρὸς
470 816 510 881 τὰ
533 814 717 900 πράγματα.
753 812 843 879 Η111
869 813 980 897 verba,
1008 835 1090 897 quae
1114 817 1278 879 auctorem
1301 836 1367 879 non
1389 814 1521 888 habent¹
1535 816 1598 882 nisi

323 937 345 994 4
363 922 450 988 hune
473 921 690 1004 scholiastam,
711 919 782 986 Ioh.
799 919 862 984 lac.
880 918 1034 986 Reiskius
1056 921 1103 985 sic
1127 920 1293 986 emendata
1316 925 1354 986 ut
1372 923 1526 988 scriberet
1544 924 1598 988 11111

362 1029 471 1114 ἀηδῶς
501 1029 655 1114 ἀφορῶσι
682 1029 867 1107 11111111.
895 1028 998 1111 ipsius
1026 1049 1095 1092 esse
1118 1026 1345 1093 Demosthenis
1369 1029 1467 1094 verba
1489 1031 1597 1094 existi-

363 1136 465 1201 mavit
483 1134 562 1222 (ind.
583 1132 691 1199 Graec
710 1133 877 1200 Demosth.
897 1155 919 1197 1.
938 1132 1152 1221 1111111111),
1171 1157 1271 1218 eaque
1290 1136 1346 1218 qui
1364 1135 1511 1219 reliqniis
1529 1158 1597 1202 ora·

362 1243 489 1308 tionum
518 1240 840 1307 Demosthenicarum
866 1241 989 1325 recepit
1016 1239 1196 1329 (112541,
1218 1240 1273 1329 16)
1302 1242 1413 1308 Herm.
1435 1242 1596 1328 Sauppius

363 1349 410 1414 ita
432 1348 589 1414 iudicavit
612 1353 649 1413 ut
671 1348 786 1432 ‘neque
810 1348 982 1432 quicquam
1006 1347 1111 1414 inesse
1134 1348 1221 1432 qnod
1239 1348 1473 1416 Demosthenes
1492 1350 1596 1417 dicere

363 1477 430 1520 non
457 1457 602 1540 potuerit
628 1477 732 1539 neque
760 1454 953 1520 scholiastae
976 1454 1034 1519 illa
1056 1477 1237 1521 sermonem
1259 1457 1390 1524 referre’
1414 1457 1597 1523 affirmaret.

361 1563 393 1628 A
418 1584 556 1646 quorum
580 1562 788 1647 opinionibus
811 1584 878 1627 non
897 1563 1013 1627 leviter
1032 1561 1179 1628 discessit
1198 1562 1322 1648 collega
1339 1567 1449 1630 noster
1467 1563 1597 1631 Ulrieus

362 1672 402 1735 de
416 1667 880 1752 Wilamowits·Moellendorff,
904 1671 960 1753 qui
981 1671 1015 1733 in
1034 1669 1198 1735 luculento
1218 1691 1314 1755 opere
1333 1671 1421 1755 quod
1439 1676 1598 1759 Πολιτείᾳ

356 1775 548 1862 Ἀθηναίων
571 1776 722 1841 restituta
744 1776 784 1840 de
802 1774 980 1842 Aristotele
1001 1781 1034 1841 ot
1051 1775 1190 1842 Athenis
1208 1777 1286 1842 feeit
1304 1776 1381 1866 (vol.
1396 1796 1408 1842 1
1422 1802 1452 1863 p.
1467 1777 1597 1866 31011),
1612 1807 1638 1848 ro
1672 1796 1675 1800 ’

360 1907 435 1950 cum
458 1884 492 1949 id
515 1888 625 1971 ageret
648 1887 685 1946 ut
703 1883 844 1949 rationes
863 1905 945 1966 quae
964 1887 1070 1948 essent
1087 1882 1260 1949 Aristoteli
1279 1908 1352 1951 cum
1370 1883 1597 1954 Demosthenis

360 1991 547 2075 eloquentia
564 1990 768 2075 patefaceret,
789 1991 852 2055 hoc
870 1990 1055 2074 exemplum
1073 1991 1301 2056 Demosthenis
1319 1994 1449 2057 nomine
1469 1994 1508 2058 ab
1527 1992 1599 2058 Ari-

360 2096 478 2163 stotele
496 2098 631 2162 citatum
649 2102 683 2162 et
701 2118 782 2181 qnae
802 2096 976 2162 scholiasta
995 2096 1036 2162 111
1054 2097 1087 2161 id
1106 2097 1331 2181 explicandum
1346 2098 1463 2164 adiecit
1476 2101 1598 2165 acriore

362 2204 481 2270 iudicio
510 2204 690 2289 temptavit.
728 2203 790 2280 Qui
818 2203 898 2270 haec
925 2204 1055 2288 quidem
1079 2226 1160 2288 quae
1183 2205 1357 2271 scholiasta
1380 2206 1473 2271 affert
1495 2207 1535 2272 ab
1559 2230 1596 2272 eo

360 2317 530 2397 tamquam
544 2310 771 2377 Demosthenis
790 2313 896 2396 verba,
916 2333 953 2375 11
972 2333 1054 2395 quae
1067 2310 1260 2377 Aristoteles
1279 2311 1476 2398 indicaverit,
1490 2313 1597 2378 afferri

359 2424 486 2503 censet,
514 2420 569 2484 sed
596 2441 633 2484 oa
658 2423 772 2503 utpote
795 2418 917 2503 duplici
939 2418 1032 2484 hiatu
1055 2419 1206 2485 informia
1229 2442 1248 2483 a
1270 2418 1498 2484 Demosthenis
1522 2420 1597 2485 stilo

361 2527 546 2610 abhorrere,
574 2530 612 2590 ut
637 2527 775 2590 alterum
803 2531 912 2592 utrum
939 2527 1172 2592 consectarium
1199 2527 1269 2610 fiat,
1296 2531 1353 2591 aut
1379 2525 1597 2607 Aristotelem,

361 2635 449 2718 quod
472 2634 527 2698 1111
550 2633 704 2698 credibile
726 2635 778 2718 sit,
800 2633 883 2698 falsa
905 2632 1134 2699 Demosthenis
1158 2634 1303 2699 oratione
1326 2656 1384 2718 pro
1408 2656 1596 2700 1111111111

359 2763 443 2825 esse,
466 2746 522 2806 aut
545 2742 751 2807 scholiastam
772 2764 792 2805 a
810 2763 844 2806 se
862 2741 938 2805 ficta
955 2763 1015 2825 pro
1035 2741 1141 2817 verbis
1160 2739 1388 2806 Demosthenis
1408 2741 1596 2807 venditasse.

362 2848 426 2915 Sed
449 2848 535 2914 idem
557 2848 655 2915 etiam
678 2848 717 2913 de
741 2847 840 2915 simili
863 2849 934 2934 ipso
960 2849 1046 2933 qnod
1067 2852 1116 2914 est
1134 2849 1168 2913 in
1188 2848 1348 2915 rhetorica
1367 2848 1464 2915 dubia
1482 2851 1596 2916 movit:
1611 2876 1637 2917 ao

361 2979 475 3041 parum
499 2957 584 3021 enim
606 2956 775 3041 probabile
797 2957 899 3023 videri
917 2956 1136 3040 Aristotelem,
1161 2958 1217 3039 qui
1235 2978 1300 3021 non
1318 2958 1414 3021 nimis
1434 2958 1597 3023 studiosus

362 3064 545 3129 orationum
582 3063 904 3129 Demosthenicarum
938 3063 1050 3144 fuerit,
1086 3066 1161 3147 post
1197 3086 1235 3128 ea
1270 3084 1353 3148 qnae
1389 3064 1486 3147 paulo
1523 3069 1597 3129 1111

361 3168 497 3256 (1406b
512 3168 571 3257 35)
594 3171 700 3255 posita
723 3174 799 3235 sunt
820 3169 875 3235 καὶ
896 3171 916 3253 ἡ
936 3173 984 3246 εἰς
1003 3172 1063 3235 τὸν
1082 3172 1196 3252 δῆμον,
1220 3170 1271 3235 ὅτι
1291 3170 1404 3254 ὅμοιος
1421 3174 1597 3259 ναυκλήρῳ

361 3279 488 3365 ἰσχυρῷ
507 3278 568 3363 μὲν
590 3278 760 3364 ὑποκώφῳ
784 3275 825 3341 de'
843 3277 927 3342 hanc
950 3276 1083 3341 alteram
1109 3276 1381 3360 comparationem
1404 3285 1465 3340 τοῦ
1490 3278 1597 3361 δήμου

363 3406 437 3449 cum
460 3407 494 3449 re
517 3386 678 3450 maritima
701 3389 831 3450 auctore
855 3383 1072 3448 Demosthene
1092 3382 1311 3466 superioribus
1330 3381 1490 3447 adiecisse.
1523 3383 1597 3448 Ter-

361 3493 429 3557 tius
452 3492 492 3555 ad
514 3514 583 3557 eam
601 3514 669 3557 rem
688 3491 902 3576 indagandam
921 3491 1115 3555 novissimus
1134 3489 1312 3555 rhetoricae
1331 3489 1436 3555 editor
1454 3492 1597 3575 accessit,

321 3612 324 3617 '
362 3600 535 3684 Adolphus
553 3598 740 3682 Roemerus,
763 3600 819 3682 qui
843 3620 925 3683 quae
946 3596 1119 3661 scholiasta
1137 3584 1235 3660 tradit
1252 3595 1480 3664 Demosthenis
1498 3599 1597 3663 verba

360 3728 433 3771 esse
456 3729 527 3771 cum
552 3705 686 3771 Reiskio
710 3704 917 3790 Sauppioque
940 3704 1005 3769 sibi
1028 3704 1195 3788 persuasit,
1220 3703 1275 3769 sed
1298 3724 1335 3767 ea
1358 3704 1398 3769 ab
1422 3704 1597 3789 interprete

360 3836 430 3879 non
458 3836 498 3878 ex
520 3812 738 3879 Demosthene
761 3814 863 3898 petita
886 3834 997 3877 verum
1020 3833 1061 3875 ex
1084 3810 1238 3895 ampliore
1262 3810 1349 3894 qnod
1371 3811 1470 3875 fuerit
1491 3811 1596 3876 rheto-

362 3921 448 3985 ricae
475 3921 649 4005 exemplari
678 3921 797 3984 tralata
824 3941 906 3984 esse:
933 3918 1011 3983 talia
1039 3918 1123 3982 enim
1151 3917 1214 3982 hoc
1236 3919 1308 3982 loco
1333 3917 1506 3982 desiderari
1524 3915 1597 3982 Ari·
1611 3942 1637 3983 so

361 4027 489 4093 stotelis
509 4048 630 4093 morem
652 4027 772 4092 indicio
791 4048 869 4110 esse,
888 4027 945 4110 qui
962 4047 1045 4109 quae
1063 4027 1242 4090 recenseret
1260 4024 1379 4089 similia
1397 4024 1466 4107 ipse
1481 4024 1598 4089 soleret

359 4136 549 4220 explanare3
572 4139 606 4199 et
626 4133 690 4199 hoo
712 4134 813 4219 igitur
836 4135 1018 4217 exemplum
1041 4133 1231 4197 documento
1255 4152 1324 4196 esse
1342 4132 1410 4195 eius
1428 4131 1475 4195 rei
1493 4133 1598 4196 voluit

363 4263 459 4325 quam
487 4240 600 4306 multis
628 4240 790 4324 variisque
812 4240 1012 4326 argumentis
1036 4239 1287 4303 demonstratum
1310 4236 1385 4320 ivit,
1411 4235 1597 4302 Aristotelis

363 4347 556 4414 rhetoricam
580 4348 725 4413 codicum
748 4347 904 4413 memoria
926 4368 991 4411 non
1015 4346 1174 4432 integram
1197 4344 1252 4409 sed
1274 4365 1421 4409 mancam
1444 4347 1477 4407 et
1494 4344 1597 4408 minu-

361 4460 429 4521 tam
466 4456 507 4520 ad
543 4476 602 4520 nos
635 4455 828 4539 pervenisse.
870 4453 933 4519 Sed
964 4453 1044 4518 haec
1075 4452 1132 4518 ubi
1165 4452 1278 4516 docere
1310 4450 1453 4515 instituit
1484 4447 1596 4536 (praef.

363 4585 393 4647 p.
413 4579 498 4626 xhlv
513 4559 585 4648 sq),
608 4561 655 4625 ibi
679 4562 776 4626 simul
798 4583 880 4645 quae
903 4561 934 4625 ei
956 4559 1118 4624 adversari
1142 4558 1320 4623 sententiae
1343 4557 1528 4623 viderentur
1546 4578 1597 4621 ex-

362 4670 487 4752 posuit:
501 4690 583 4752 quae
596 4670 683 4734 enim
697 4668 814 4734 horum
828 4667 1027 4733 scholiorum
1041 4670 1156 4730 natura
1170 4668 1263 4748 esset,
1278 4686 1375 4749 quam
1389 4688 1419 4750 p.
1430 4682 1541 4729 xxxvi
1550 4686 1596 4749 sq.

361 4774 509 4859 pluribus
538 4775 644 4842 verbis
668 4775 850 4859 descripsit,
877 4795 972 4860 posse
996 4774 1066 4838 fieri
1089 4777 1127 4838 ut
1149 4794 1231 4857 quae
1255 4772 1427 4837 scholiasta
1450 4772 1597 4837 adhunc

360 4883 471 4948 locum
494 4882 716 4967 adscripsisset
738 4887 805 4947 tam
828 4905 847 4946 a
871 4880 1088 4946 Demosthene
1112 4902 1208 4965 quam
1232 4880 1272 4944 ab
1295 4878 1469 4946 Aristotele
1493 4879 1597 4944 aliena

418 4997 546 5037 11111111
559 4997 670 5046 opuscul·
684 4996 717 5036 11
1348 4989 1397 5071 30,
