3967 5725
604 638 784 690 SERMONIS
802 639 998 690 PLATONIOI
1018 639 1326 692 OBSERVATIONES.
1521 636 1587 703 375

353 795 379 865 ὦ
393 800 579 885 Σώκρατες,
598 800 743 883 ὑγίεια;
762 802 796 866 τί
809 800 839 865 d'
857 799 949 866 ἐστὶν
962 803 1074 885 μεῖζον
1088 800 1222 884 ἀγαθὸν
1235 800 1430 886 ἀνθρώποις
1444 801 1586 884 ὑγιείας;

350 904 389 970 In
418 906 535 991 quibus
561 907 670 989 ὑγίεια
694 929 811 972 nomen
833 911 870 970 ut
893 907 1040 992 spurium
1064 907 1312 993 expungendum
1336 929 1419 986 esse,
1447 909 1521 973 inde
1545 908 1585 972 ab

351 1013 539 1079 Heindorfio
564 1018 695 1099 etpost
718 1013 941 1099 Hirsohigium
960 1013 1189 1098 Naberumque
1211 1015 1357 1099 plerique
1381 1037 1491 1081 omnes
1515 1037 1586 1080 oen-

351 1125 498 1203 suerunt,
525 1143 627 1205 nuper
655 1123 751 1186 etiam
779 1119 939 1186 Iohannes
962 1121 1099 1186 Kvicala
1121 1122 1155 1185 in
1179 1121 1441 1188 adnotationibus
1465 1122 1585 1187 criticis

351 1231 384 1292 et
410 1227 583 1313 exegeticis
611 1228 650 1291 ad
678 1228 825 1294 Platonis
852 1227 1033 1293 Phaedrum
1063 1232 1094 1292 et
1120 1226 1273 1315 Gorgiam
1300 1251 1326 1292 a.
1353 1228 1438 1294 1896
1462 1229 1585 1316 Pragae

350 1334 445 1399 editis
468 1358 499 1419 p.
519 1335 594 1418 320,
618 1357 691 1401 oum
713 1335 802 1401 aliud
824 1335 941 1400 vitium
964 1334 1121 1400 orationis
1144 1335 1346 1420 patefaceret.
1383 1335 1459 1401 Non
1479 1359 1586 1402 assen-

348 1441 458 1526 timur,
481 1446 513 1507 et
532 1443 685 1526 quoniam
704 1464 763 1506 nec
781 1442 866 1506 unde
884 1443 996 1525 ὑγίεια
1013 1465 1077 1507 vox
1096 1441 1295 1509 advolaverit
1314 1443 1509 1530 intelligitur
1526 1465 1585 1509 nec

349 1549 509 1613 sententia
536 1550 614 1614 satis
641 1554 727 1614 recte
754 1553 811 1614 aut
838 1550 917 1614 satis
944 1551 1039 1634 plene
1067 1549 1261 1635 explicatur,
1287 1549 1370 1614 nihil
1396 1549 1585 1636 interpolati

350 1657 563 1742 agnoscimus,
578 1656 633 1720 sed
648 1660 800 1741 putamus
816 1657 934 1743 deesse,
951 1678 1016 1740 quo
1031 1657 1156 1723 adiecto
1171 1657 1326 1722 orationis
1341 1656 1446 1722 forma
1459 1658 1585 1723 librarii

349 1783 456 1826 errore
480 1762 650 1828 obscurata
672 1765 858 1849 integretur.
897 1761 951 1827 Sic
973 1764 1058 1828 enim
1080 1763 1188 1829 addita
1206 1765 1329 1847 vocula,
1353 1785 1435 1848 quae
1454 1786 1492 1830 eo
1510 1766 1583 1832 loeo
1598 1793 1624 1834 rc

348 1870 442 1934 facile
465 1870 633 1955 praeteriri
656 1871 772 1954 potuit,
805 1871 974 1935 scribimus
998 1865 1018 1954 ἦ
1042 1872 1079 1935 τὸ
1102 1880 1160 1954 τῆς
1184 1880 1243 1953 σῆς
1266 1869 1383 1955 τέχνης
1405 1868 1506 1955 ἔργον
1529 1872 1585 1954 μέ-

347 1977 464 2058 γιστόν
492 1975 584 2043 ἐστιν
611 1977 755 2061 (trudeim
782 1989 852 2054 πῶς
878 1979 941 2062 γὰρ
965 1979 1021 2060 οὑ,
1051 1979 1133 2062 φαίη
1157 1975 1199 2041 ἂν
1223 1983 1317 2060 ἴσως,
1345 1975 1371 2044 ὦ
1396 1980 1583 2063 Σώκρατες,

349 2077 402 2166 [ἧς
421 2083 469 2168 γ]
488 2084 612 2167 ὑγίεια·
635 2088 671 2149 τί
686 2082 717 2149 d'
740 2084 831 2149 ἐστὶν
848 2088 961 2168 μεῖζον
979 2083 1110 2167 ἀγαθὸν
1130 2083 1323 2169 ἀνθρώποις
1342 2084 1484 2168 ὑγιείας;
1509 2084 1583 2161 Qui-

347 2188 409 2253 bus
431 2191 488 2254 ubi
511 2191 670 2256 addideris
694 2213 775 2276 quae
799 2192 997 2278 cogitantur,
1023 2203 1093 2267 πῶς
1117 2193 1179 2275 γὰρ
1204 2190 1244 2256 οὐ
1268 2189 1426 2275 μέγιστον
1449 2191 1583 2275 ἀγαθόν

347 2295 438 2362 ἐστιν
467 2294 569 2382 ἔργον
599 2308 657 2382 τῆς
683 2297 763 2383 ἐμῆς
791 2295 921 2383 τέχνης,
948 2294 988 2382 ἧς
1016 2322 1054 2382 γε
1081 2294 1182 2381 ἔργον
1210 2295 1302 2362 ἐστὶν
1328 2298 1452 2380 ὑγίεια·
1484 2303 1520 2363 τί
1545 2295 1583 2364 δέ

346 2408 459 2486 μεῖζον
480 2409 539 2469 κτλ
559 2405 689 2489 planam
708 2427 776 2470 esse
794 2427 853 2471 nec
871 2405 1007 2471 Platone
1025 2404 1192 2492 indignam
1211 2405 1390 2469 orationem
1409 2401 1581 2491 intelligas.

436 2510 499 2576 Sed
521 2512 662 2577 redimus
685 2514 719 2577 in
742 2513 836 2596 viam,
859 2516 896 2578 ut
916 2517 1060 2578 nostram
1080 2511 1331 2577 controversiam
1350 2532 1582 2596 persequamur

344 2617 385 2681 ad
404 2619 509 2684 finem.
539 2617 695 2685 Videmur
714 2624 821 2685 autern
840 2624 1018 2703 κολοφῶνα
1037 2617 1223 2684 ἐπιτιθέναι
1243 2618 1456 2703 disputationi
1475 2618 1581 2684 verbis

346 2722 509 2810 Symposii
537 2728 728 2812 propositis,
757 2727 873 2811 quibua
896 2749 998 2812 prope
1022 2749 1040 2790 a
1062 2726 1222 2811 principio
1247 2724 1292 2812 (p.
1312 2725 1348 2809 2,
1367 2723 1425 2814 24)
1448 2725 1582 2810 Apollo·

345 2831 442 2898 dorus
470 2855 525 2899 eos
551 2833 727 2918 invehitur,
756 2835 812 2919 qui
835 2834 874 2900 ab
899 2856 936 2901 eo
961 2838 999 2899 ut
1022 2835 1183 2899 orationes
1206 2837 1350 2899 narraret
1373 2833 1407 2898 in
1431 2833 1579 2899 convivio
1594 2859 1620 2901 so

345 2939 529 3027 Agathonis
552 2942 681 3007 habitas
703 2946 926 3027 poposcerant.

506 3050 535 3114 εἰ
559 3045 878 3133 coaceruatorum
903 3050 1140 3133 διηγήσασθαι,
1165 3058 1269 3113 ταῦτα
1292 3050 1353 3133 χρὴ
1377 3058 1496 3113 ποιεῖν.
1524 3047 1580 3114 καὶ

505 3158 568 3241 γὰρ
596 3153 700 3241 ἔγωγε
727 3155 782 3221 καὶ
811 3158 935 3237 ἄλλως,
964 3156 1045 3221 ὅταν
1072 3155 1134 3239 μέν
1161 3179 1254 3231 τινας
1277 3153 1353 3239 περὶ
1377 3157 1580 3240 φιλοσοφίας

506 3265 628 3346 λόγους
664 3264 684 3348 ἣ
717 3263 817 3340 αὐτὸς
848 3274 992 3346 ποιῶμαι
1025 3262 1045 3345 ἢ
1079 3264 1189 3327 ἄλλων
1222 3262 1349 3344 ἀκούω,
1386 3260 1487 3346 χωρὶς
1518 3271 1580 3327 τοῦ

505 3375 638 3436 οἴεσθαι
661 3370 867 3455 ὠφελεῖσθαι
889 3370 1071 3454 ὑπερφυῶς
1094 3368 1139 3445 ὡς
1160 3372 1277 3451 χαίρω·
1301 3368 1382 3432 ὅταν
1401 3364 1438 3432 dl
1457 3370 1580 3445 ἄλλους

505 3478 608 3560 τινάς,
632 3479 740 3555 ἄλλως
762 3501 797 3542 τε
819 3478 883 3542 καλ
907 3479 999 3552 τοὺς
1019 3474 1235 3558 ὑμετέρους
1253 3477 1345 3551 τοὺς
1363 3486 1441 3540 τῶν
1458 3481 1578 3541 πλου-

505 3585 600 3649 σίων
623 3585 688 3649 καλ
712 3593 1044 3670 χρηματιστικῶν,
1068 3581 1166 3657 αὐτός
1189 3604 1224 3645 τε
1247 3582 1393 3666 ἄχθομαι
1417 3581 1516 3667 ὑμᾶς
1538 3606 1578 3647 τε

504 3693 598 3767 τοὺς
613 3688 796 3775 ἑταίρους
810 3690 900 3772 ἐλεῶ,
915 3689 966 3754 ὅτι
981 3696 1095 3754 οἴεσθε
1111 3687 1141 3753 τὶ
1156 3698 1266 3753 ποιεῖν
1280 3687 1382 3754 οὐδὲν
1393 3698 1577 3765 ποιοῦντες.

342 3796 488 3882 Apparet
511 3796 640 3862 criticos
664 3798 761 3863 etiam
784 3801 895 3862 acutos
918 3817 1162 3879 nonnumquam
1183 3795 1355 3860 dormitare
1374 3816 1434 3860 nec
1452 3817 1578 3879 semper

341 3905 486 3990 vigilare.
523 3902 588 3968 Cur
611 3906 696 3969 enim
714 3905 801 3989 ὑμᾶς
818 3906 897 3981 τοὺς
916 3902 1068 3987 ἑταίρους
1086 3903 1320 3987 praeterierunt
1338 3900 1498 3985 inoffensi,
1521 3903 1577 3985 qui
1591 3928 1618 3968 so

340 4011 428 4095 ὑμᾶς
454 4014 533 4087 τοὺς
562 4011 738 4099 ῥαφφὺούς
766 4008 1089 4098 (permansisse
1114 4009 1336 4093 exstirpandos
1361 4009 1577 4074 censuerunt?

341 4116 406 4183 Sed
430 4118 503 4202 plus
522 4117 674 4183 utilitatis
693 4118 850 4183 redundat
868 4140 908 4182 ex
926 4118 967 4182 iis
987 4139 1068 4201 quae
1086 4117 1281 4201 praecedunt
1299 4118 1378 4193 τοὺς
1396 4112 1577 4197 ὑμετέρους

340 4228 421 4301 τοὺς
452 4236 520 4290 τῶν
547 4227 718 4291 πλουσίοιν
745 4228 799 4290 καὶ
827 4235 1092 4310 χρηματιστικῶν
1120 4221 1280 4311 (λόγους).
1324 4221 1412 4298 Quae
1440 4226 1524 4286 certe
1553 4221 1575 4285 ii

339 4333 479 4397 tolerare
497 4353 563 4396 non
581 4332 748 4416 debebant,
771 4333 828 4415 qui
846 4333 892 4396 ita
910 4331 1106 4414 existimant,
1125 4330 1256 4395 ferenda
1273 4352 1339 4394 non
1358 4351 1427 4394 esse
1447 4328 1475 4393 si
1494 4348 1576 4413 quae

341 4440 562 4523 colloquentes
585 4439 673 4503 ultro
696 4439 881 4525 intelligant
903 4443 941 4508 ut
963 4438 1135 4504 memorari
1158 4439 1242 4503 inter
1263 4459 1317 4502 eos
1338 4459 1420 4520 opus
1438 4457 1505 4501 non
1524 4436 1574 4500 sit.

340 4544 427 4610 Nam
450 4543 668 4630 Apollodorus
693 4546 840 4632 cognitos
863 4545 962 4609 habet
984 4547 1064 4621 τοὺς
1087 4543 1252 4631 ἑταίρους,
1279 4542 1396 4627 quibua
1422 4565 1455 4607 se
1478 4544 1575 4629 grati-

339 4652 431 4717 ficari
459 4652 541 4716 velle
567 4653 751 4738 profitetur,
778 4675 881 4737 neque
909 4674 967 4717 sua
995 4655 1051 4715 aut
1079 4672 1191 4716 eorum
1215 4673 1310 4715 causa
1333 4655 1402 4715 erat
1425 4650 1512 4735 quod
1535 4650 1576 4715 ad

340 4761 419 4835 τοὺς
442 4759 622 4842 ὑμετέρους
646 4756 796 4845 (λόγους)
820 4759 951 4823 adderet
974 4758 1031 4822 illa
1053 4760 1132 4835 τοὺς
1150 4770 1217 4823 τῶν
1236 4760 1409 4823 πλουσίοιν
1427 4756 1481 4822 καὶ
1500 4781 1576 4842 χρη-

338 4877 551 4950 ματιστικῶν.
587 4866 637 4930 Eo
665 4866 770 4952 magis
798 4866 975 4951 legentium
1003 4866 1156 4929 intererat
1184 4864 1263 4929 haec
1291 4865 1398 4947 adiici,
1426 4868 1463 4928 ut
1485 4865 1575 4948 peni·
