3967 5725
386 613 452 678 476
614 617 699 668 LVII.
718 617 835 668 INDEX
852 616 1066 668 LECTIONUM
1083 617 1315 671 AESTIVARUM
1334 622 1412 674 1903.

386 786 443 860 τῆς
471 779 736 860 Πελοποννήσου
764 775 833 843 ε’στί
861 780 1044 862 Καλυδών,
1071 777 1126 844 καί
1159 790 1283 846 νοεῖται
1312 780 1333 864 ἡ
1360 777 1423 866 μὲν
1450 785 1618 850 Καλυδὼν

386 885 476 968 ὅλον,
500 885 520 968 ἡ
544 883 582 949 δὲ
605 887 865 970 Πελοπόννησος
886 884 986 970 μέρος
1009 895 1065 969 τῆς
1089 889 1304 971 Καλυδῶνος,
1328 889 1372 966 ὡς
1394 890 1435 955 τὰ
1458 890 1519 956 ὅλα
1543 891 1619 958 ὀνο-

384 993 547 1077 μάζεσθαι
574 992 750 1058 Καλυδών.
792 990 847 1056 καί
878 994 942 1078 γὰρ
970 991 1008 1057 ἐν
1035 1001 1085 1082 τῷ
1110 994 1360 1077 διαιρεῖσθαι
1387 995 1452 1062 καὶ
1484 998 1618 1065 διακό-

386 1104 557 1164 πτεσθαι
580 1100 617 1164 τὸ
641 1100 835 1182 περιοδικὸν
857 1105 967 1165 κῶλον
984 1111 1057 1177 ταῖς
1080 1101 1227 1166 τοιαῖσδε
1245 1100 1265 1184 ἣ
1284 1113 1356 1179 ταῖς
1379 1106 1526 1170 τοιαῖσδε
1550 1086 1618 1171 στί-

385 1205 476 1284 ξεσιν
511 1202 605 1271 ἔστιν
635 1206 856 1290 ὑπολαβεῖν
891 1207 933 1272 τὸ
972 1206 1171 1290 ἐναντίον,
1208 1209 1281 1291 ἦτοι
1323 1211 1428 1294 ἄλλην
1464 1212 1618 1278 διάνοιαν

386 1313 552 1397 ἀπαρτίζει
579 1313 635 1378 καί
661 1313 777 1397 ἄλλην,
805 1311 990 1398 ἀμφότεραι
1019 1309 1056 1378 δὲ
1084 1312 1231 1380 διάνοιαι
1254 1315 1292 1403 αἰ
1311 1315 1618 1402 ὑποσημαινόμεναι

385 1431 457 1496 ταῖς
471 1421 617 1486 τοιαῖσδε
636 1419 656 1503 ἢ
675 1430 748 1497 ταῖς
766 1421 914 1485 τοιαῖσδε
933 1417 1135 1496 διαστίξεσίν
1149 1422 1236 1486 εἰσιν
1251 1421 1413 1488 ἐναντίαι·
1433 1424 1512 1510 ὅπερ
1528 1428 1619 1490 ἔστιν

386 1529 473 1591 ἰδεῖν
486 1524 541 1591 καὶ
556 1525 618 1592 ἐπὶ
633 1535 704 1592 τοῦ
721 1526 932 1611 εἰρημένου
950 1528 1090 1611 κώλου,
1109 1528 1150 1593 τὸ
1170 1528 1389 1595 “Καλυδὼν
1406 1531 1475 1613 ἥδε
1494 1532 1618 1615 γαῖα”.

386 1633 538 1710 ἐναντίας
555 1635 619 1718 γὰρ
638 1636 859 1719 παρεμφαίνει
878 1635 1031 1712 διανοίας
1048 1634 1069 1718 ἡ
1089 1636 1172 1719 ἄλλη
1190 1634 1245 1701 καί
1269 1638 1351 1721 ἄλλη
1362 1636 1531 1716 διάστιξις
1550 1644 1617 1706 κτλ.

345 1764 371 1804 10
474 1739 564 1805 Haec
588 1762 671 1824 quae
693 1742 826 1806 minime
849 1741 988 1806 iucunda
1016 1745 1092 1806 sunt
1119 1741 1239 1828 legenti
1263 1743 1319 1828 qui
1343 1747 1617 1831 pertemptaverit,

386 1849 449 1913 duo
478 1852 607 1932 oportet
633 1847 809 1934 intelliget,
837 1847 978 1932 primum
1006 1847 1093 1914 hunc
1120 1851 1328 1934 interpretem
1356 1873 1421 1916 non
1449 1853 1617 1938 cognitum

384 1955 536 2020 habuisse
554 1954 618 2019 nisi
632 1977 733 2020 unum
747 1977 876 2020 versum
890 1955 931 2020 ab
945 1953 1123 2021 Aristotele
1137 1955 1272 2022 allatum
1287 1960 1454 2024 Καλυδὼν
1472 1960 1534 2044 μὲν
1548 1966 1617 2044 κτλ,

384 2084 451 2127 non
473 2063 602 2128 novisse
626 2085 707 2146 quos
731 2084 805 2128 eum
828 2062 890 2127 hoc
913 2062 1056 2147 quinque
1080 2063 1252 2148 separatim
1274 2065 1390 2157 citatos
1415 2065 1554 2131 diximus
1577 2089 1618 2131 ex

384 2169 548 2256 Meleagro
562 2169 739 2255 Euripidis,
758 2192 831 2235 eum
850 2174 958 2235 autem
973 2192 1082 2253 unum,
1101 2193 1197 2255 quem
1210 2171 1424 2256 Euripideum
1443 2194 1511 2238 esse
1529 2173 1619 2242 nulla

384 2277 605 2361 reindicevit,
628 2278 834 2363 interpretari
858 2278 905 2342 sio
927 2281 964 2341 ut
986 2278 1081 2343 licuit
1105 2300 1144 2342 ex
1167 2277 1264 2343 meris
1288 2279 1395 2344 verbis
1418 2277 1618 2346 Aristoteliis

384 2385 446 2466 τὴν
468 2387 658 2451 Καλυδῶνα
682 2381 768 2450 εἶναι
795 2393 853 2467 τῆς
876 2388 1154 2469 Πελοποννήσου,
1178 2407 1259 2469 quae
1283 2389 1361 2452 satis
1385 2391 1475 2452 erant
1494 2389 1619 2471 scienti,

385 2491 441 2554 sed
465 2492 521 2574 qui
544 2491 709 2556 nesciebat
732 2491 868 2558 alterum
888 2513 1026 2574 versum,
1049 2493 1212 2576 quomodo
1236 2493 1263 2558 is
1287 2493 1467 2580 intelligere
1490 2499 1619 2580 poterat

385 2598 462 2683 quid
491 2599 721 2683 vituperationi
749 2598 855 2662 esset?
884 2598 1023 2663 secundo
1052 2603 1159 2664 autem
1188 2601 1260 2665 loco
1292 2602 1502 2686 interpretem
1530 2600 1619 2666 aliud

385 2706 569 2790 exemplum
601 2709 729 2789 praeter
760 2704 853 2769 illum
881 2727 1011 2769 versum
1039 2706 1126 2790 apud
1153 2707 1361 2772 Aristotelem
1394 2730 1459 2773 non
1491 2709 1618 2795 legisse,

344 2832 371 2873 ιο
385 2834 480 2897 quem
499 2812 612 2877 iisdem
632 2812 749 2897 verbis,
769 2812 885 2897 quibus
899 2810 1093 2879 Aristoteles
1112 2814 1190 2899 ipse,
1210 2814 1263 2881 ἐπί
1281 2824 1342 2881 τοῦ
1362 2814 1548 2901 εἰρημένου,
1571 2839 1618 2882 re·

384 2920 462 2984 ferri
484 2920 598 2984 voluit.
632 2917 737 2995 Quare
761 2940 857 3002 quem
881 2941 954 2985 cum
978 2919 1036 2990 illo
1060 2922 1229 2987 coniunxit
1247 2943 1375 2988 versum
1398 2922 1529 3006 γένοιτο
1551 2928 1618 2991 Ζεῦ

385 3028 444 3091 τὸν
466 3035 532 3092 σῦν
554 3029 753 3110 καταβαλεῖν
776 3025 843 3110 ἐμέ,
867 3028 924 3111 qui
947 3031 997 3092 est
1014 3027 1218 3113 Euripideus,
1242 3050 1337 3114 saepe
1362 3029 1402 3095 ab
1422 3030 1493 3097 aliis
1518 3031 1618 3115 ἀμφι-

384 3136 501 3215 βολίας
524 3154 620 3198 causa
643 3133 769 3218 citatus,
795 3156 861 3199 non
883 3156 924 3199 ex
946 3134 1121 3201 Aristotele
1145 3138 1284 3221 sumpsit
1307 3137 1363 3202 sed
1386 3136 1509 3203 eddidit
1530 3139 1618 3203 ultro

383 3262 487 3326 neque
500 3241 650 3325 pluribus
667 3241 834 3326 explicuit,
851 3245 1024 3326 propterea
1043 3243 1130 3327 quod
1148 3265 1220 3309 cum
1239 3243 1299 3310 hac
1318 3266 1415 3310 causa
1433 3266 1514 3329 quae
1532 3265 1618 3309 nunc

301 3384 305 3390 >
384 3350 492 3435 agitur
519 3349 710 3415 coniunctus
737 3370 804 3413 non
832 3352 889 3414 est.
923 3347 1011 3425 Quae
1040 3352 1175 3414 sirecte
1198 3350 1362 3434 disputata
1386 3355 1475 3437 sunt,
1498 3356 1619 3435 quanta

383 3455 463 3520 fides
482 3454 655 3520 habebitur
673 3456 789 3520 ceteris
809 3477 891 3539 quae
915 3454 970 3520 ille
987 3460 1116 3540 praeter
1134 3456 1321 3523 Aristotelis
1341 3461 1527 3524 memoriam
1544 3481 1617 3543 pro·

383 3563 480 3627 tulit?
513 3561 575 3639 Qui
599 3562 728 3647 quidem
751 3563 785 3626 in
809 3563 848 3627 iis
872 3583 954 3646 quae
972 3563 1014 3628 ad
1032 3563 1250 3649 Σοφοκλέους
1274 3567 1406 3650 ἰαμβεῖα
1428 3565 1619 3651 explicanda

384 3670 476 3735 affert
508 3670 578 3754 ipsa
609 3670 714 3735 forma
756 3670 912 3735 orationis
953 3671 1074 3736 indicat
1110 3693 1143 3737 se
1177 3673 1369 3739 sententiam
1402 3678 1435 3739 et
1471 3673 1619 3757 exempla

383 3798 449 3843 nen
478 3777 607 3842 aliunde
634 3776 767 3861 petiisse
796 3778 853 3843 sed
880 3777 1034 3845 adiecisse
1061 3780 1182 3863 ipsum,
1209 3784 1276 3845 tam
1304 3780 1382 3845 haec
1411 3803 1507 3866 quam
1535 3802 1617 3865 quae

345 3903 371 3943 so
386 3883 576 3969 Sophocleis
594 3884 730 3950 iambeis
748 3886 782 3950 in
797 3886 992 3950 contrariam
1007 3886 1073 3949 vim
1093 3886 1244 3971 apposuit
1258 3887 1297 3952 de
1310 3885 1503 3972 Euripideis.
1529 3886 1617 3964 Quae

385 3993 494 4057 omnia
513 3993 660 4075 quicum
680 4013 756 4057 eura
775 3991 964 4078 expenderit
981 3992 1136 4058 fatebitur
1153 4016 1267 4077 parum
1286 4016 1355 4059 esse
1374 3996 1412 4060 ad
1431 3993 1618 4061 Aristotelis

385 4102 524 4164 mentem
548 4098 788 4165 accommodata
807 4097 915 4186 (velut
932 4099 1121 4184 Euripideis
1145 4101 1232 4185 quod
1251 4100 1427 4187 εἰρομένην
1450 4100 1540 4179 λέξιν
1561 4102 1619 4166 tri-

384 4205 469 4289 buit,
497 4205 615 4290 repetit
642 4228 709 4270 non
735 4228 794 4271 suo
823 4206 896 4273 loeo
925 4227 1007 4290 quae
1036 4228 1134 4292 supra
1160 4231 1180 4274 a
1202 4231 1232 4293 p.
1258 4208 1374 4274 1409a
1399 4208 1443 4273 24
1471 4209 1619 4293 exposita

384 4310 498 4399 erant).
533 4311 638 4389 Quare
662 4312 691 4377 si
713 4314 786 4397 quis
805 4312 895 4400 (cum
913 4311 1086 4401 Roemero)
1111 4318 1232 4380 statuet
1254 4316 1351 4381 rerba
1374 4315 1431 4380 illa
1449 4315 1559 4399 ὥσπερ
1578 4316 1619 4381 τὰ

384 4418 601 4503 Σοφοκλέους
621 4421 752 4504 ἰαμβεῖα
771 4420 927 4506 exemplis
955 4419 1149 4504 quibusdam
1173 4426 1268 4487 aucta
1289 4424 1389 4488 fuisse
1414 4443 1495 4507 quae
1520 4425 1619 4488 retra·

384 4526 493 4590 etandi
506 4528 670 4592 temeritas
689 4526 869 4613 abstulerit,
892 4527 920 4592 is
940 4528 980 4593 ad
999 4527 1191 4595 scholiastae
1206 4529 1427 4595 testimonium
1441 4551 1619 4614 provocare

384 4654 448 4697 non
470 4633 599 4717 poterit.

475 4738 538 4805 Sed
561 4741 681 4806 omisso
704 4742 870 4827 paulisper
893 4740 1069 4807 scholiasta
1090 4741 1170 4807 haec
1192 4744 1291 4809 verba
1314 4745 1386 4828 ipsa
1408 4766 1466 4828 per
1484 4765 1518 4808 se
1541 4748 1618 4809 sunt
1634 4753 1674 4810 18

384 4847 615 4932 perspicienda,
635 4869 717 4932 quae
734 4849 925 4933 praesertim
943 4848 979 4924 in
998 4848 1138 4915 diversas
1157 4854 1265 4934 partes
1283 4850 1355 4936 rapi
1373 4850 1544 4917 videamus.
1569 4850 1618 4915 Ee
