3967 5725
396 601 460 666 164
621 605 692 654 xm.
712 603 827 653 nuum
846 603 1061 668 nnorrouuu
1077 603 1309 655 snsrrvmmu
1329 607 1405 656 reos.
1444 632 1446 635 -
1505 628 1507 635 ,

391 768 428 828 ut
455 765 622 832 mittamus
648 763 772 848 relique
800 785 881 848 quse
909 765 1012 830 multa
1038 765 1073 829 in
1095 765 1147 830 his
1171 764 1316 830 versibus
1339 764 1569 831 addubitantur
1592 772 1625 831 et

390 874 633 955 attemptentur,
655 893 722 936 non
739 871 884 936 tulerunt
902 871 1103 956 particulam,
1127 873 1182 938 red
1201 893 1379 956 pronomen
1397 879 1624 962 poposcerunt,

388 979 432 1062 μὴ
458 979 543 1065 ζῴην
566 978 646 1061 ἐγώ,
674 979 760 1062 quod
789 979 829 1042 eb
854 977 1025 1065 Hartungo
1054 983 1220 1064 acceptum
1238 979 1508 1044 Wilamowitzius
1538 981 1625 1045 edite

387 1084 449 1149 hec
475 1085 586 1150 fabula
614 1086 648 1149 in
675 1084 840 1151 Analectie
867 1085 1055 1169 Euripideis
1077 1110 1107 1170 p.
1132 1085 1174 1149 98
1204 1086 1238 1151 in
1265 1089 1356 1149 textu
1384 1087 1503 1170 posuit-
1546 1086 1624 1153 Non

388 1192 608 1276 vituperamus
636 1214 828 1276 pronomen,
857 1214 1050 1276 quemquam
1079 1193 1273 1277 ambigimus
1297 1215 1393 1276 quam
1417 1197 1503 1258 recte
1525 1195 1624 1277 parti-

387 1301 461 1364 cula
489 1296 706 1386 respuatur*).
748 1298 833 1365 Nem
862 1299 922 1363 etsi
951 1299 1144 1364 discriminis
1173 1299 1325 1384 quiddam
1354 1301 1491 1366 sentitur
1517 1301 1623 1385 positu

388 1410 445 1470 aut
471 1406 622 1491 adempte
644 1406 803 1490 porticula
826 1406 1009 1491 temporali,
1038 1406 1123 1490 quod
1147 1428 1249 1491 genus
1273 1408 1369 1471 etiem
1392 1407 1456 1472 Dio
1481 1405 1622 1491 Chryso-

388 1517 510 1578 stemus
535 1505 574 1577 de
598 1511 781 1577 Alexandro
806 1513 921 1578 scribit
943 1514 979 1597 4,
996 1512 1040 1576 49
1064 1509 1231 1598 οὐδὲγὰρ
1255 1517 1314 1596 ζῆν
1336 1511 1502 1597 ἐβούλετο,
1526 1516 1555 1580 sl
1578 1517 1621 1599 μὴ

388 1622 545 1703 βασιλεὺς
569 1626 618 1702 εἴη
638 1629 695 1702 τῆς
714 1620 878 1705 Εὐρώπης
896 1621 950 1684 καὶ
970 1630 1027 1704 τῆς
1041 1617 1153 1696 Ἀσίας
1170 1625 1240 1695 κτλ,
1264 1620 1320 1684 sed
1339 1621 1423 1685 idem
1442 1620 1480 1685 de
1494 1619 1621 1686 Achille

348 1753 374 1794 ιο
390 1726 429 1791 11
437 1776 446 1809 ,
467 1727 526 1790 101
553 1725 608 1791 καὶ
632 1725 707 1812 περὶ
731 1736 790 1791 τοῦ
815 1729 1013 1810 Πατρόκλου
1037 1727 1217 1811 ἐτύγχανεν
1240 1727 1388 1810 ἀκηκοὼς
1410 1737 1467 1810 τῆς
1490 1731 1622 1814 μητρός,

389 1833 429 1898 ὅν
461 1849 566 1917 φησιν
598 1833 635 1898 ἐν
666 1840 726 1920 ἴσῳ
754 1843 793 1918 τῇ
822 1833 942 1899 ἑαυτοῦ
970 1840 1097 1919 κεφαλῇ
1126 1842 1225 1918 τιμᾶν
1252 1831 1307 1897 καὶ
1334 1834 1419 1918 μηδὲ
1446 1834 1544 1911 αὐτὸς
1572 1831 1620 1900 ἔτι

386 1941 571 2022 βούλεσθαι
592 1944 649 2024 ζῆν
668 1940 797 2005 ἐκείνου
817 1940 1058 2022 ἀποθανόντος,
1077 1945 1186 2005 temen
1198 1939 1263 2005 hoc
1277 1940 1434 2024 quidquid
1449 1944 1498 2004 est
1513 1940 1621 2006 discri-

385 2047 483 2111 minis
501 2048 548 2111 111
566 2051 786 2131 comparatum
805 2048 969 2131 habemus,
988 2052 1026 2112 ut
1043 2048 1177 2113 arbitrio
1192 2047 1359 2131 scriptoris
1375 2046 1620 2130 relinquendum

385 2153 537 2218 videatur.
573 2153 636 2218 sed
651 2153 791 2239 Oedipus
811 2175 892 2238 quae
906 2153 984 2218 dicit
999 2154 1033 2217 in
1047 2152 1219 2238 Sophoclis
1234 2151 1358 2238 Oedipo
1373 2151 1514 2219 Ooloneo
1531 2153 1617 2218 1366

547 2262 575 2325 εἰ
600 2259 636 2325 d'
658 2260 801 2344 ἐξέφυσα
824 2261 923 2325 τάσδε
946 2261 989 2344 μὴ
1010 2258 1135 2346 'puerei
1156 2262 1304 2345 τροφοὺς

546 2369 604 2444 τὰς
626 2369 762 2449 παῖδας,
786 2363 806 2450 ἦ
830 2366 891 2432 τᾶν
915 2367 977 2432 οὐκ
1001 2365 1044 2432 dv
1066 2363 1100 2451 ἦ,
1123 2369 1160 2432 τὸ
1185 2368 1247 2431 σὸν
1270 2366 1383 2451 μέρος,

385 2496 457 2539 cum
490 2475 651 2559 intelligat
683 2473 793 2539 οὐκέτι
821 2473 864 2539 dlv
891 2470 948 2557 ἦν,
977 2475 1040 2538 iem
1069 2474 1212 2539 subsidio
1242 2495 1311 2538 esse
1338 2475 1446 2539 versui
1468 2473 1655 2544 Electreee

385 2586 522 2665 possunt
544 2603 584 2645 ne
607 2578 655 2645 ἔτι
679 2583 783 2646 invito
805 2585 919 2665 poetae
943 2580 1161 2645 obtrudamus.
1200 2579 1285 2645 Nem
1310 2581 1337 2644 si
1361 2581 1432 2664 quis
1456 2602 1526 2645 eam
1549 2605 1621 2666 par-

385 2687 517 2752 ticulam
546 2688 666 2772 requiri
695 2692 823 2753 censeat
850 2692 1020 2771 propterea
1047 2686 1134 2770 quod
1160 2689 1291 2773 μακρὰν
1314 2687 1431 2752 habeat
1453 2690 1620 2754 notionem

344 2827 371 2868 ,ο
385 2795 594 2880 temporalem
618 2798 651 2858 et
673 2794 846 2858 terminum
867 2795 1008 2879 definiat,
1031 2816 1178 2858 veremur
1196 2817 1236 2858 ne
1255 2816 1320 2859 non
1339 2798 1423 2858 recte
1440 2795 1569 2881 iudicet,
1592 2797 1620 2861 si

385 2902 514 2986 quidem
538 2906 570 2966 et
593 2900 703 2967 Oicero
729 2900 884 2967 Oetonem
904 2902 948 2988 (7,
967 2900 1025 2988 24)
1049 2902 1094 2965 ita
1116 2903 1303 2984 loquentem
1325 2902 1404 2967 facit
1425 2923 1513 2967 nemo
1535 2904 1620 2968 mim

384 3015 428 3075 est
446 3015 510 3074 torm
528 3030 628 3089 senex,
648 3011 702 3091 qui
719 3030 751 3075 se
769 3030 889 3073 onrmm
907 3030 971 3073 111
982 3014 1072 3091 potet
1081 3029 1174 3091 posse
1185 3010 1293 3088 vicere,
1314 3012 1346 3073 et
1360 3008 1445 3092 apud
1459 3013 1619 3074 nostrates

386 3114 542 3181 Ooethius
565 3138 632 3182 non
655 3116 759 3181 solum
783 3114 937 3179 Faustum
961 3115 1000 3179 de
1024 3115 1147 3179 Helene
1270 3183 1272 3188 ,

520 3222 598 3287 Nure
620 3225 662 3288 ist
685 3224 768 3287 meio
791 3222 884 3304 Siren,
907 3224 990 3286 meio
1017 3223 1127 3288 Wesen
1149 3229 1252 3305 strena
1274 3224 1461 3305 umfanpem

519 3330 575 3394 Iob
597 3330 659 3395 lebe
680 3330 779 3412 11111,
802 3330 889 3395 bauo
911 3330 961 3393 iob
983 3331 1029 3395 sie
1050 3330 1136 3393 nieht
1158 3330 1319 3413 erlcnpcu,

385 3436 440 3503 sed
469 3438 565 3501 etiem
594 3437 702 3501 addite
730 3438 862 3502 notione
886 3438 1042 3520 temporis
1065 3436 1100 3499 in
1123 3437 1233 3501 eadem
1256 3437 1422 3522 tragoedia
1445 3437 1620 3502 veneficam

518 3544 573 3608 Iob
596 3544 663 3608 will
686 3544 761 3608 euch
782 3565 859 3626 pero
882 3545 933 3609 ein
959 3543 1114 3609 Glr‘iscben
1134 3544 1235 3625 gelren.

517 3650 606 3715 Doeb
628 3672 718 3715 wenc
741 3671 772 3717 es
795 3652 895 3717 dieser
918 3651 1027 3715 Moru
1048 3651 1270 3716 umoorbcreitet
1291 3650 1400 3729 tricld,

517 3757 559 3824 So
583 3758 669 3823 torm
691 3778 736 3837 er,
760 3760 848 3823 wisel
869 3758 921 3823 c'br
944 3758 1036 3837 wohl,
1059 3758 1145 3822 nieht
1166 3756 1375 3839 1111811111
1397 3757 1489 3822 leben.

343 3896 369 3936 ,ο
385 3865 507 3942 Quibus
531 3866 686 3949 exemplis
710 3866 857 3930 consulto
883 3864 1071 3948 compositis
1094 3868 1222 3929 tentum
1245 3864 1441 3949 patefactum
1459 3868 1517 3948 est,
1540 3862 1619 3929 Mei·

383 3972 515 4036 nekium
543 3974 578 4037 in
605 3994 642 4036 eo
672 3971 759 4055 quod
786 3971 825 4035 de
854 3971 1013 4039 ‘omnium
1040 3970 1240 4057 linguarum³
1267 3993 1330 4035 usu
1352 3971 1491 4036 iactabat
1514 3970 1618 4035 multo

383 4080 456 4162 plus
484 4079 667 4164 professum
695 4100 764 4143 esse
792 4099 889 4161 quem
916 4083 1079 4162 praestare
1107 4082 1246 4163 poterat3
1274 4080 1330 4162 qui
1358 4078 1487 4162 quidem
1514 4077 1618 4160 nobis,

384 4186 470 4268 quod
498 4207 591 4269 reepe
618 4184 715 4249 etiem
743 4185 778 4248 in
804 4186 977 4269 praeclaris
1008 4184 1126 4250 criticis
1156 4185 1324 4249 observare
1352 4184 1441 4263 licet,
1470 4183 1561 4249 nulle
1583 4208 1618 4249 ro

383 4293 446 4356 nisi
468 4292 595 4379 vulgari
618 4296 752 4356 nostra
776 4292 901 4357 dicendi
926 4292 1158 4357 consuetudine
1182 4291 1295 4355 ductus
1319 4291 1455 4374 videtur,
1479 4292 1618 4375 quaein

382 4398 445 4463 hoc
477 4420 592 4485 genere
624 4398 778 4483 loquendi
810 4398 984 4482 multisque
1018 4398 1180 4463 similibus
1211 4397 1385 4482 particulos
1412 4398 1617 4481 frequentare

383 4505 475 4586 solet,
495 4506 612 4589 quibus
626 4510 750 4570 veteres
765 4506 891 4589 saepius
905 4504 1052 4570 videmus
1066 4506 1256 4590 pepercisse.
1290 4502 1383 4581 Quod
1397 4526 1493 4587 quem
1507 4525 1617 4568 verum

383 4613 426 4677 sit
453 4613 614 4698 intelliget
642 4612 697 4696 qui
725 4614 776 4677 vel
803 4613 883 4677 haec
907 4633 987 4694 quae
1011 4612 1095 4676 infre
1118 4613 1225 4696 posita
1248 4615 1324 4674 sunt
1346 4611 1493 4694 exemplu
1514 4632 1618 4695 peuce

471 4773 519 4840 *6)
538 4771 582 4843 [ln
602 4770 698 4824 Oreste
713 4770 834 4839 Pylades
859 4769 929 4823 dicit
952 4770 1044 4839 (1147)
1068 4768 1104 4838 μὴ
1124 4768 1178 4839 γὰρ
1197 4765 1249 4824 οὖν
1267 4766 1353 4839 ζῴην
1372 4768 1434 4835 ἔτι,
1458 4766 1494 4837 ἣν
1512 4768 1548 4837 μὴ
1567 4764 1614 4821 ’π’

382 4859 475 4933 ἐκείνῃ
494 4858 642 4945 φάσγγανρν
661 4858 778 4929 ondam]
