3967 5725
406 614 469 678 140
600 617 657 667 XL.
678 616 793 667 INDEX
812 616 1027 668 LEOTIONUM
1045 617 1287 669 HIBERNARUM
1307 616 1438 687 welloe.

401 784 510 844 ιιιιιιιιι
537 778 651 843 scelera
676 783 824 859 memorata
851 798 992 843 oeream:
1021 780 1108 843 ommi
1133 780 1232 861 ipitm
1258 780 1374 860 impeta
1399 767 1513 843 ments
1535 778 1639 842 adid

401 885 604 951 lacerandam
629 886 751 967 rapior,
780 906 818 948 ea
843 874 1111 968 praestantiam,
1140 886 1226 969 quod
1249 886 1451 969 volebamus,
1477 889 1515 949 ut
1538 885 1637 970 signi-

399 994 514 1057 ficetur
537 992 570 1056 id
592 994 627 1057 in
651 991 737 1075 quod
761 991 860 1056 enimi
884 992 1039 1077 cogitatio
1063 991 1261 1057 demittatur.
1583 982 1587 989 ¹

489 1118 535 1163 IV.
576 1098 666 1163 Haec
693 1097 873 1165 emendare
891 1099 1042 1185 contigit,
1075 1098 1103 1163 si
1131 1102 1253 1183 tamen,
1286 1099 1343 1164 ille
1371 1100 1508 1164 fortasse
1534 1098 1639 1164 vindi·

400 1190 471 1272 carc
503 1206 581 1272 lieet
612 1192 653 1269 ab
686 1204 876 1270 emendandi
908 1206 1100 1271 necessitate
1133 1198 1214 1291 quae
1245 1206 1400 1292 leguntur
1430 1223 1468 1269 1x
1493 1206 1514 1269 2
1536 1198 1637 1288 praef.

401 1311 446 1401 (p.
465 1313 530 1377 427
531 1311 591 1401 6)

535 1420 625 1485 Haeo
651 1406 779 1485 societas
800 1421 833 1485 vi
833 1420 948 1484 tiorum
971 1420 1083 1485 lascivi
1104 1420 1208 1485 cattas
1230 1426 1259 1485 et
1280 1441 1378 1485 macae
1399 1420 1601 1502 sapiditati'
1586 1440 1639 1484 m·

523 1510 673 1592 'haereat‘
648 1532 727 1591 taam
745 1526 902 1591 acalciam
921 1534 959 1590 ac
976 1526 1105 1592 delicato
1125 1527 1208 1591 calta
1226 1527 1387 1609 affluentis
1398 1547 1516 1609 perque
1532 1528 1639 1591 caries

533 1634 758 1699 iml'mebrasram
781 1638 882 1698 motas
903 1623 1065 1699 volitaretis
1087 1635 1206 1698 amimi:
1230 1635 1424 1699 crudelitatis
1445 1655 1514 1698 aero
1536 1634 1638 1699 lomi
1751 1685 1755 1692 .

360 1765 386 1805 ιι
535 1743 595 1806 'alas
612 1740 744 1819 habitas,
768 1740 942 1805 truculenta
959 1742 1080 1823 speeies,
1101 1741 1228 1806 aiclmti
1245 1744 1384 1824 spiritus,
1402 1762 1462 1805 coa
1479 1740 1639 1819 termlrilis,

534 1849 643 1913 ommia
666 1848 764 1912 mimis
786 1853 814 1912 et
836 1849 970 1913 amomis
992 1849 1138 1928 imperiis
1159 1849 1282 1929 referta.

399 1956 508 2019 amaia
540 1956 639 2019 mimis
665 1943 900 2018 laurentianus
934 1943 1034 2019 ceder
1069 1954 1184 2038 habet,
1214 1960 1314 2039 recte,
1346 1946 1518 2019 Bemensis
1550 1954 1639 2020 ommi

399 2064 527 2141 animis,
548 2065 582 2125 et
601 2064 779 2128 correctum
798 2063 906 2126 ommia
923 2063 1044 2150 nimiis,
1063 2084 1170 2146 preve,
1187 2061 1316 2147 vulgari
1334 2083 1441 2126 errore
1460 2083 1525 2146 quo
1539 2063 1640 2127 mimis

399 2173 431 2233 et
458 2172 558 2233 mimis
584 2169 670 2233 inter
696 2190 729 2232 se
757 2169 935 2253 permutari
963 2168 1082 2253 solent,
1111 2168 1380 2252 quemadmodum
1403 2189 1501 2253 supra
1523 2167 1564 2256 (e.
1582 2166 1637 2254 ιιι)

399 2278 503 2341 animi
526 2280 558 2339 et
581 2277 693 2369 amiai.
732 2273 795 2339 Sed
817 2277 915 2340 mimis
937 2297 1049 2340 verum
1073 2296 1143 2339 esse
1166 2279 1199 2339 et
1221 2297 1272 2339 res
1296 2275 1390 2342 docet
1413 2278 1445 2339 et
1468 2276 1639 2340 confirmat

399 2382 581 2467 exemplum
595 2382 672 2465 437,
686 2382 727 2445 27
748 2384 896 2464 spiritam
915 2402 1023 2447 armore
1040 2403 1078 2446 ac
1095 2384 1195 2447 mimis
1208 2384 1350 2448 mixtam.
1383 2381 1506 2447 Verum
1520 2385 1638 2467 ommia,

399 2491 491 2554 cuius
514 2489 587 2555 loco
606 2488 742 2573 Pighius
766 2509 823 2554 era
846 2476 955 2574 edidit,
978 2512 998 2553 a
1015 2488 1165 2572 Kempfio
1183 2490 1368 2574 refirtctum,
1393 2510 1466 2554 cum
1484 2489 1548 2574 ipsi
1567 2493 1636 2553 tum

399 2596 472 2661 aliis
496 2594 616 2660 falsum
639 2616 707 2659 esse
729 2596 836 2659 visum
860 2600 921 2679 est,
945 2600 978 2660 et
1002 2593 1148 2660 Gertzius
1173 2596 1302 2680 quidem
1325 2597 1449 2661 lamina
1471 2618 1567 2681 posse
1589 2617 1636 2660 re

398 2704 478 2789 poni
501 2703 649 2787 coniecit,
672 2701 842 2787 Kempfius
866 2706 974 2779 cutem
997 2704 1106 2768 ommia
1128 2688 1244 2768 meluit
1262 2703 1369 2767 deleri.
1407 2702 1550 2780 Quarum
1568 2704 1637 2787 opi-

357 2812 533 2878 conionum
566 2831 626 2874 nos
658 2812 765 2876 neutri
797 2808 892 2875 facile
924 2792 1164 2875 sdbs'oribimus.
1213 2808 1298 2876 Num
1330 2810 1455 2876 lamma
1483 2811 1581 2876 mimis
1609 2816 1640 2875 et

398 2919 683 3000 imperiis'refecta
707 2938 773 2980 non
796 2920 935 3000 possunt
956 2903 1098 3002 placere,
1124 2939 1191 2982 non
1214 2908 1318 3004 magis
1339 2907 1399 2984 aaa
1421 2918 1570 2983 terribilis
1590 2938 1638 2982 re-

394 3031 478 3120 ferta
500 3027 598 3090 mimis
621 3030 650 3089 et
670 3025 822 3106 imperiis.
863 3022 909 3087 At
932 3045 1008 3088 vero
1021 3024 1111 3088 'hoec
1134 3045 1278 3089 seorsum
1300 3047 1319 3088 a
1342 3026 1456 3089 ceteris
1475 3024 1635 3108 spectanti
1653 3032 1678 3088 9

396 3133 505 3198 ommia
533 3133 631 3197 mimis
659 3137 687 3196 et
714 3133 849 3196 maeatis
875 3132 1020 3213 imperiis
1045 3131 1162 3238 rescita
1192 3130 1325 3217 pulchre
1348 3132 1529 3215 composite
1552 3131 1639 3196 vide-

398 3238 533 3336 buntur,
556 3223 603 3303 ite
626 3238 756 3322 quidem
779 3242 816 3302 ut
802 3237 928 3302 taliud
951 3259 1070 3302 nomen
1092 3232 1187 3321 quem
1212 3240 1321 3304 ommia
1342 3260 1384 3302 ne
1406 3238 1483 3303 ferri
1507 3238 1637 3322 quidem

398 3347 550 3429 potuerit.
552 3343 585 3430 *)
628 3344 722 3422 Quod
745 3348 778 3410 et
800 3345 895 3409 facilc
919 3333 1059 3410 sentitur
1080 3367 1146 3409 non
1171 3350 1328 3430 occupate
1349 3349 1457 3410 mente
1479 3345 1637 3410 iudicanti

397 3456 431 3517 et
459 3452 624 3552 simillime
652 3453 798 3518 oratione
825 3439 1065 3536 comprobetur
1083 3465 1166 3535 quae
1189 3456 1344 3537 exststp
1347 3451 1453 3536 207,
1472 3452 1492 3516 3
1520 3453 1560 3517 ab
1582 3453 1638 3518 laos

397 3537 529 3625 hemido
554 3566 583 3624 et
608 3543 693 3625 tristi
714 3559 889 3641 pertinacis
916 3560 1076 3624 amicitiae
1100 3560 1146 3623 ad
1167 3559 1281 3624 metam
1304 3475 1344 3623 etp
1353 3548 1495 3624 sermam
1517 3560 1637 3624 amitam

397 3653 595 3733 transeamus
622 3673 713 3749 alque
739 3669 904 3731 indecem
928 3673 1096 3744 evocatam,
1124 3656 1309 3731 abiommia
1331 3667 1485 3745 ιιιιιιιιι,
1511 3668 1639 3750 aemma,

397 3775 542 3840 caedibus
562 3776 692 3856 Ῑιιιιιιιιι
712 3775 873 3855 referta,
859 3795 896 3838 m
918 3794 963 3853 eo,
987 3795 1046 3856 qao
1070 3758 1197 3856 dipmior
1219 3779 1273 3851 ast,
1295 3773 1457 3853 felicitatis
1479 3774 1638 3839 domicilio

357 3907 383 3949 eo
397 3882 593 3946 conlocemus.
638 3880 754 3965 Neque
785 3867 927 3964 inutilis,
960 3902 1025 3964 quo
1057 3881 1160 3966 magis
1192 3901 1256 3943 vox
1287 3882 1396 3944 ommia
1430 3885 1640 3964 sustentetur,

396 3987 476 4052 haec
499 4010 582 4071 quae
607 3987 729 4052 Gellius
753 3987 865 4052 scribit
888 3987 974 4071 v15,
989 3987 1008 4050 'l
1034 3987 1133 4053 Pelas
1155 3988 1266 4052 histrio
1288 3987 1421 4068 opplevit
1442 3990 1551 4052 ommia
1572 4009 1640 4052 mom

397 4095 579 4161 simulacris
600 4117 696 4177 aeque
718 4081 932 4192 imitamentis,
955 4037 1011 4158 ded
1031 4082 1114 4159 laeta
1137 4099 1228 4176 atqae
1250 4093 1397 4158 ιιιιιιιιιιι
1417 4114 1500 4198 aeres
1522 4100 1551 4158 et
1571 4094 1639 4176 spi-

486 4323 552 4393 ’24)
572 4321 665 4408 [Quod
687 4339 774 4391 quem
792 4339 888 4376 verum
907 4321 1002 4390 fuerit,
1021 4321 1150 4391 plurimis
1168 4322 1304 4392 exemplis
1322 4323 1437 4392 probari
1456 4325 1580 4410 poterat:
1600 4339 1637 4377 ex

398 4410 501 4479 quibus
524 4429 598 4465 nunc
621 4429 712 4480 pauca
735 4411 868 4482 seligam,
890 4429 948 4467 aaa
970 4411 1080 4466 incidas
1097 4411 1198 4477 solam,
1220 4414 1321 4479 quibem
1338 4415 1440 4480 referta
1457 4403 1524 4467 saal
1541 4414 1637 4466 ommia

398 4499 465 4572 (Oia.
481 4518 520 4555 or
535 4506 568 4554 41
571 4503 668 4570 1,40),
683 4503 715 4555 ιιι
728 4503 787 4556 cias
800 4502 874 4556 modi
887 4502 1029 4570 republica
1037 4502 1125 4570 plena
1138 4502 1273 4555 libertates
1286 4519 1340 4558 esse
1353 4503 1448 4557 ommia
1461 4502 1510 4572 (id.
1526 4501 1562 4557 de
1575 4519 1635 4571 rep

397 4609 408 4644 1
423 4595 467 4657 48,
479 4591 538 4660 67);
552 4596 659 4659 tamque
673 4592 767 4645 omnia
776 4592 863 4659 plecm
873 4591 977 4659 paellae
990 4591 1114 4660 maeatis
1127 4587 1240 4659 (Catuli.
1251 4595 1294 4656 89,
1305 4594 1345 4659 3),
1364 4598 1389 4645 et
1403 4592 1527 4646 lacrimis
1540 4593 1640 4645 οιιιιιιιι

395 4679 482 4748 plena
499 4679 611 4734 medem
628 4677 838 4750 (rib.1s,ee);
859 4681 954 4736 ommia
972 4681 1070 4746 lactas,
1089 4682 1184 4734 οιιιιιιιι
1201 4681 1313 4734 solliciti
1326 4681 1413 4748 plena
1431 4681 1539 4735 amone
1556 4687 1637 4734 eram

399 4765 490 4838 (Ovio.
504 4767 562 4821 her.
577 4787 628 4822 vm
639 4771 691 4838 lo).
720 4766 794 4833 Quid
813 4769 889 4836 quod
908 4768 985 4838 apud
999 4768 1121 4823 Graecos
1139 4784 1252 4836 quoque
1270 4768 1345 4821 nihil
1361 4770 1454 4840 magis
1468 4771 1636 4824 consuetum

399 4859 443 4912 est
461 4872 547 4924 quem
565 4854 651 4926 μεστὰ
670 4856 764 4912 πάντα
782 4856 826 4911 vel
845 4857 939 4913 πάντα
958 4857 1044 4927 μεστά
1062 4859 1193 4928 (ἐχθρῶν,
1212 4855 1334 4928 diluat]
