3967 5725
625 615 676 664 DE
694 615 924 666 EMENDANDO
943 614 1103 665 VALERIO
1120 614 1277 665 MAXIMO.
1510 614 1573 679 13'1

339 797 362 841 a
380 777 485 857 fabris
506 778 543 840 in
564 776 680 842 tribulis
700 777 849 859 florenum,
871 796 930 857 prro
947 776 1075 858 firmisse
1092 776 1284 855 cohaereant,
1306 798 1329 841 a
1339 776 1517 859 panpendo,
1539 778 1578 841 id

338 889 384 947 est
398 884 500 965 ficere.
538 883 627 949 Unde
644 890 672 948 ct
683 889 794 966 poetae
800 904 942 965 panace
953 902 1060 948 oerum
1072 884 1221 948 elimetur
1233 890 1262 949 et
1274 884 1429 966 auricolae
1436 905 1577 967 parspere

330 990 474 1071 plantas.
509 989 599 1054 Idem
620 1014 651 1075 p.
671 990 748 1071 261,
768 990 811 1054 14
834 990 978 1073 Panperc
1003 991 1110 1073 ficere,
1136 991 1221 1055 unde
1240 990 1374 1073 plantae
1393 992 1500 1074 panpr'
1526 992 1576 1055 di·

338 1104 460 1176 uernum
480 1118 551 1161 cum
572 1100 610 1162 in
631 1103 748 1162 umam
766 1098 987 1175 dernittuntur;
1010 1099 1086 1162 inde
1103 1099 1198 1162 etiam
1214 1118 1321 1163 cuum
1333 1101 1437 1181 panai
1453 1098 1501 1163 cel
1516 1100 1576 1181 fipi

337 1206 374 1268 in
395 1224 467 1269 cera
489 1206 653 1281 dicuntum
675 1204 732 1268 ubi
755 1204 790 1268 in
808 1204 896 1269 Festi
916 1204 1025 1270 codice
1041 1205 1148 1287 prima
1165 1208 1294 1268 tantum
1313 1204 1354 1268 ad
1371 1207 1576 1271 demittuntur

338 1314 464 1375 servata
496 1314 580 1375 sunt
623 1309 704 1375 Cum
736 1312 838 1398 igitur
868 1311 1035 1375 videamus
1060 1332 1202 1394 paupere
1231 1310 1351 1377 habere
1379 1334 1450 1376 eam
1478 1335 1575 1397 quam

338 1417 569 1501 quaerebamus
592 1418 875 1504 significationem,
897 1440 965 1483 non
987 1419 1147 1503 estquod
1169 1418 1233 1482 hoc
1255 1419 1389 1483 verbum
1413 1419 1575 1484 adimatur

336 1523 483 1608 Valerio,
514 1525 571 1607 qni
601 1523 637 1589 in
667 1547 702 1588 re
732 1526 840 1608 prisca
864 1524 1026 1590 narranda
1051 1525 1160 1609 prisco
1187 1526 1237 1590 uti
1264 1526 1422 1591 vocabulo
1450 1527 1574 1611 maluit,

337 1632 425 1714 quod
448 1632 476 1696 si
497 1654 564 1697 non
587 1631 628 1694 ab
646 1631 755 1697 Ennio
778 1636 834 1696 aut
851 1630 1012 1714 Lucretio,
1036 1654 1055 1695 a
1074 1631 1227 1698 Cicerone
1251 1637 1337 1700 certe
1355 1635 1412 1718 qui
1431 1634 1574 1699 Ennium

338 1737 450 1802 citavit
468 1743 616 1821 repetere
638 1740 754 1822 potuit.

426 1862 460 1909 11.
497 1842 620 1909 Iterum
642 1866 703 1910 nos
725 1845 851 1910 Ennius
875 1845 1043 1910 adiuvabit
1064 1850 1102 1911 ut
1124 1868 1348 1911 succurramus
1366 1846 1507 1913 Vneris.
1534 1846 1575 1911 In

336 1953 427 2016 cuius
454 1953 653 2034 narratione,
681 1974 762 2037 quae
791 1957 840 2017 est
867 1952 906 2016 de
934 1975 1042 2017 amore
1070 1954 1269 2019 clandestino
1298 1975 1364 2037 quo
1391 1953 1574 2019 Antiochus

337 2057 463 2124 Seleuci
491 2062 578 2144 regis
606 2058 694 2123 filius
720 2081 892 2125 novercam
920 2082 1013 2124 suam
1042 2060 1208 2144 deperibat
1238 2058 1444 2127 Stratonicen
1472 2062 1574 2145 deque

336 2165 525 2231 Erasistrati
548 2166 665 2231 medici
688 2166 860 2249 prudentia
882 2188 956 2231 eum
980 2189 1122 2232 amorem
1146 2167 1338 2251 detegentis,
1360 2167 1440 2232 haec
1461 2168 1574 2255 legun-

335 2277 390 2337 tur
413 2272 470 2335 v‘l
491 2272 587 2336 exul
610 2271 822 2360 (p,261,29)

466 2382 560 2444 'iusta
588 2380 777 2445 Antiochum
808 2380 930 2460 sedern,
961 2387 998 2445 ut
1028 2402 1098 2445 eum
1125 2383 1171 2446 ad
1195 2384 1359 2446 introitum
1386 2381 1575 2449 Stratemices

469 2486 580 2552 umore
597 2488 752 2569 mundi
774 2494 803 2552 et
823 2489 939 2571 spiritu
963 2489 1181 2554 increbrescere
1202 2510 1297 2570 eaque
1318 2490 1489 2572 eyrediente
1500 2490 1575 2571 pal·

470 2594 579 2659 lescere
600 2600 629 2659 et
650 2596 672 2676 †
694 2597 902 2660 eccitcticrem
926 2595 1098 2661 militum
1120 2597 1251 2661 sustincte
1271 2616 1453 2679 recuperare
1470 2598 1575 2661 anino·

470 2702 615 2781 advenit,
648 2704 815 2768 melesius
846 2704 1056 2768 obseruatione
1086 2704 1131 2768 ad
1162 2705 1266 2784 msam
1296 2706 1456 2768 ceritatem
1479 2724 1575 2786 pene·

469 2811 581 2874 trusit:
610 2811 749 2874 irrtrcnte
775 2811 859 2875 enim
883 2809 1058 2876 Stratonice
1079 2816 1108 2875 et
1128 2830 1240 2877 nusum
1262 2812 1391 2877 abmnte
1412 2811 1574 2877 braduam
1587 2833 1615 2874 n

469 2918 675 2983 adulescentis
693 2919 929 2983 dissimulanter
947 2919 1203 3001 apprelrendendc
1220 2919 1311 2984 modo
1323 2921 1470 3002 repetiere
1483 2919 1574 2985 modo

361 3045 363 3048 ·
469 3025 667 3107 lampaidiore
688 3025 786 3106 pulsu
811 3046 963 3090 omarum
986 3029 1133 3107 comperit
1155 3028 1243 3092 cuius
1266 3028 1365 3091 morbi
1387 3047 1478 3108 ceper
1499 3032 1576 3092 esset

464 3133 670 3214 protinusque
692 3133 729 3195 id
751 3131 874 3197 Seleuco
897 3135 1045 3214 esposuit.

335 3238 459 3302 Eadem
478 3238 589 3303 fabula
607 3262 626 3303 a
644 3238 867 3323 compluribus
887 3239 1100 3324 scriptoribus
1119 3237 1247 3305 Graecis
1265 3241 1411 3324 scierim,
1435 3262 1573 3324 quorum

334 3368 436 3409 unum
468 3350 501 3410 et
532 3345 670 3410 alterum
703 3345 899 3431 προέκὸοσις
931 3345 1124 3430 Kempfiana
1156 3348 1326 3431 citaverat,
1359 3347 1438 3412 alios
1471 3368 1574 3431 nuper

337 3450 373 3516 G.
391 3451 535 3517 Heraeus
564 3453 598 3517 in
621 3452 789 3538 spicilegio
814 3455 926 3518 critico
950 3453 984 3517 in
1004 3452 1135 3518 Valerio
1158 3454 1301 3519 Maximo
1325 3452 1496 3541 (supplem.
1511 3470 1574 3517 xix

336 3559 441 3624 annab
460 3559 572 3644 philol.
589 3557 690 3647 1893)
704 3583 734 3643 p.
751 3559 816 3624 606
841 3559 960 3624 attulit.
997 3560 1049 3624 Ex
1071 3561 1112 3625 iis
1136 3565 1168 3624 et
1191 3583 1231 3624 ex
1250 3559 1371 3625 Valerii
1390 3560 1573 3624 narratione

335 3667 407 3750 ipsa
429 3670 563 3750 apparet
586 3670 618 3730 et
641 3667 766 3752 pridem
790 3667 990 3731 intellectum
1014 3671 1063 3731 est
1085 3670 1302 3747 excitatum,
1326 3688 1408 3750 quae
1431 3671 1480 3731 est
1498 3667 1574 3731 scri-

335 3778 432 3858 ptura
460 3773 579 3838 codicis
602 3774 824 3856 Laurentiani,
853 3795 917 3856 quo
946 3773 1031 3837 redit
1058 3775 1154 3838 etiam
1178 3775 1263 3858 quod
1287 3777 1337 3838 est
1360 3775 1395 3838 in
1416 3771 1573 3837 Bemcnsi

303 3881 594 3959 caumatum,
631 3902 766 3965 pravum
799 3902 868 3945 esse
900 3884 933 3943 et
965 3880 1138 3944 desiderari
1170 3881 1336 3946 notionem
1369 3881 1571 3945 contrariam.
1586 3901 1614 3942 cc

337 3985 442 4063 Quare
470 3993 527 4051 aut
553 3989 737 4052 sedationem
765 3992 821 4052 aut
848 3988 1019 4052 tardiorem
1047 3988 1252 4053 scribendum
1279 4010 1338 4071 pro
1362 3989 1572 4052 eccitatcwr

334 4099 587 4178 proposuerim,
614 4099 778 4179 postremo
806 4093 951 4158 Heraeus
973 4094 994 4158 l.
1018 4115 1043 4157 c.
1067 4095 1298 4179 expeditum,
1327 4094 1413 4178 quod
1441 4115 1510 4158 csse
1532 4094 1572 4159 li-

335 4203 484 4267 beriorem
516 4203 753 4285 interpretatur.
800 4200 921 4266 Damus
954 4202 1017 4265 hoc
1048 4202 1182 4284 propius
1204 4217 1234 4264 'a
1265 4203 1424 4286 scriptura
1453 4201 1574 4266 tradita

336 4307 473 4392 abesses
492 4308 547 4373 sed
575 4309 811 4394 significatione
839 4309 995 4372 sentimus
1018 4312 1181 4391 praestare
1204 4309 1273 4392 ilia,
1302 4330 1439 4392 quorum
1464 4312 1573 4374 tamen

334 4419 485 4482 neutrum
503 4415 663 4500 probabili
683 4415 872 4480 emendandi
889 4415 985 4479 modo
1005 4419 1228 4499 recuperatum
1246 4418 1303 4479 cst.
1341 4414 1497 4491 Quocirca
1510 4415 1572 4480 hcc

336 4521 495 4608 agendum
519 4527 576 4606 est,
599 4527 636 4588 ut
659 4523 865 4606 acquiramus
890 4521 976 4605 quod
998 4522 1128 4604 utrique
1147 4520 1303 4585 desiderio
1323 4522 1507 4587 satisfacere
1526 4523 1572 4587 vi-

337 4628 457 4693 deatur.
494 4628 543 4695 Ac
570 4652 630 4694 nos
658 4630 734 4694 dum
762 4633 910 4694 naiman
937 4628 1002 4692 loci
1025 4628 1237 4712 perspicimus
1261 4629 1295 4693 in
1317 4630 1571 4712 memoriamque

337 4735 476 4801 redimus
505 4759 616 4800 eorum
645 4758 726 4821 quae
756 4737 834 4801 alibi
862 4736 902 4800 ud
928 4735 1154 4800 vindicandam
1183 4735 1361 4800 orationem
1389 4735 1571 4800 Ennianum

337 4863 411 4924 quos
433 4863 486 4926 eqo
509 4865 578 4908 mea
601 4865 656 4926 ope
677 4865 714 4910 eoo
733 4845 866 4908 Incertis
889 4848 984 4908 certos
1006 4848 1210 4924 compotesque
1232 4843 1343 4908 musili
1360 4843 1497 4906 Dimitte
1520 4864 1571 4904 ex·
