3967 5725
384 639 453 704 384
573 641 633 690 000
652 639 770 689 0000000
785 636 1002 688 0000000000
1020 635 1263 686 0000000000
1283 635 1451 705 00000000.

383 814 493 878 κακῶς
527 801 712 882 μέν-κακῶς
743 797 784 863 δέ
812 800 932 880 respuit
961 799 1212 862 additamentum
1244 797 1284 860 ab
1314 797 1374 861 boc
1405 799 1624 879 compositione

384 910 532 974 oenoe
555 909 669 973 deindo
684 907 875 988 planissime
896 906 980 969 idern
1002 911 1046 970 est
1063 916 1171 980 κακῶς
1188 903 1326 968 ἀκούειν
1342 910 1372 968 ct
1388 903 1621 983 ὀνειδιζεσθαι.

383 1018 455 1098 quis
472 1022 576 1080 0010100
589 1015 756 1079 Platonem
774 1013 876 1095 1000010
890 1014 1007 1077 nescire
1018 1017 1144 1093 poterat
1160 1012 1240 1093 quid
1251 1017 1327 1076 essd
1338 1021 1447 1087 κακῶς
1460 1011 1621 1077 ἀκούεινὲ

383 1124 440 1188 sod
462 1128 592 1205 propter
622 1122 777 1186 0011001000
806 1117 867 1203 ὑφ’
896 1119 993 1202 ὑμῶν
1019 1118 1185 1182 οάιιιοιιαὲἰ
1210 1119 1325 1183 saclas
1350 1130 1459 1194 κακῶς
1485 1118 1623 1184 ἀκούειν

378 1231 546 1312 pomum
568 1230 723 1293 notiones
745 1228 900 1292 0001100000
920 1232 950 1290 et
964 1226 1101 1306 poinde
1122 1245 1186 1290 esse
1202 1245 1241 1290 oc
1256 1227 1287 1290 01
1305 1225 1529 1304 ὀνειδίζεσθαι
1547 1233 1623 1292 ese

384 1337 511 1401 didam.
551 1334 704 1419 Idemque
730 1334 887 1399 iudicium
910 1331 1020 1397 Variis
1046 1331 1257 1397 Lectionibus
1284 1355 1310 1396 a
1337 1331 1425 1397 1854
1451 1337 1621 1398 exsecutus

386 1467 418 1528 p.
433 1444 477 1508 55
496 1443 616 1525 docuit,
634 1441 721 1526 quod
738 1445 853 1505 notum
871 1444 929 1523 est,
946 1451 1056 1516 κακῶς
1073 1437 1211 1505 ἀκούειν
1227 1439 1294 1505 aas
1312 1463 1404 1516 τινος
1416 1440 1502 1504 idem
1515 1439 1622 1505 valere

385 1550 473 1635 qnod
501 1550 730 1631 λοιδορεῖσθαι
759 1546 826 1610 ὑπό
852 1570 945 1622 τινος
970 1550 1005 1609 01
1026 1545 1109 1610 111οδ
1130 1551 1218 1610 recte
1239 1569 1298 1630 per
1320 1567 1356 1610 00
1377 1545 1481 1611 solum
1506 1569 1580 1612 cum
1602 1571 1622 1612 a

383 1655 561 1721 Plutarcho
589 1657 747 1739 scriptum
773 1675 844 1718 esse
872 1655 907 1717 in
933 1653 1002 1717 0110
1026 1652 1158 1718 Catonis
1181 1653 1255 1717 mai.
1275 1674 1301 1718 c.
1320 1653 1418 1736 20‚4
1441 1654 1503 1719 οὐκ
1526 1652 1621 1738 ἠξίου

346 1789 373 1827 00
386 1765 448 1829 τὸν
468 1765 547 1828 υἱὸν
567 1762 644 1826 ὑπὸ
666 1762 815 1827 δούλου
837 1772 963 1836 κακῶς
984 1760 1149 1825 ἀκούειν
1166 1761 1186 1844 ἣ
1204 1770 1266 1826 τοῦ
1284 1761 1369 1837 ὠτὸς
1386 1761 1621 1827 ἀνατείνεσθαι

385 1871 605 1956 μανθάνοντα
627 1870 784 1954 βράδιον,
810 1873 880 1932 turn
904 1869 938 1931 in
960 1867 1107 1932 Platonis
1131 1866 1263 1932 Critone
1284 1891 1316 1953 p.
1336 1868 1392 1952 19,
1411 1869 1432 1933 3
1454 1871 1538 1952 πρὸς
1558 1869 1621 1952 μὲν

386 1979 452 2063 ἄρα
472 1995 527 2043 σοι
545 1979 605 2042 τὸν
622 1975 749 2061 πατέρα
767 1975 830 2041 οὐκ
846 1973 881 2054 ἐξ
899 1975 977 2040 ἴσον
994 1971 1094 2057 ἦντὸ
1113 1977 1254 2058 δίκαιον,
1277 1975 1363 2040 ὥστε
1380 1977 1464 2058 ἅπερ
1482 1977 1622 2061 πάσχοις

384 2094 491 2150 ταῦτα
517 2085 574 2149 καὶ
601 2083 787 2148 ἀντιποιεῖν
811 2083 903 2148 οὔτε
925 2093 1052 2159 κακῶς
1073 2081 1271 2147 ἀκούοντα
1294 2081 1521 2166 ἀντιλέγειν
1543 2084 1620 2148 obre

384 2195 593 2274 τυπτόμενον
615 2189 842 2273 ἀντιτύπτειν,
867 2191 1081 2274 similiterque
1104 2189 1139 2254 in
1161 2189 1285 2276 Hippia
1307 2191 1430 2254 maiore
1451 2213 1483 2275 p.
1501 2191 1559 2275 33,
1577 2191 1621 2255 25

384 2299 463 2364 ύπύ
485 2323 525 2364 τε
548 2300 680 2363 ἀλλων
701 2309 805 2362 τινῶν
826 2309 895 2363 τῶν
917 2296 1042 2363 ἐνθάδε
1065 2296 1121 2361 καὶ
1143 2297 1219 2362 ὑπὸ
1241 2299 1386 2362 τούτου
1410 2306 1471 2362 τοῦ
1490 2297 1621 2383 ἀνθρώ-

384 2429 453 2470 πον
481 2415 542 2471 τοῦ
569 2405 624 2470 ἀεί
647 2429 688 2489 με
715 2403 909 2488 ἐλέγχοντος
933 2405 1061 2468 πάντα
1088 2406 1185 2470 κακά
1212 2403 1357 2488 ἀκούο,
1385 2405 1442 2469 sed
1464 2426 1622 2469 nonnum-

388 2534 486 2597 quam
508 2517 642 2597 propter
663 2511 846 2596 ignoratam
869 2513 1036 2576 notionem
1059 2512 1221 2594 passivam
1244 2534 1341 2596 quam
1363 2512 1498 2576 haberet
1515 2523 1621 2588 κακῶς

388 2619 525 2684 ἀκούειν
547 2618 662 2682 similis
681 2618 928 2704 significationis
945 2618 1081 2683 verbum
1099 2640 1119 2681 a
1138 2617 1304 2682 Graeculis
1322 2641 1391 2683 esse
1409 2619 1621 2704 adscriptum3

385 2728 496 2809 itaque
515 2727 659 2809 spuriam
677 2745 789 2789 rocem
804 2724 879 2789 tolli
892 2725 988 2790 iussit
1001 2727 1036 2789 iu
1050 2725 1217 2790 Plutarchi
1231 2725 1356 2791 Theseo
1371 2747 1396 2790 c.
1413 2727 1454 2792 16
1469 2726 1487 2791 ὁ
1501 2729 1622 2802 Μίνως

343 2859 373 2899 00
386 2831 438 2899 ἀεὶ
455 2831 595 2899 διετέλει
611 2843 721 2909 κακῶς
738 2830 872 2897 ἀκούων
890 2831 969 2918 [καὶ
988 2833 1313 2919 λοιδορούμενος]
1333 2831 1371 2898 ἐν
1384 2843 1455 2911 τοῖς
1466 2831 1622 2911 Ἀττικοῖς

386 2940 558 3025 θεάτροις,
590 2943 626 3005 10
652 2939 867 3024 Theophrasti
895 2939 1124 3006 characterum
1151 2940 1263 3007 libello
1291 2963 1317 3005 0.
1341 2941 1362 3006 6
1385 2941 1504 3026 ὀμόσαι
1526 2942 1621 3026 ταχύ,

386 3058 495 3124 κακῶς
512 3046 654 3112 ἀκοῦσαι
668 3045 746 3132 [καὶ
763 3048 1073 3133 λοιδορηθῆναι]
1088 3049 1285 3132 δυνάμενος,
1300 3048 1437 3133 denique
1451 3052 1485 3114 iu
1499 3048 1622 3133 Hippia

386 3155 508 3219 maiore
535 3176 574 3219 00
600 3154 674 3219 1000
701 3176 797 3238 quern
824 3178 923 3238 supra
948 3156 1225 3239 praescripsimus.
1261 3156 1307 3220 Et
1334 3155 1373 3220 de
1399 3156 1462 3221 hoc
1490 3156 1621 3241 quidem

386 3261 510 3326 Gobeto
537 3282 687 3326 assensus
709 3260 908 3326 Hartmanus
931 3261 1202 3346 11001Ιο00096
1226 3263 1385 3347 ‘ineptam
1413 3284 1481 3327 esse
1509 3263 1644 3328 scribit-

383 3369 560 3435 locutionis
576 3369 807 3433 usitatissimae
824 3370 1134 3452 interpretationem,
1157 3392 1221 3454 qua
1239 3374 1404 3453 praeterea
1420 3370 1556 3435 tollatur
1571 3372 1621 3435 010

385 3475 569 3557 amphorae
590 3486 697 3551 κακῶς
719 3471 852 3559 μὲν
870 3488 979 3553 κακῶς
1002 3475 1060 3541 δέ’.
1098 3475 1274 3542 Schauaius
1293 3499 1369 3542 vero
1389 3477 1493 3543 eidem
1511 3478 1621 3564 magui

386 3583 492 3647 critici
519 3582 640 3646 iudicio
667 3582 872 3647 subscribens
898 3605 979 3649 voce
1005 3584 1088 3649 falsa
1114 3584 1208 3649 uncis
1235 3586 1359 3649 inclusa
1386 3584 1487 3650 edidit
1514 3597 1622 3662 κακῶς

385 3689 449 3773 μὲν
469 3689 537 3753 ὑπὸ
559 3690 655 3773 ὑμῶν
677 3688 814 3754 ἀκούειν
836 3688 906 3774 [καὶ
929 3689 1181 3775 ἀνειδιζεσθαι],
1209 3702 1317 3767 κακῶς
1339 3691 1378 3756 δὲ
1399 3689 1455 3755 ὑπ’
1482 3690 1621 3757 ἐκείνου.

475 3796 565 3861 Ηοο0
592 3798 671 3861 satis
694 3797 774 3861 scite
796 3818 816 3859 a
839 3795 962 3861 Gobeto
986 3798 1166 3881 composita
1189 3801 1278 3881 suut,
1305 3799 1362 3863 sed
1383 3799 1623 3883 0000001010-

342 3928 374 3968 sc
387 3901 548 3986 ducamur,
571 3903 700 3989 singula
719 3924 851 3968 necesse
873 3906 924 3967 est
945 3904 1081 3988 propius
1103 3904 1306 3989 aspiciamus.
1338 3905 1446 3989 Atque
1465 3906 1500 3970 in
1517 3905 1620 3970 ’11000-
1638 3908 1659 3962 9
1794 3942 1795 3945 ¹

386 4010 512 4094 phrasti
530 4011 647 4091 verbis,
667 4032 750 4094 quse
765 4010 982 4095 Lipsiensium
1001 4010 1162 4075 editorum
1180 4012 1287 4077 studia
1305 4014 1460 4077 acerrima
1477 4012 1621 4079 nondum

385 4120 424 4180 ut
445 4116 542 4181 nobis
564 4116 692 4181 videtur
708 4117 933 4202 profligarunt,
954 4118 1066 4183 haeret
1083 4118 1208 4202 aliquid
1225 4119 1445 4193 dubitationis.
1457 4121 1496 4184 de
1514 4120 1620 4186 verbis

383 4213 458 4300 οἷος
479 4223 599 4307 ὀμόσαι
620 4225 714 4308 ταχύ,
737 4245 820 4307 quse
842 4227 990 4291 tenuiora
1012 4224 1171 4309 ridentur,
1194 4248 1268 4291 cum
1290 4228 1401 4311 potius
1419 4232 1620 4311 exspectares

385 4330 450 4394 dici
469 4320 541 4405 οἷος
558 4327 752 4414 ἐπιοραῆσαι
770 4332 864 4416 ταχύ,
882 4333 1152 4415 quemadmodum
1165 4332 1340 4418 Bulliones,
1358 4335 1415 4417 qui
1433 4356 1499 4399 non
1513 4335 1621 4419 inepte
1794 4404 1795 4413 ¹

387 4457 460 4500 cum
484 4436 764 4521 ἀπονενοημένοις
786 4438 898 4503 collati
920 4444 998 4503 eunt
1013 4442 1161 4521 periuros
1183 4463 1217 4505 00
1236 4440 1393 4525 appellari
1412 4440 1548 4525 superbe
1566 4462 1621 4525 pa

383 4543 522 4627 1100100,
540 4543 597 4607 sed
614 4544 672 4608 ills
690 4545 719 4608 si
736 4544 836 4629 probe
854 4546 976 4630 scripte
993 4552 1079 4630 suut,
1096 4568 1201 4632 neque
1220 4569 1415 4632 quemquam
1433 4548 1620 4613 addubitare

383 4649 536 4734 vidimus,
557 4655 591 4715 01
613 4652 654 4715 ad
677 4652 742 4715 rim
764 4651 897 4735 periurii
920 4654 1068 4719 accedere
1091 4658 1177 4720 recte
1200 4658 1365 4740 putantur,
1388 4655 1541 4740 quoniam
1564 4654 1621 4738 qui

384 4756 534 4823 celeriter
556 4758 655 4843 iurat,
681 4759 776 4824 facile
800 4759 942 4824 creditur
965 4781 1096 4826 securus
1119 4784 1201 4847 0000,
1228 4784 1344 4827 verene
1368 4784 1409 4826 an
1431 4761 1514 4826 falso
1538 4762 1621 4826 iura-

385 4868 479 4929 turus
502 4865 558 4947 sit,
584 4864 715 4950 reliqua·
730 4887 798 4931 non
819 4866 918 4930 nimis
941 4867 1074 4932 difficile
1096 4868 1295 4935 adornantur
1317 4870 1364 4933 ita
1385 4873 1423 4933 ut
1444 4867 1500 4933 καὶ
1522 4868 1621 4953 00011-
