3967 5725
420 598 487 664 470
625 600 709 651 LVII.
728 599 845 649 INDEX
863 597 1078 650 LEGTIONUM
1096 596 1329 649 AESTIVARUM
1354 600 1432 650 1903.

419 761 495 827 Non
523 765 572 825 eat
601 759 687 845 quod
713 759 849 825 verbum
877 758 1046 824 addamus:
1074 759 1120 823 ita
1148 757 1354 824 manifestum
1382 764 1432 824 est
1456 760 1542 825 idem
1565 759 1659 825 filum

420 868 605 952 interpretis
633 867 689 951 qui
718 888 776 931 sua
803 865 1009 931 Aristoteleis
1037 865 1122 930 unde
1149 867 1280 950 repetiit
1304 866 1376 952 (per
1399 865 1465 953 ὅτι)
1489 866 1659 952 applicuit.

508 973 647 1039 Tantum
675 976 738 1059 est,
768 993 828 1038 nec
855 973 941 1037 ultra
967 972 1207 1059 progredimur3
1235 973 1291 1036 sed
1318 977 1470 1056 putamus
1499 973 1551 1039 his
1579 975 1659 1038 satis

418 1081 622 1166 comprobari
646 1080 679 1146 id
703 1080 790 1164 quod
812 1079 976 1163 volumus,
1004 1101 1108 1165 neque
1133 1100 1203 1144 esse
1225 1079 1283 1144 illa
1305 1079 1404 1144 rerba
1427 1078 1659 1146 Demosthenis

418 1212 500 1274 quae
519 1189 641 1254 credita
659 1192 735 1253 sunt
752 1209 857 1272 neque
876 1186 916 1252 ab
935 1187 1111 1270 interprete
1131 1190 1297 1269 tamquam
1316 1190 1425 1251 essent
1443 1186 1560 1253 afferri.
1583 1186 1660 1251 Ari-

418 1295 550 1362 stoteles
573 1300 680 1361 autem
705 1316 777 1359 cum
800 1293 878 1358 haec
901 1297 1029 1359 tantum
1053 1293 1174 1358 diceret
1197 1293 1248 1358 ὅτι
1273 1294 1388 1374 ὅμοιός
1412 1291 1504 1359 ἐστιν
1527 1303 1596 1371 τοῖς
1619 1292 1660 1359 ἐν

418 1414 489 1480 τοῖς
506 1404 636 1479 πλοίοις
654 1411 845 1483 ναυτιῶσιν,
863 1400 946 1465 nihil
965 1404 1034 1465 erat
1053 1400 1139 1484 quod
1158 1400 1298 1485 amplius
1318 1400 1501 1486 adderetur,
1520 1403 1659 1484 quinon

418 1531 510 1576 secus
534 1531 631 1594 supra
654 1508 781 1574 locutus
804 1511 853 1572 est
877 1506 980 1596 (1406
1000 1506 1094 1594 bea)
1118 1507 1138 1591 ἡ
1163 1509 1210 1584 είς
1233 1507 1293 1572 τὸν
1316 1509 1440 1592 δῆμον,
1466 1507 1518 1572 ὅτι
1543 1507 1659 1592 ὅμοιος

417 1619 594 1704 ναυκλήρῳ
616 1621 686 1696 κτλ,
709 1619 742 1679 et
765 1612 867 1700 (1407
888 1639 907 1679 a
928 1613 961 1701 1)
985 1614 1005 1698 ἡ
1030 1613 1235 1699 Περικλέους
1258 1617 1305 1691 εἰς
1326 1615 1489 1698 Σαμίους,
1513 1613 1658 1680 ἐοικέναι

379 1749 405 1791 ιο
419 1724 541 1801 αὐτοὺς
563 1735 633 1799 τοῖς
656 1724 803 1799 παιδίοις
825 1727 895 1803 κτλ,
917 1743 1023 1806 neque
1042 1743 1124 1806 quae
1143 1720 1346 1787 Democratis
1366 1721 1499 1786 effertur
1516 1725 1572 1786 aut
1591 1721 1659 1786 An-

417 1829 569 1895 tisthenis
588 1829 784 1913 comparatio
803 1828 898 1893 aliter
915 1827 1056 1892 formata
1075 1832 1131 1893 est.
1165 1826 1259 1904 Quod
1277 1850 1353 1893 vero
1373 1829 1470 1894 semel
1489 1829 1657 1895 etiterum
1676 1842 1694 1896 8

417 1958 483 2002 non
507 1937 611 2002 solum
634 1935 714 2002 dicit
736 1936 814 2020 quid
838 1937 890 2001 cui
909 1935 1014 2000 simile
1034 1937 1077 2000 sit
1095 1935 1152 2000 sed
1170 1935 1239 2000 eius
1258 1935 1478 2001 similitudinis
1498 1937 1658 2001 rationem

417 2045 516 2109 latius
544 2045 684 2129 explicat
707 2041 809 2131 (1406
828 2043 906 2108 bar
931 2041 1130 2128 Ἀνδροτίων
1158 2045 1206 2119 είς
1230 2040 1365 2129 Ἰδριέα;
1392 2043 1414 2107 b
1434 2042 1477 2106 36
1501 2044 1521 2127 ἡ
1546 2045 1593 2120 είς
1616 2045 1658 2108 τδι

417 2150 532 2237 μίτρας
554 2151 637 2217 1407
654 2151 708 2216 a3
727 2151 781 2215 καί
800 2153 848 2227 είς
862 2148 1056 2237 Βοιωτούς),
1074 2171 1141 2214 non
1159 2153 1209 2214 est
1229 2150 1316 2234 quod
1334 2150 1397 2215 hoc
1410 2172 1514 2236 usque
1528 2172 1658 2234 quaque

417 2258 578 2343 exigatur,
606 2279 679 2323 cum
702 2258 891 2343 praesertim
913 2254 1008 2322 nemo
1031 2257 1168 2341 nesciat,
1197 2261 1319 2341 quanto
1343 2279 1439 2342 opere
1463 2256 1657 2323 Aristoteles

417 2365 587 2429 variandae
610 2365 766 2430 orationis
790 2365 954 2430 studiosus
977 2364 1084 2429 fuerit.
1121 2362 1236 2449 Itaque
1259 2365 1419 2450 integram
1443 2386 1512 2430 esse
1530 2363 1657 2429 Aristo·

417 2471 491 2536 telis
510 2474 688 2538 orationem
707 2472 904 2536 affirmamus
927 2492 1031 2555 neque
1046 2471 1174 2537 defectu
1188 2471 1345 2537 laborare.
1377 2471 1534 2537 Putamus
1548 2475 1658 2537 autem

417 2577 471 2643 aul
496 2578 757 2663 ὃΔημοσθένης
779 2580 839 2643 τὸν
861 2579 969 2663 δῆμον
991 2583 1077 2643 recte
1102 2580 1259 2662 scriptum
1283 2601 1353 2644 esse
1377 2603 1395 2644 a
1416 2579 1575 2644 Roemero
1594 2602 1657 2663 pro

418 2706 455 2750 eo
480 2685 567 2770 quod
589 2685 783 2772 vulgabatur
805 2689 879 2749 ante
902 2683 957 2750 καὶ
981 2684 1001 2768 ἡ
1021 2684 1267 2770 Λημοσθένους
1291 2687 1338 2763 τίς
1356 2688 1416 2752 τὸν
1435 2687 1479 2770 δ,
1503 2686 1590 2770 quod
1608 2709 1657 2752 re·

378 2816 404 2857 se
417 2791 519 2857 latum
542 2791 584 2856 ad
605 2792 763 2858 librorum
787 2793 981 2879 scripturam
1006 2790 1061 2858 καί
1086 2793 1103 2859 ὁ
1127 2799 1168 2858 Δ.
1191 2794 1251 2858 τὸν
1275 2795 1383 2879 δῆμον
1406 2817 1519 2879 parum
1537 2794 1658 2859 habere

417 2900 655 2985 probabilitatis
683 2901 889 2987 intelligitur,
911 2902 946 2965 in
974 2902 1031 2965 illa
1059 2902 1218 2983 oratione,
1248 2924 1330 2986 quae
1353 2902 1456 2987 proba
1479 2906 1540 2986 est,
1569 2902 1658 2985 quod
1775 2876 1776 2915 l

417 3007 550 3073 verbum
573 2998 673 3095 (εἴτε)
697 3007 908 3093 desideratur,
934 3030 1001 3073 non
1025 3008 1164 3074 offendet
1187 3010 1252 3073 nisi
1275 3009 1333 3093 qui
1356 3008 1566 3074 Aristotelem
1588 3031 1657 3074 non

416 3115 516 3199 novit,
540 3115 605 3200 qui,
627 3120 665 3180 ut
687 3114 750 3180 hoc
773 3119 911 3201 utamur,
936 3115 1022 3181 1406
1043 3115 1119 3180 bat
1141 3113 1228 3181 εἰσὶν
1248 3114 1285 3182 δ’
1304 3119 1429 3193 εἰκόνες
1448 3116 1561 3181 scribit
1581 3106 1657 3181 οἷον
1775 3106 1776 3131 ³

415 3222 459 3305 ἣν
475 3220 673 3307 Ἀνδροτίων
696 3225 747 3300 εἰς
765 3221 895 3307 Ἰδριέοι.

505 3328 619 3394 Restm
641 3333 678 3393 ut
701 3330 842 3414 suspicio
866 3330 1065 3414 expendatur
1089 3351 1185 3414 quam
1205 3328 1495 3395 Wilamowitaium
1514 3330 1657 3396 movisse

417 3435 555 3501 diximus
574 3436 612 3502 de
630 3437 766 3501 veritate
783 3437 908 3522 similis,
928 3438 1017 3520 quod
1036 3438 1071 3502 in
1084 3435 1314 3501 Demosthenis
1335 3437 1538 3504 orationibus
1557 3437 1657 3502 hodie

415 3564 482 3606 non
504 3545 630 3607 exstare
653 3549 766 3609 notum
791 3549 847 3609 est.
886 3543 946 3609 cui
969 3545 1025 3609 rix
1050 3544 1129 3609 satis
1153 3545 1306 3610 credibile
1324 3545 1430 3610 visum
1449 3549 1507 3629 est,
1531 3545 1657 3610 Aristo-

416 3649 527 3733 telem,
559 3672 655 3734 quem
686 3671 752 3716 non
784 3651 922 3716 multum
951 3652 1050 3716 studii
1078 3650 1307 3717 Demosthenis
1337 3652 1538 3718 orationibus
1566 3652 1658 3718 adhi-

415 3757 523 3822 buisse
551 3757 657 3839 docet,
686 3757 748 3823 hoc
775 3758 1004 3823 Demosthenis
1033 3758 1180 3843 exemplo
1209 3781 1304 3825 usum
1332 3782 1414 3845 esse,
1442 3763 1656 3845 posteaquam

375 3888 402 3931 ιο
417 3864 479 3929 iam
503 3868 578 3929 ante
600 3863 736 3931 Platone
759 3869 890 3932 auctore
911 3867 971 3931 τὸν
990 3867 1098 3950 δῆμον
1116 3888 1190 3931 cum
1209 3887 1245 3930 re
1263 3867 1424 3932 maritima
1443 3867 1655 3934 contenderit.

416 3970 480 4036 Sed
503 3975 580 4036 sunt
602 3976 708 4036 tamen
732 3973 811 4039 haec
830 3972 893 4037 duo
913 3973 1033 4038 similia
1055 3975 1136 4038 satis
1155 3973 1240 4038 inter
1259 3996 1293 4039 se
1312 3974 1445 4059 diversa,
1464 3984 1524 4040 τοῦ
1544 3976 1654 4060 δήμου

415 4083 523 4143 autem
551 4081 805 4162 comparationes
833 4102 852 4143 a
879 4080 961 4144 mari
987 4084 1131 4164 repetere
1155 4081 1230 4146 inde
1254 4081 1294 4145 ab
1319 4081 1491 4148 Homerica
1514 4082 1654 4166 antiqui-

415 4189 481 4251 tate
508 4184 601 4250 valde
631 4184 760 4252 Graecis
789 4186 946 4251 familiare
973 4186 1050 4271 fuit3
1078 4188 1165 4272 quod
1194 4210 1295 4275 genus
1319 4188 1554 4254 Demosthenes
1583 4189 1653 4273 ipse

415 4291 469 4380 (de
491 4294 562 4358 fals.
580 4294 641 4380 leg.
664 4291 742 4380 136)
771 4293 1067 4378 ἀσταθμητότατον
1093 4296 1205 4360 scribit
1228 4304 1362 4381 πρᾶγμα
1386 4293 1419 4382 (ὁ
1443 4294 1561 4383 δῆμος)
1584 4307 1653 4361 τῶν

414 4401 549 4466 πάντων
562 4399 617 4466 καί
632 4398 920 4485 ἀσυνθετώτατον,
935 4402 1046 4486 ὥσπερ
1062 4400 1099 4466 ἐν
1112 4403 1260 4489 θαλάττῃ
1273 4412 1404 4488 πνεῦμα
1418 4402 1653 4486 ἀκατάστατον,

415 4506 460 4583 ὡς
487 4506 531 4572 διν
558 4508 655 4593 τύχῃ,
682 4509 887 4591 κινούμενος.
927 4507 1032 4585 Quare
1059 4509 1252 4594 praestabit,
1280 4514 1318 4575 ut
1346 4510 1529 4595 opinamur,
1557 4509 1653 4575 ambo

414 4611 584 4678 Aristoteli
613 4615 733 4681 similia
754 4616 951 4701 relinquere,
979 4617 1048 4701 qui,
1076 4621 1114 4681 ut
1137 4618 1303 4682 mittamus
1326 4618 1461 4683 κυνίδια
1484 4618 1519 4682 in
1542 4616 1655 4683 eadem

415 4721 496 4784 serie
519 4720 570 4786 bis
593 4722 748 4808 adhiberi,
772 4745 854 4808 quae
878 4746 918 4790 ex
941 4724 1023 4790 cella
1045 4724 1182 4791 nutricis
1202 4724 1392 4810 deprompta
1410 4726 1512 4809 affert,
1535 4725 1654 4790 παιδία

415 4825 435 4891 δ
458 4829 519 4893 τὸν
541 4829 658 4911 ψωμὸν
681 4828 827 4915 δέχεται,
855 4834 1013 4897 κλαίοντα
1042 4829 1082 4897 δέ
1102 4835 1134 4896 et
1157 4835 1276 4909 τίτθας
1299 4834 1336 4896 αἳ
1357 4833 1395 4897 τὸ
1418 4832 1576 4917 ψώμισμα
1600 4834 1654 4897 πί-
