3967 5725
392 634 457 698 308
558 635 681 686 XLVIII.
701 618 816 685 INDEX
835 633 1049 685 LECTIONUM
1068 633 1308 685 HIBERNARUM
1328 632 1459 702 mosset.

386 799 457 863 cilis
481 795 668 861 diiudicatio
692 799 749 859 est.
786 794 990 878 Phrynichus
1014 815 1086 859 oum
1110 795 1188 858 haec
1213 794 1276 859 duo
1295 799 1396 878 ponat
1415 795 1432 860 ὁ
1452 793 1623 873 ἐξαπατῶν

387 905 447 968 τὸν
471 904 578 987 δῆμον
601 907 633 967 et
655 901 823 967 θωπεύων
845 907 1042 982 κολακικῶς,
1070 901 1132 966 hoc
1154 901 1223 987 agit
1247 906 1368 987 aperte,
1391 905 1428 966 ut
1450 905 1622 986 utrumque

387 1011 527 1077 declaret
555 1013 588 1075 et
611 1009 651 1074 ad
668 1010 782 1094 ’δῆμον
805 1008 881 1093 quid
905 1008 1065 1092 pertineat
1089 1009 1321 1093 ύημοτιίθηκος
1344 1013 1377 1072 et
1400 1030 1457 1074 our
1479 1010 1623 1092 πίθηκος

386 1117 580 1201 appelletur,
608 1117 702 1200 plane
731 1115 771 1180 ad
800 1137 872 1180 eum
899 1115 1032 1181 modum
1055 1136 1120 1199 quo
1143 1116 1240 1199 paulo
1264 1119 1338 1199 post
1362 1116 1623 1200 θειανοιιύθηκος

386 1223 532 1289 definivit
564 1221 582 1287 ὁ
615 1224 754 1288 δείπνου
788 1221 884 1286 ἕνεκα
917 1225 1104 1306 κιθηκίζων
1136 1221 1191 1287 καὶ
1223 1221 1457 1287 ύτιοθωπεύων
1484 1224 1623 1298 κόλακος

386 1333 520 1416 τρόπον.
558 1329 596 1394 In
624 1351 689 1414 quo
718 1329 854 1396 consilio
882 1332 920 1392 ut
946 1330 1037 1413 prius
1065 1333 1292 1413 exsequeretur
1319 1350 1390 1394 cum
1414 1328 1497 1393 nihil
1520 1329 1622 1416 magis

385 1437 538 1502 idoneum
566 1440 662 1521 esset,
690 1458 786 1521 quarn
816 1457 897 1520 quae
924 1435 1023 1500 verba
1051 1439 1126 1500 sunt
1156 1437 1190 1500 in
1216 1436 1274 1502 illo
1303 1458 1409 1515 versu,
1438 1435 1619 1514 ἐξαπατών-

385 1568 454 1608 των
480 1545 540 1609 τὸν
564 1545 671 1628 δῆμον
694 1542 760 1626 οάί,
788 1547 895 1607 tamen
918 1543 957 1606 iis
981 1565 1115 1607 usurum
1137 1544 1236 1608 fuisse
1259 1545 1504 1629 grammaticum
1527 1564 1622 1628 nega-

385 1651 501 1734 bimus,
524 1652 551 1716 si
575 1673 612 1715 ea
634 1651 669 1714 in
692 1649 839 1714 versibus
862 1653 977 1733 poetae
1000 1649 1141 1736 legisset,
1164 1649 1283 1734 quibus
1301 1652 1443 1736 glossam
1463 1672 1553 1715 suam
1572 1671 1622 1714 ao·

347 1762 511 1843 receptam
545 1745 688 1822 ferebat?
730 1755 768 1820 Id
801 1778 861 1820 nos
893 1756 1024 1822 minime
1057 1756 1169 1822 cadere
1202 1757 1236 1820 in
1262 1757 1350 1822 hunc
1377 1758 1620 1842 grammaticum

385 1886 602 1929 asseveramus
626 1864 677 1928 vel
701 1885 738 1928 eo
763 1862 910 1948 exemplo
934 1864 1130 1942 confirmati,
1154 1864 1240 1947 quod
1264 1887 1294 1947 p.
1312 1863 1357 1927 43
1381 1863 1500 1929 Aneod.
1520 1863 1621 1930 Bekk.

384 1971 503 2056 legitur

545 2079 814 2162 θρύπτεσθαι·
838 2078 1047 2164 ὡραΐζεσθαι.
1081 2080 1178 2162 ἄμφω
1205 2077 1365 2154 Εὔπολις·

813 2184 1002 2273 ὡρᾳζομένη
1026 2186 1080 2250 καὶ
1103 2182 1328 2270 θρυπτομένη.

384 2289 547 2356 Nimirum
566 2315 648 2377 quae
667 2293 762 2357 ambo
785 2293 956 2357 coniuncta
974 2292 1096 2379 legerat
1115 2292 1200 2376 apud
1219 2290 1371 2375 Eupolin,
1391 2313 1501 2356 eorum
1520 2292 1621 2358 altero

386 2398 489 2462 utitur
516 2403 553 2463 ut
581 2399 720 2465 declaret
748 2399 893 2464 alterum.
930 2398 1003 2477 Quo
1030 2399 1215 2464 testimonio
1239 2420 1336 2482 supra
1359 2398 1452 2464 nobis
1476 2398 1525 2462 uti
1548 2398 1622 2464 lico

384 2504 441 2568 bat
472 2526 545 2571 cum
579 2504 618 2571 de
645 2505 751 2570 verbis
781 2503 1010 2590 Aristophanis
1040 2504 1270 2590 ξυγγογγύλας
1296 2506 1351 2570 καλ
1380 2503 1563 2590 ξυστρέψας
1590 2509 1622 2570 et

384 2608 544 2695 Hesychii⁴
568 2612 676 2697 glossa
704 2611 841 2676 alterum
870 2633 981 2677 eorum
1010 2633 1069 2696 per
1095 2611 1231 2677 alterum
1258 2613 1500 2697 interpretantis
1524 2613 1621 2678 verba

384 2718 589 2784 faciebamus.
627 2716 739 2802 ltaque
764 2720 811 2784 sic
834 2719 1006 2782 statuimus
1029 2719 1217 2783 testimonio
1241 2718 1431 2804 Phryniohi,
1460 2719 1547 2804 quod
1571 2741 1620 2783 ex·

344 2823 533 2909 replicando
563 2826 783 2914 θημοτιθήκῳ
813 2824 923 2891 eadem
946 2847 1047 2910 paene
1070 2825 1167 2892 verba
1190 2826 1322 2892 adhibet
1346 2848 1428 2912 quae
1450 2826 1527 2892 huic
1549 2826 1620 2892 voci

384 2930 507 2995 adiecta
535 2936 611 2997 sunt
638 2932 725 3016 apud
748 2932 1015 3019 Aristophanem,
1042 2937 1169 2998 tautum
1199 2933 1310 2999 abesse
1337 2938 1375 2998 ut
1401 2935 1429 2998 is
1453 2955 1563 2999 versus
1587 2933 1620 2996 in

384 3037 518 3102 dubium
542 3043 682 3123 vocetur,
705 3044 742 3104 ut
765 3041 795 3105 ei
819 3040 942 3125 aliquid
964 3041 1041 3105 fidei
1064 3046 1230 3106 accrescat.

474 3142 536 3210 Sed
569 3168 628 3211 nos
660 3146 822 3211 nescimus
849 3169 914 3231 quo
942 3148 1081 3213 maxime
1109 3152 1300 3233 argumento
1329 3147 1416 3212 ducti
1443 3147 1505 3211 viri
1533 3146 1619 3212 docti

383 3273 512 3316 versum
535 3253 635 3317 istum
659 3253 891 3337 damnaverint,
914 3256 970 3338 qui
993 3254 1140 3339 fortasse,
1165 3256 1283 3320 omissa
1306 3254 1507 3341 grammatici
1529 3258 1620 3318 nota-

383 3361 481 3443 tione,
508 3360 543 3423 in
570 3360 642 3443 ipso
671 3360 874 3425 offenderunt
902 3361 990 3445 quod
1019 3384 1091 3427 eum
1119 3361 1355 3429 intolerabilem
1384 3365 1415 3427 et
1439 3361 1502 3425 hoc
1524 3365 1619 3445 poeta

383 3465 552 3552 indignum
579 3466 711 3532 reddero
739 3467 911 3532 videretur.
948 3467 978 3532 A
1007 3470 1125 3553 quibus
1153 3471 1199 3534 ita
1227 3469 1448 3553 dissentimus,
1475 3472 1512 3532 ut
1535 3466 1620 3531 vide-

384 3594 477 3638 amur
507 3572 601 3638 nobis
633 3573 730 3639 huius
763 3579 878 3659 poetae
910 3576 1083 3641 consilium
1117 3581 1149 3642 et
1180 3578 1337 3641 rationem
1364 3577 1399 3640 iu
1427 3575 1490 3641 hoc
1522 3576 1619 3640 versi·

383 3679 456 3745 culo
474 3702 541 3745 non
559 3680 684 3746 levibus
704 3704 888 3767 expressam
907 3683 1054 3769 vestigiis
1073 3684 1333 3749 animadvertere.
1371 3682 1434 3759 Qui
1448 3682 1535 3767 quod
1554 3683 1618 3748 illis

382 3790 584 3872 βωμολόχων
616 3789 859 3873 δημοπιθήκων
886 3789 1024 3854 subiecit
1053 3789 1132 3857 haec
1161 3789 1396 3869 ἐξαπατώντων
1423 3790 1483 3854 τὸν
1511 3791 1619 3873 δῆμον

342 3920 369 3961 ιο
382 3892 446 3977 ἀεί,
475 3895 592 3979 φύοιτο
616 3895 748 3961 illorum
771 3896 820 3960 vis
844 3899 877 3960 ot
900 3897 1059 3961 sententia
1083 3898 1225 3981 apertius
1249 3897 1346 3961 etiam
1369 3900 1401 3960 et
1425 3896 1617 3981 explicatius

383 4001 598 4086 significatur,
625 4024 756 4068 manum
781 4003 850 4066 eius
874 4003 1094 4089 agnoscimus,
1122 4005 1173 4068 oui
1197 4004 1248 4069 vel
1271 4003 1351 4070 haec
1373 4004 1509 4088 probata
1533 4007 1618 4083 sunt,

382 4107 417 4173 in
434 4106 551 4193 Vespis
573 4109 656 4174 1117

472 4224 571 4281 τοῦτο
595 4215 626 4282 d'
652 4214 726 4281 ἔστ’
748 4218 907 4300 ἄλγιστον
929 4217 1020 4302 ἡμῖν,
1043 4218 1086 4301 ἥν
1108 4243 1159 4295 τις
1182 4215 1402 4302 ἀστράτευτος
1425 4218 1473 4283 ὢν
1634 4229 1670 4285 lt

472 4320 598 4409 ἐκροφῇ
622 4325 681 4389 τὸν
703 4324 831 4405 μισθὸν
853 4325 962 4408 ἡμῶν,
985 4326 1085 4409 τῆσδε
1107 4334 1165 4408 τῆς
1188 4326 1296 4410 χώρας
1318 4324 1401 4410 ὕπερ

471 4432 551 4513 μήτε
574 4428 690 4514 κώπην
712 4434 792 4515 μήτε
815 4434 938 4515 λόγχην
961 4434 1041 4515 μήτε
1065 4432 1274 4516 φλύκταιναν
1298 4433 1410 4516 λαβὼν

382 4534 415 4598 in
436 4532 561 4600 Avibus
581 4538 643 4602 271

471 4637 569 4720 οὗτος
593 4644 633 4709 ού
656 4656 724 4710 τῶν
747 4644 887 4730 ἠθάδων
910 4644 1009 4711 τῶνδ’
1038 4641 1085 4711 ὧν
1109 4644 1209 4727 ὁρᾶθ’
1236 4646 1330 4731 ὑμεῖς
1353 4645 1417 4728 dal,

473 4748 556 4815 ἀλλὰ
581 4756 732 4833 λιμναῖος

382 4858 414 4919 et
437 4855 472 4919 in
495 4853 596 4921 Ranis
615 4856 681 4921 536
