3967 5725
752 599 801 648 on
820 599 1003 651 suanm1s
1020 597 1202 650 usnemu.
1547 596 1592 660 65

361 760 389 824 si
412 760 490 844 quid
514 782 554 824 ex
576 780 731 844 responso
756 760 907 845 colligere
930 760 1016 844 licet
1040 752 1142 825 οἶσθα
1167 760 1252 843 quod
1279 763 1327 824 est
1355 761 1389 825 in
1416 762 1592 845 interroga

359 868 448 931 tione
467 866 677 952 interpretere
697 866 898 953 ‘agnoscisne
917 889 968 932 me
987 866 1168 951 aspiciens‚'
1186 871 1223 931 ut
1237 866 1313 931 ibid.
1328 867 1393 932 283
1413 868 1453 933 οὐ
1473 870 1593 952 γνοίην

361 974 403 1039 ἂν
427 974 599 1039 εἰσιδοῦσά
622 998 686 1039 νιν.
732 973 776 1037 Et
801 996 897 1056 quam
920 972 1051 1039 Electra
1075 974 1288 1056 δυσγνωσίαν
1316 974 1408 1058 dicit,
1435 973 1590 1040 Hercules

361 1082 555 1164 δύσγνοιαν,
579 1080 793 1167 cognoscendi
817 1080 1042 1145 difficultatem
1065 1083 1157 1145 notat
1181 1102 1263 1165 quae
1286 1079 1458 1165 utrobique
1486 1102 1525 1145 ex
1553 1103 1590 1146 eo

361 1188 464 1252 oritur
488 1188 575 1272 quod
597 1192 631 1251 et
652 1188 706 1252 hic
730 1191 762 1251 et
785 1187 841 1252 illa
864 1188 925 1253 οὐκ
955 1180 1026 1252 οἶδε
1054 1209 1136 1271 quae
1163 1187 1275 1252 voluit.
1322 1186 1409 1251 Haec
1437 1211 1519 1271 quae
1546 1211 1592 1252 se·

359 1296 452 1359 lectis
476 1296 586 1379 paucis
610 1295 765 1378 exemplis
789 1296 998 1360 disseruimus
1021 1317 1087 1359 non
1110 1294 1302 1359 confidimus
1324 1296 1389 1359 iam
1408 1297 1592 1360 satisfacere

361 1402 401 1467 ad
432 1402 657 1467 stabiliendam
690 1402 779 1467 illam
807 1423 904 1485 quam
933 1401 1071 1466 dicimus
1102 1396 1178 1465 οἶδα
1205 1401 1295 1466 uerbi
1323 1402 1591 1487 significationem

360 1530 551 1593 versumque
565 1507 628 1573 hoc
640 1509 771 1574 nomine
790 1513 973 1593 suspectum
993 1507 1176 1593 suspicione
1194 1509 1394 1593 solvendum,
1411 1509 1467 1573 sed
1484 1512 1591 1575 tamen

360 1619 487 1680 tantum
509 1616 645 1681 fortasse
669 1615 864 1680 videbuntur
881 1616 997 1698 valere,
1018 1637 1060 1680 ne
1078 1614 1299 1699 imprudenter
1317 1614 1487 1681 obiiciatur
1505 1618 1592 1701 quod

361 1744 472 1786 verum
497 1744 565 1786 σεεσ
588 1724 699 1807 possit.
1583 1740 1633 1786 'ro

449 1827 571 1894 Versus
600 1832 689 1914 alter,
718 1851 812 1913 quem
836 1828 1107 1894 Wilamowitzius
1134 1830 1175 1894 ab
1206 1829 1316 1894 eadem
1345 1852 1441 1895 manu
1463 1830 1593 1915 Euripi·

362 1936 438 2000 deae
462 1937 600 2002 orationi
624 1940 767 2003 assutum
791 1958 861 2001 esse
884 1936 1007 2019 statuit,
1031 1940 1079 2000 est
1101 1937 1195 2001 1162.
1241 1936 1396 2002 Hercules
1420 1940 1592 2023 compertis

361 2066 443 2127 quae
466 2043 590 2109 insania
613 2048 780 2128 correptus
804 2044 920 2130 egerit,
949 2066 1021 2109 curn
1047 2065 1154 2108 secum
1178 2045 1312 2109 consilia
1339 2044 1452 2109 mortis
1480 2045 1591 2132 agitat,

360 2150 394 2215 in
417 2150 469 2215 his
493 2150 745 2238 cogitationibus
768 2150 883 2216 Thesei
907 2152 1048 2216 adventu
1071 2151 1222 2215 turbatur
1244 2155 1341 2235 atque
1365 2152 1546 2235 impeditur.

522 2256 591 2323 ἀλλ’
617 2257 771 2342 ἐμποδών
793 2283 849 2341 μοι
873 2263 1073 2339 θανασίμων
1095 2258 1334 2341 βουλευμάτων

523 2369 651 2449 Θησεὺς
674 2363 723 2430 ὅδ’
752 2363 843 2449 ἕρπει
867 2366 1031 2449 συγγενὴς
1055 2368 1153 2449 φίλος
1176 2363 1204 2428 τ’
1231 2364 1317 2445 έμός.

370 2470 476 2535 -1155
523 2471 777 2556 ὀφθησόμεσθα,
800 2473 854 2536 καί
878 2476 1098 2537 τεκνοκτόνον
1121 2472 1226 2557 μύσος

522 2582 570 2655 εἰς
594 2578 714 2661 ὄμμαθ’
739 2580 808 2663 ἥξει
834 2580 979 2667 φιλτάτῳ
1005 2578 1109 2657 ξένων
1132 2579 1229 2663 ἐμῶν.

521 2692 622 2769 οίμοι,
646 2691 681 2751 τι’
702 2688 827 2771 δράσω;
851 2696 917 2751 ποῦ
941 2698 1054 2751 κακῶν
1077 2685 1217 2771 ἐρημίαν

304 2806 344 2864 14
522 2793 607 2878 εὕρω
631 2794 797 2878 πτερωτὸς
820 2793 840 2878 ἢ
863 2795 946 2858 κατὰ
969 2794 1095 2878 χθονὸς
1117 2794 1243 2876 μολών;

521 2900 596 2985 φέρ’
624 2903 721 2966 ἄντι
745 2952 751 2965 .
776 2952 783 2965 .
807 2952 814 2965 .
837 2900 932 2986 κρατὶ
956 2902 1125 2986 περιβάλω
1150 2903 1275 2978 σκότος.

390 3007 476 3072 1160
522 3009 721 3092 αἰσχύνομαι
746 3010 808 3092 γάρ
832 3019 903 3086 τοῖς
927 3001 1144 3092 δεδραμένοις
1166 3019 1280 3086 κακοῖς

521 3114 576 3179 καὶ
599 3117 681 3203 τῷδε
704 3117 952 3198 προστρόπαιον
975 3105 1055 3196 αἷμα
1078 3116 1280 3199 προσλαβὼν

433 3259 477 3268 -
523 3219 624 3287 οὐδὲν
646 3233 792 3286 κακῶσαι
816 3225 894 3298 τοὺς
918 3221 1089 3299 ἀναιτίους
1112 3222 1211 3288 θέλω.

361 3327 549 3393 Omittimus
574 3328 637 3393 alia
661 3331 694 3392 in
717 3330 768 3393 his
792 3330 830 3393 de
855 3327 972 3411 quibus
996 3329 1083 3392 haud
1107 3328 1267 3393 inutiliter
1290 3329 1447 3413 disputari
1476 3329 1592 3414 possit:

363 3435 401 3500 de
421 3440 563 3500 extremo
582 3457 677 3500 versu
696 3435 847 3519 dicemus
866 3459 930 3520 quo
951 3436 1079 3500 sublato
1101 3435 1370 3500 Wilamowitzius
1389 3437 1515 3501 duobus
1535 3438 1593 3520 qui

360 3542 555 3626 praecedunt
577 3541 661 3607 hano
683 3543 821 3608 formam
845 3542 950 3606 induit

522 3650 721 3733 αἰσχύνομαι
744 3651 807 3734 γάρ
832 3659 902 3725 τοῖς
925 3649 1140 3734 δεδραμένοις
1163 3662 1278 3726 κακοῖς

521 3756 576 3821 καὶ
600 3757 682 3845 τῷδε
704 3759 952 3842 προστρόπαιον
975 3748 1057 3837 αἷμα
1079 3761 1287 3840 προσβαλῶν.

362 3861 416 3926 Sic
440 3862 524 3928 enim
549 3862 701 3948 disputat,
725 3865 888 3948 αἰσχύνην
911 3885 975 3947 qua
999 3885 1033 3926 se
1051 3862 1156 3927 velare
1177 3864 1266 3947 cupit
1287 3863 1439 3928 Hercules
1458 3887 1496 3929 eo
1516 3885 1593 3929 con·
1606 3886 1636 3926 ω

362 3970 459 4034 tineri
483 3971 579 4054 quod,
603 3971 679 4054 quia
701 3993 768 4035 non
791 3971 880 4054 prius
902 3973 1040 4035 mortem
1066 3970 1190 4053 obierit,
1214 3971 1310 4034 etiam
1334 3970 1410 4034 huic
1433 3971 1536 4035 amico
1561 3976 1592 4036 et

361 4081 499 4162 cognato
528 4099 594 4141 non
622 4079 727 4161 possit
753 4100 818 4142 non
841 4077 1005 4161 piaculum
1033 4099 1133 4140 asua
1156 4078 1250 4142 caede
1274 4078 1426 4164 infligere.
1474 4076 1537 4142 Sed
1559 4080 1593 4143 in
1674 4109 1677 4115 ·

361 4206 399 4248 ea
426 4207 460 4249 re
489 4183 680 4249 discedimus
709 4209 727 4249 a
754 4185 931 4250 doctissimi
960 4184 1022 4248 viri
1051 4186 1223 4249 sententia:
1256 4184 1335 4248 duas
1368 4187 1452 4249 enim
1482 4207 1593 4249 causas

361 4313 534 4377 agnoscere
559 4291 704 4356 videmur
728 4292 845 4376 quibus
869 4293 973 4357 visum
993 4290 1109 4355 Thesei
1132 4291 1277 4356 devitans
1300 4296 1397 4376 caput
1415 4291 1514 4376 pallio
1539 4292 1580 4357 ob

360 4397 468 4462 velare
485 4398 618 4463 festinat
636 4399 804 4485 Hercules3
829 4422 964 4483 quarum
982 4400 1073 4484 prior
1091 4403 1141 4463 est
1165 4400 1241 4480 quia
1265 4421 1298 4462 se
1320 4399 1422 4463 videri
1440 4422 1505 4463 non
1524 4400 1594 4463 uult

360 4505 487 4570 nefasta
510 4506 604 4570 caede
628 4510 820 4590 perpetrata,
842 4508 943 4571 altera
968 4507 1044 4590 quia
1068 4509 1195 4570 veretur
1218 4528 1258 4569 ne
1281 4509 1413 4589 aspectu
1437 4527 1496 4568 suo
1521 4527 1580 4569 con

360 4612 503 4698 tagionis
532 4613 683 4678 damnum
712 4615 814 4678 amico
843 4614 1000 4678 allaturus
1028 4613 1078 4677 sit.
1129 4611 1189 4676 Illa
1221 4616 1330 4697 aperta
1363 4617 1412 4676 est
1444 4612 1483 4675 iis
1512 4634 1593 4694 quae

363 4719 443 4784 dicit
466 4719 726 4804 ὀφθησόμεσθα,
756 4719 810 4785 καὶ
834 4721 1052 4784 τεκνοκτόνον
1075 4721 1180 4803 μύσος
1204 4720 1250 4795 είς
1273 4716 1392 4802 ὄμμαθ’
1419 4715 1489 4799 ἥξει
1518 4723 1590 4801 φιλ-

362 4827 449 4914 τάτην
473 4826 576 4905 ξένων
602 4827 699 4910 ἐμῶν,
724 4848 823 4911 eaque
846 4849 921 4911 pars
945 4827 1101 4891 orationis
1120 4827 1268 4890 concludi
1287 4829 1373 4889 recte
1392 4825 1438 4887 sic
1456 4828 1493 4886 ut
1512 4822 1595 4885 nihil

416 4941 543 4982 Vahleni
557 4943 667 4990 opuscula
681 4943 712 4981 11.
1364 4934 1379 4980 5
