3967 5725
394 604 458 669 160
619 608 691 658 XLI,
710 608 826 657 INDEX
844 608 1058 659 LECTIONUM
1076 610 1308 660 AESTIVARUM
1327 612 1404 660 1895.

390 767 496 832 aliena
523 773 599 833 sunt
623 790 704 853 quae
728 767 925 832 adv.1007
951 768 1146 833 adnotantur
1169 773 1274 834 λείπει
1296 771 1334 835 τὸ
1358 776 1480 854 καλῶς,
1507 770 1628 856 quique

389 874 467 941 hinc
485 875 591 941 exorsi
609 879 647 939 ut
666 875 695 939 ei
713 874 820 940 locum
840 879 989 959 pararent
1008 876 1095 959 quod
1113 876 1169 940 ille
1187 877 1295 941 deesse
1314 876 1428 942 scribit
1446 882 1629 955 cuteclara

389 1004 545 1066 reponere
562 1004 622 1067 pro
643 986 758 1065 λαβεῖν
777 982 950 1047 voluerunt
968 987 1025 1047 aut
1044 982 1155 1047 eodem
1175 984 1310 1048 consilio
1329 1006 1369 1047 ex
1387 985 1469 1050 ὅταν
1486 985 1629 1051 efficien-

389 1089 467 1154 dum
495 1087 542 1154 ὅτ’
575 1084 612 1154 εὗ
641 1090 875 1173 coniectarent,
902 1090 1017 1153 misere
1044 1094 1158 1173 poetae
1186 1092 1377 1156 sententiam
1402 1091 1628 1177 depravarunt,

389 1217 485 1279 quem
508 1218 572 1260 non
597 1196 748 1260 viderunt
771 1218 866 1279 quam
890 1196 999 1280 inepte
1021 1196 1254 1263 balbutientem
1277 1198 1455 1282 redderent,
1479 1220 1552 1263 oum
1571 1205 1627 1264 aut

391 1302 438 1366 ita
461 1302 587 1386 diceret,
613 1304 706 1367 ‘mori
729 1325 795 1367 non
818 1307 867 1367 est
889 1304 1065 1386 pessimum
1090 1304 1145 1368 sed
1168 1326 1241 1368 enm
1264 1303 1347 1368 mari
1365 1306 1476 1389 cupias
1493 1306 1627 1389 pulchre

389 1410 473 1474 mori
496 1432 560 1474 non
585 1410 702 1494 posse’,
726 1414 782 1475 aut
806 1410 900 1473 ‘mori
923 1431 990 1473 non
1013 1415 1062 1473 est
1084 1412 1259 1495 pessimum
1278 1412 1334 1477 sed
1353 1434 1425 1477 eum
1444 1413 1525 1477 bene
1543 1413 1628 1479 mari

390 1517 501 1601 cupias
525 1516 559 1581 id
582 1518 712 1601 assequi
736 1538 801 1581 non
822 1515 942 1600 posse'.
980 1516 1108 1593 Quanto
1132 1519 1238 1584 verius
1263 1519 1318 1583 ille
1340 1521 1432 1602 prior
1453 1519 1628 1585 scholiasta

390 1625 481 1688 auius
501 1623 599 1688 verba
618 1624 814 1689 reddidimus
834 1627 949 1707 poetae
967 1628 1107 1687 mentem
1126 1626 1291 1709 perspexit
1310 1648 1382 1690 aum
1402 1627 1436 1690 in
1451 1627 1513 1690 hae
1526 1629 1627 1691 altera

348 1755 376 1794 ιο
390 1731 599 1797 adnotatione
630 1734 699 1795 tum
732 1731 766 1794 in
799 1730 856 1794 illa
887 1731 1052 1814 superiore
1085 1753 1182 1815 quam
1209 1733 1250 1797 ad
1278 1756 1306 1797 r.
1333 1734 1419 1798 1006
1446 1734 1627 1818 adscripsit,

390 1860 471 1923 quae
499 1842 537 1901 ut
560 1838 672 1903 eodem
697 1838 833 1902 tendunt
856 1838 952 1902 unius
976 1839 1116 1902 auctoris
1140 1840 1298 1925 originem
1322 1842 1471 1925 produnt.
1506 1841 1627 1905 Verum

388 1967 429 2009 ne
457 1946 491 2010 in
519 1947 582 2031 γὰρ
612 1944 740 2029 quidem
768 1945 941 2028 particula,
969 1966 1047 2028 pace
1071 1944 1192 2011 dictum
1216 1953 1284 2011 esto
1307 1949 1370 2012 viri
1393 1948 1627 2031 humanissimi,

388 2056 456 2117 erat
479 2052 566 2137 qnod
591 2051 815 2134 offenderetur,
838 2073 920 2135 quae
938 2073 1009 2116 earn
1028 2053 1221 2117 sententiam
1240 2054 1341 2138 affert,
1365 2077 1429 2139 qua
1447 2057 1533 2139 quod
1551 2064 1626 2122 ante

388 2159 471 2223 dixit
486 2157 729 2242 Chrysothemis
745 2158 914 2235 δυσκλεῶς
927 2163 1049 2223 θανεῖν
1064 2158 1204 2223 declaret
1217 2164 1314 2244 atque
1329 2162 1504 2228 confirmet
1527 2161 1626 2228 (luins

387 2266 666 2331 ratiocinationem
691 2266 724 2329 in
748 2266 834 2331 huna
855 2265 923 2330 fere
945 2266 1078 2330 modum
1102 2265 1179 2330 lieet
1197 2270 1357 2333 evolvere:
1382 2268 1475 2332 ‘nihil
1493 2271 1627 2354 prodest

387 2373 507 2438 bonam
544 2374 661 2437 famam
697 2373 800 2437 neatis
839 2373 952 2437 infami
991 2373 1088 2439 mado
1125 2373 1239 2439 martis
1275 2376 1398 2459 perire:
1432 2376 1547 2441 infami
1579 2378 1626 2447 iu-

389 2502 485 2563 quam
514 2480 628 2543 mortis
656 2479 767 2564 modo;
795 2502 869 2547 nam
896 2479 979 2543 mori
1007 2502 1074 2545 nan
1101 2485 1151 2544 est
1177 2481 1446 2566 infensissimum,
1473 2484 1529 2547 sed
1553 2507 1623 2551 oum

388 2608 426 2651 ea
458 2588 646 2651 condicione
679 2586 723 2660 sis
756 2590 793 2649 ut
823 2609 910 2651 mors
938 2587 1144 2652 vehementer
1172 2589 1330 2673 cupienda
1356 2591 1400 2654 sit
1426 2594 1496 2654 tum
1523 2614 1564 2657 ne
1592 2592 1625 2656 id

389 2692 517 2777 quidem
544 2713 640 2777 passe
668 2693 831 2757 nancisei'.
874 2690 999 2757 Suntne
1021 2693 1100 2757 haec
1124 2695 1202 2758 satis
1226 2696 1325 2782 digna
1348 2694 1625 2781 Chrysothemidis

345 2823 374 2864 aa
387 2800 546 2886 ingenio?
584 2798 729 2864 Similem
763 2803 869 2864 autem
903 2800 1123 2866 condicionem
1156 2802 1186 2866 ei
1218 2824 1314 2887 quam
1347 2801 1661 2889 Chrysothemidisa

388 2930 489 2994 pavor
517 2912 550 2972 et
577 2907 678 2972 sensit
706 2912 737 2972 et
765 2907 974 2993 significavit,
1001 2912 1039 2972 ut
1066 2909 1129 2973 iam
1154 2909 1257 2974 aratio
1282 2910 1430 2976 deveniat
1452 2934 1517 2997 qua
1540 2914 1626 2978 vale-

388 3016 515 3096 bamus,
538 3014 722 3099 Xenophon
745 3013 892 3098 depinxit
915 3013 950 3079 in
972 3014 1115 3081 Anabasi
1139 3039 1211 3082 eum
1234 3018 1282 3082 ita
1304 3018 1417 3083 scribit
1439 3016 1493 3106 (m
1514 3020 1547 3103 1,
1565 3019 1624 3108 29)

388 3121 458 3189 ἐπεὶ
483 3120 514 3187 d’
542 3119 585 3188 αὖ
609 3123 641 3187 ol
665 3119 842 3206 στρατηγοὶ
866 3119 921 3186 καὶ
945 3126 1097 3207 λοχαγοί,
1125 3125 1235 3207 ὥσπερ
1259 3126 1301 3208 δὴ
1325 3128 1367 3190 σὺ
1391 3128 1550 3211 κελεύεις,
1577 3131 1625 3205 εἰς

386 3233 508 3313 λόγους
532 3230 646 3306 αὐτοῖς
669 3230 752 3320 ἄνευ
775 3229 887 3294 ὅπλων
911 3225 1020 3312 ἦλθον
1042 3233 1279 3308 πιστεύσαντες
1298 3235 1559 3317 putrescendae,
1582 3235 1623 3301 ού

387 3345 454 3402 νῦν
486 3335 607 3403 ἐκεῖνοι
639 3338 813 3421 παιόμενοι
845 3338 1061 3421 κεντούμενοι
1089 3337 1300 3423 ὑβριζόμενοι
1328 3337 1408 3404 οὐδὲ
1437 3340 1624 3407 ἀποθανεῖν

388 3445 421 3509 ol
444 3448 604 3528 τλήμονες
628 3443 790 3508 δύνανται
813 3442 868 3508 καὶ
892 3441 966 3528 μάλ’
995 3436 1086 3529 οἶμαι
1105 3443 1244 3530 ἐρῶντες
1261 3445 1436 3534 τούτου;*)
1460 3447 1548 3525 Quae
1568 3449 1623 3532 qui

387 3551 422 3615 in
450 3573 550 3616 unum
578 3550 752 3616 contulerit
775 3573 847 3615 eum
870 3551 910 3615 iis
935 3572 1017 3635 quae
1040 3549 1183 3636 Odyssea
1204 3552 1299 3616 nabis
1322 3575 1420 3638 supra
1441 3553 1623 3639 praebebat,

388 3658 515 3722 abunde
542 3657 689 3741 habebit,
718 3658 836 3742 quibus
860 3661 892 3721 et
915 3659 1086 3741 explanare
1110 3656 1281 3742 Sophoclis
1304 3661 1497 3725 sententiam
1519 3662 1624 3744 possit

388 3769 420 3830 et
452 3767 487 3830 in
518 3765 579 3830 hae
612 3787 740 3850 quoque
772 3769 863 3849 parte
896 3764 1117 3830 admirabilem
1149 3766 1249 3830 fuisse
1277 3770 1406 3850 poetam
1433 3767 1622 3852 patefacere.

344 3897 374 3938 aa
388 3871 610 3954 Quamobrem,
635 3879 717 3938 εἴτι
737 3871 796 3957 ἐμὴ
816 3869 986 3956 ξυμβουλὴ
1006 3872 1052 3936 ait
1070 3871 1173 3957 Plato,
1191 3873 1341 3938 Michaeli
1360 3879 1472 3939 nostra
1491 3897 1623 3960 magno·

387 4001 463 4062 pere
491 3982 637 4044 auctores
665 3979 781 4061 simuS,
814 3981 851 4042 ut
877 4000 989 4043 versus
1017 3978 1243 4064 integerrimos
1274 3981 1308 4044 in
1337 3984 1501 4065 pasterum
1528 4003 1622 4047 cruce

337 4071 341 4082 ’
387 4085 512 4168 liberet,
530 4107 570 4150 ne
588 4086 681 4149 triste
701 4086 829 4172 signum
848 4084 1033 4172 legentibus
1052 4086 1267 4152 incommodet
1284 4093 1460 4172 pactaeque
1478 4088 1621 4154 studiose

388 4196 531 4256 amantes
560 4196 679 4257 temere
706 4192 874 4276 impediat,
902 4192 1049 4276 cupimus
1078 4197 1184 4257 autem
1213 4194 1311 4258 etiam
1335 4193 1366 4258 S.
1385 4193 1528 4260 Meklera
1551 4218 1621 4279 per-

387 4300 525 4363 suasisse
552 4320 592 4362 ne
620 4298 725 4363 aliena
752 4300 943 4364 auctoritate
967 4300 1118 4366 seductus
1140 4305 1255 4386 pergat
1278 4324 1337 4386 pro
1361 4301 1480 4385 spuriis
1503 4301 1621 4368 habere

388 4427 468 4488 quae
491 4405 688 4470 verissimam
714 4405 884 4490 Sophoclis
908 4428 1038 4470 manum
1063 4406 1213 4490 produnt.

477 4597 540 4668 *26)
561 4597 669 4670 [Cicero
697 4599 726 4652 in
755 4599 910 4653 Antonium
937 4599 1009 4652 dicit
1032 4619 1071 4652 x11
1095 4603 1127 4666 8,
1147 4606 1179 4652 21
1204 4602 1276 4655 oilae
1298 4602 1444 4656 censetisne
1466 4603 1620 4657 labendum

385 4689 455 4742 milri
482 4689 605 4758 aliquam
628 4705 681 4742 esee
704 4689 860 4744 rollonem?
883 4706 952 4758 qaae
977 4690 1044 4742 νυλιι
1066 4690 1175 4758 quidem
1197 4690 1308 4743 rriiaime
1330 4706 1398 4745 cora
1420 4696 1471 4757 eal,
1496 4708 1618 4758 praem

386 4779 434 4832 tila
459 4795 520 4832 eum
540 4777 685 4832 Dolabella
707 4780 812 4846 jecerit,
836 4784 868 4832 al
890 4779 1015 4847 optando
1037 4795 1110 4832 υιονο
1131 4786 1198 4833 eeeet
1220 4780 1300 4833 arado
1317 4780 1376 4834 aiere
1394 4783 1521 4835 ονιιετῗαλα
1539 4787 1630 4849 alque.

384 4867 544 4940 luculentia]
