3967 5725
396 629 462 694 326
623 631 721 682 xnrx.
741 630 856 680 runnu
874 629 1088 681 nncrronun
1107 628 1340 680 aasrrvaaun
1359 630 1437 681 maa.

395 792 437 857 ad
459 792 592 856 testium
615 791 712 855 fidem
731 795 764 855 et
782 790 1030 875 discrepantiam
1049 789 1196 875 refertur,
1219 789 1369 856 vacillare
1387 789 1512 873 incipit.
1540 787 1630 867 Quae

395 898 481 964 ‘enim
505 902 579 963 ante
602 897 797 984 vulgabatur
819 897 974 962 orationis
997 897 1115 980 forma,
1139 919 1236 981 quam
1259 896 1405 981 plerique
1428 895 1553 963 codices
1577 919 1630 962 ex-

395 1005 521 1089 hibent,
546 1026 672 1088 provem
699 1026 733 1069 re
755 1004 884 1089 mollica
906 1005 1038 1087 elianam
1061 1005 1258 1083 senteutiam,
1286 1002 1420 1069 adeam
1443 1025 1477 1069 se
1500 1025 1630 1087 quoque

394 1110 499 1177 redire
522 1112 638 1197 optimi
662 1111 781 1177 aodieis
800 1110 950 1176 Vaticani
973 1111 1134 1196 scriptura
1156 1110 1272 1176 leviter
1294 1110 1352 1176 illa
1370 1111 1499 1195 quidem
1518 1111 1630 1195 depra-

395 1223 470 1284 vata
493 1219 678 1304 persuadet,
702 1239 860 1301 mecaoem
883 1239 917 1283 re
932 1218 1095 1299 publicam
1118 1219 1315 1298 sententiam,
1344 1240 1441 1302 quam
1465 1220 1511 1285 sie
1533 1219 1630 1285 inter-

393 1331 558 1410 pretamur
584 1346 745 1408 mecaoern
777 1347 811 1391 re
836 1325 992 1407 publica
1023 1323 1219 1413 (aliquam
1246 1327 1439 1390 senteutiam.
1481 1324 1574 1402 Quod
1601 1329 1629 1392 si

394 1436 481 1498 reate
503 1434 665 1517 statuitur,
688 1437 822 1518 apparet
844 1432 1023 1498 omittendo
1046 1454 1105 1517 per
1127 1454 1276 1517 errorem,
1298 1454 1365 1497 non
1388 1433 1475 1518 quod
1495 1433 1629 1500 illi'cre-

395 1539 545 1605 diderunt
559 1541 704 1606 addendo
718 1545 887 1625 peceatum
902 1561 979 1604 esse.
1005 1537 1154 1604 (laterum
1169 1539 1203 1603 in
1218 1540 1354 1604 eundem
1368 1540 1502 1604 modum
1517 1539 1628 1606 Cicero
1645 1614 1650 1622 ,

395 1648 521 1730 saepius
544 1646 672 1714 loeutus
696 1652 758 1729 est,
780 1646 920 1732 Philipp.
940 1664 1003 1711 vm
1025 1648 1096 1730 1,2
1120 1647 1220 1712 aliam
1242 1648 1426 1712 renuntiem
1449 1667 1577 1730 eamque
1596 1669 1629 1714 ae

352 1775 432 1822 roae
453 1753 633 1836 republica
655 1755 802 1836 diuum
826 1755 866 1819 de
884 1753 948 1818 red.
966 1754 1002 1818 in
1020 1775 1085 1818 sen.
1100 1753 1130 1833 4,
1146 1755 1166 1818 8
1184 1755 1368 1819 semunciam
1387 1755 1425 1819 cle
1441 1755 1541 1821 sabelo
1559 1777 1628 1821 mea

369 1882 426 1930 ae
453 1867 481 1926 et
506 1861 664 1944 republica
690 1863 829 1944 diarium
867 1858 1024 1926 Similiter
1049 1862 1100 1926 uir
1129 1861 1226 1926 bonus
1252 1867 1281 1926 et
1306 1860 1491 1944 republica
1513 1864 1629 1946 ammos

393 1968 576 2053 appellatur
598 1967 738 2052 Philipp.
757 1986 784 2032 11
802 1989 828 2032 e.
847 1968 900 2053 23,
919 1967 962 2033 56
982 1972 1015 2034 et
1033 1985 1046 2032 1
1065 1990 1091 2033 e.
1111 1968 1141 2052 6,
1162 1968 1212 2032 14.
1451 1951 1453 1956 ’

481 2073 520 2139 In
542 2074 717 2140 Pisoniana
742 2076 770 2158 1,
791 2077 807 2139 1
832 2075 912 2142 haee
936 2075 970 2139 in
992 2075 1170 2140 novirsima
1193 2074 1332 2140 editione
1355 2076 1522 2170 leguntur·
1549 2077 1554 2112 ·'
1566 2105 1590 2115 ·‘

526 2182 688 2264 obrepsisti
715 2182 760 2247 acl
783 2182 912 2271 bmorea
933 2181 1219 2247 errore'bominum
1242 2182 1505 2248 commendatione
1525 2167 1628 2263 fuluo-²

526 2310 636 2354 aarum
650 2288 875 2377 inopinum),
889 2309 1024 2379 quarum
1037 2289 1141 2354 simib
1153 2287 1246 2354 babes
1259 2289 1342 2354 nilul
1348 2291 1476 2372 praeter
1489 2269 1626 2380 colorem

527 2398 557 2462 ia
583 2395 663 2461 mibi
690 2398 784 2461 etiam
809 2395 965 2479 ylorratsor
991 2416 1024 2460 ae
1050 2416 1156 2461 omues
1182 2397 1399 2490 mayistratus¹
1412 2397 1480 2486 sine
1501 2397 1628 2479 repulsa

527 2509 707 2568 ananum.
731 2501 811 2567 mibi
833 2504 895 2568 ista
918 2502 988 2568 licet
1010 2503 1048 2568 olo
1066 2523 1113 2567 me
1130 2523 1204 2567 vera
1222 2523 1291 2567 enm
1307 2503 1412 2585 ylario
1423 2505 1627 2586 praedicam

460 2607 482 2672 5
527 2629 633 2674 ornnes
655 2611 739 2674 enim
761 2609 890 2675 bonores
905 2606 1044 2690 populus
1066 2609 1231 2675 Romam
1253 2609 1332 2674 mibi
1354 2611 1418 2692 apsi
1440 2610 1628 2696 [bomini]

527 2717 643 2781 detulit
675 2738 752 2781 nam
780 2722 814 2781 tu
841 2737 911 2781 cum
933 2717 1076 2798 quaemor
1099 2717 1265 2798 erfectus,
1293 2719 1387 2781 etiam
1411 2719 1466 2812 qui
1487 2724 1516 2810 to
1537 2739 1628 2784 num·

352 2842 379 2889 n
526 2844 622 2907 auom
649 2823 807 2908 viderant,
838 2828 943 2890 tamen
969 2823 1060 2889 illum
1087 2823 1232 2891 bonorem
1260 2825 1411 2917 nomini
1431 2825 1629 2891 mandabant

526 2937 586 2996 uo
614 2932 727 2997 noan
749 2952 781 2996 es
800 2933 919 3014 fanu.-
943 2913 1021 2997 Posi
1040 2938 1084 3025 eo
1101 2933 1413 3015 oppoununtur
1430 2934 1541 3015 raons,
1563 2938 1628 2999 non

526 3027 584 3104 rate
597 3039 683 3104 Piso.
709 3044 864 3121 praetma
882 3041 955 3104 item
973 3040 1147 3104 maioribus
1164 3040 1269 3105 adata
1287 3046 1332 3104 est
1348 3042 1419 3105 tuis.
1452 3042 1519 3105 noti
1536 3047 1628 3105 erant

395 3135 405 3147 ’
440 3144 483 3209 10
527 3145 578 3209 illi
604 3148 731 3229 mortui,
763 3152 792 3211 to
817 3148 923 3211 vivum
949 3148 1090 3212 nondmn
1117 3152 1245 3212 moeret
1269 3148 1444 3228 quisquam.
1482 3168 1531 3212 me
1557 3168 1627 3213 eum

393 3246 397 3253 ’
526 3258 716 3334 quaestorem
743 3254 779 3319 in
799 3255 931 3335 primm,
959 3255 1091 3319 aedilem
1113 3256 1267 3336 priorem,
1289 3260 1466 3334 praetmem
1482 3256 1627 3340 primum

511 3362 644 3425 'amaia
674 3362 841 3443 suffrapiis
865 3362 1003 3444 populus
1033 3362 1198 3427 Romnum
1226 3361 1370 3441 faciebat,
1402 3361 1545 3426 bomini
1559 3362 1629 3453 ,ulo

391 3475 396 3481 “
513 3464 683 3546 'bonorem
711 3488 774 3533 non
797 3469 915 3550 penori,
944 3468 1094 3547 moribua
1122 3488 1185 3533 non
1208 3468 1380 3560 maioribus
1403 3470 1492 3548 meir,
1519 3470 1628 3534 uirtuti

520 3579 706 3655 perspectae,
729 3594 792 3639 uon
815 3577 944 3640 auditae
965 3575 1123 3641 nobilitati
1146 3576 1305 3657 deamat.

392 3677 498 3744 Multa
520 3680 762 3767 exscripsimus,
786 3680 840 3746 sed
864 3703 901 3747 ea
925 3682 973 3746 ita
995 3685 1193 3766 comparata,
1216 3685 1253 3746 ut
1276 3682 1333 3766 qui
1357 3686 1478 3748 attente
1501 3682 1627 3768 legerit,

393 3809 466 3852 eum
487 3787 600 3873 fugere
623 3809 689 3854 non
712 3810 807 3873 posse
831 3788 986 3873 videatur,
1009 3789 1087 3873 quid
1111 3811 1222 3854 verum
1246 3789 1302 3854 sit:
1326 3793 1433 3855 tamen
1457 3790 1520 3855 iata
1539 3791 1627 3875 cupi-

481 3981 545 4050 *15)
564 3980 609 4035 nd
631 3981 701 4035 haee
723 3999 780 4035 non
803 3981 959 4037 omittimus
982 3982 1142 4037 adscribere
1167 3998 1240 4051 quae
1264 3982 1369 4037 similia
1387 3982 1417 4036 in
1438 3982 1567 4037 Sestiana
1585 3982 1625 4037 le-

393 4071 498 4139 guntur
516 4088 539 4125 o.
555 4076 580 4137 9,
595 4075 629 4123 22
648 4088 695 4141 epo
714 4077 820 4126 tamum
839 4089 894 4127 eoae
912 4073 944 4125 in
960 4073 1068 4127 bomine
1081 4074 1188 4127 sceleris
1202 4073 1337 4128 audaciae
1351 4074 1523 4127 crudelitato
1536 4090 1624 4143 qnan-

393 4166 451 4213 tum
473 4161 530 4228 ipm
552 4177 614 4215 curn
636 4177 666 4215 re
683 4161 799 4229 publica
821 4163 906 4228 renai,
929 4178 1079 4231 numquam
1097 4163 1212 4231 putaui:
1235 4179 1352 4231 nequam
1375 4179 1429 4216 eoae
1446 4163 1581 4217 boniinem
1599 4169 1626 4217 et

393 4249 474 4303 baem
497 4255 527 4304 et
548 4249 644 4315 falsa
666 4251 826 4319 opinione
849 4268 959 4306 errore
977 4248 1198 4306 bominum'ab
1217 4253 1402 4306 adulescentia
1421 4252 1626 4307 commenda·

393 4338 606 4407 tumulatum,
629 4338 659 4392 in
678 4338 780 4408 quibus
799 4337 857 4392 dici
874 4338 921 4392 vix
939 4342 1034 4409 potest
1052 4342 1158 4408 quanto
1177 4356 1261 4409 opere
1280 4332 1432 4394 divinando
1451 4339 1627 4395 luxuriantur

393 4425 493 4493 critici,
512 4427 562 4495 qui
581 4430 631 4482 aut
649 4444 738 4483 errore
758 4431 808 4483 aut
824 4430 899 4497 salua
917 4432 1046 4499 opinione
1060 4432 1110 4483 aut
1124 4432 1152 4483 et
1165 4431 1242 4497 falsa
1255 4432 1284 4483 et
1297 4448 1386 4485 errore
1400 4429 1521 4485 delenda
1535 4430 1626 4499 auspi-

394 4517 505 4582 cantum
524 4532 594 4586 quos
614 4517 650 4571 da
668 4516 789 4587 duplicis
810 4516 927 4572 ablativi
944 4518 1055 4573 ratione
1074 4518 1190 4573 edocere
1208 4522 1341 4587 poterant
1359 4518 1409 4573 illa
1425 4536 1460 4574 ex
1474 4518 1627 4575 Planciana

393 4620 466 4671 quaa
489 4620 575 4673 supra
593 4606 700 4675 scripta
719 4608 785 4660 sunt
802 4608 946 4676 obrepaioti
963 4609 1001 4661 acl
1019 4608 1133 4664 immores
1151 4626 1264 4664 errore
1281 4610 1449 4663 bominum
1467 4626 1626 4665 comumn-

393 4694 531 4747 datr'one
547 4694 755 4760 fumooarurn
773 4698 969 4767 imaainnm3
989 4712 1161 4766 quamquam
1175 4697 1205 4751 in
1220 4697 1350 4752 Sestiana
1364 4698 1426 4767 ipsa
1440 4714 1512 4766 quaa
1526 4696 1626 4767 legun-

393 4782 440 4834 tur
458 4786 488 4847 9,
503 4785 536 4835 21
556 4789 615 4837 erat
632 4786 772 4839 hominurn
789 4788 919 4854 opinione
936 4786 1079 4842 nobilitate
1097 4789 1167 4856 abra,
1187 4788 1290 4843 blanda
1308 4788 1535 4854 conciliatricula,
1556 4804 1627 4843 eom-

395 4870 545 4937 rnenclatua,
564 4870 640 4925 iura
651 4871 755 4927 frustra
773 4876 921 4944 temptata,
942 4876 1062 4930 eundern
1081 4875 1267 4931 ablativorum
1285 4894 1367 4930 usum
1387 4892 1455 4946 prae
1475 4892 1504 4933 aa
1523 4875 1625 4931 ferunt.
