3967 5725
408 638 474 703 498
586 640 684 691 LVIH.
703 640 819 690 INDEX
838 639 1053 691 LECTIONUM
1070 640 1312 691 HIBERNARUM
1331 642 1401 692 1908
1405 638 1463 711 sol.

408 801 583 867 Muellerus
602 801 659 884 qui
677 799 850 865 adnotavit
861 799 952 865 ‘olim
970 799 1058 866 haud
1076 800 1174 865 dubie
1191 821 1251 885 pro
1271 799 1372 866 altero
1391 801 1522 866 nomine
1540 801 1640 866 fuisse

410 909 503 973 idem'
526 907 648 973 fatetur
670 908 738 991 ipse
765 906 822 973 illa
850 912 931 992 quae
957 909 1068 972 tamen
1096 908 1242 992 sequitur
1267 906 1452 992 probabilia
1473 930 1541 974 non
1563 931 1640 974 esse.

410 1014 544 1080 Accedit
566 1014 654 1098 quod
676 1014 738 1080 hoc
760 1019 874 1100 poetae
899 1036 1016 1080 nomen
1038 1015 1171 1079 minime
1191 1014 1324 1079 testium
1348 1015 1503 1080 memoria
1526 1015 1642 1080 nititur

410 1123 465 1188 sed
488 1144 577 1188 mera
599 1122 784 1186 coniectura
806 1121 991 1186 criticorum
1015 1125 1178 1206 repertum
1201 1125 1259 1186 est.
1291 1120 1443 1206 Plerique
1461 1121 1548 1186 enim
1565 1121 1642 1187 libri

409 1230 526 1295 Accius
548 1229 703 1293 exhibent
725 1229 792 1293 sive
809 1229 923 1294 Aetius
945 1229 1033 1312 quod
1056 1229 1140 1293 idem
1160 1231 1218 1311 est,
1241 1232 1273 1294 et
1291 1229 1418 1294 occulus
1440 1228 1526 1312 quod
1544 1227 1643 1293 habet

409 1358 494 1400 unus
517 1335 585 1401 cod.
603 1334 769 1401 Leidensis
796 1336 932 1420 propius
960 1338 1046 1399 certe
1074 1335 1113 1399 ab
1136 1336 1232 1400 Accio
1260 1357 1357 1420 quarn
1379 1358 1399 1400 a
1421 1335 1562 1400 Pacuuio
1585 1339 1656 1401 est.'

409 1441 523 1528 Itaque
547 1443 689 1508 dubitari
717 1463 783 1507 non
811 1442 922 1507 debuit
950 1443 1030 1526 quin
1055 1441 1134 1507 haec
1162 1442 1196 1506 in
1223 1441 1309 1506 hunc
1336 1442 1468 1507 modum
1491 1465 1510 1506 a
1531 1441 1642 1508 Nonio

410 1550 589 1635 perscripta
608 1553 729 1615 essent:
753 1548 915 1615 Pacuuius
932 1549 1089 1614 Atalanta
1113 1599 1119 1612 .
1136 1599 1142 1612 .
1158 1599 1165 1613 .
1182 1549 1299 1614 Accius
1316 1550 1341 1613 Ι
1342 1549 1429 1614 lione,
1463 1548 1548 1626 Quid
1565 1571 1641 1615 vero

408 1658 474 1722 fuit
497 1655 583 1741 quod
607 1656 783 1721 Pacuvium
805 1677 866 1740 pro
889 1657 985 1721 Accio
1007 1659 1175 1740 ponerent,
1198 1678 1392 1742 quamquam
1415 1656 1479 1721 hoc
1500 1660 1568 1721 tarn
1592 1667 1642 1721 co'-

370 1791 397 1831 ro
411 1764 519 1830 dicum
542 1763 711 1848 scripturis
734 1762 978 1827 dissuadebatur
1002 1784 1098 1847 quam
1116 1761 1217 1828 Nonii
1241 1763 1472 1828 consuetudine
1497 1763 1643 1847 quinon

410 1869 537 1936 solebat
558 1869 643 1934 idern
666 1891 785 1935 nomen
806 1874 920 1955 poetae
943 1891 1008 1934 una
1027 1869 1109 1935 serie
1127 1869 1176 1935 bis
1195 1891 1323 1955 ponere.
1360 1869 1486 1953 Nempe
1508 1869 1642 1934 Pacuvii

410 1976 545 2043 Ilionam
564 1977 664 2042 tuisse
682 1977 786 2042 multa
803 1977 991 2042 testimonia
1009 1976 1149 2062 tradunt,
1168 1975 1260 2042 Accii
1277 1976 1381 2042 Ilione
1399 1998 1559 2060 nusquam
1578 1999 1643 2042 me-

410 2087 563 2150 moratur.
597 2083 678 2149 (lurn
701 2085 803 2172 igitur
825 2084 943 2148 alicubi
966 2087 1136 2168 peceatum
1160 2085 1203 2148 sit
1226 2084 1260 2148 in
1277 2083 1378 2149 Nonii
1398 2083 1513 2170 glossa,
1533 2087 1642 2148 tamen

410 2193 507 2257 nimis
531 2191 595 2257 cito
619 2195 732 2275 poetae
755 2213 875 2256 nomen
896 2190 1004 2256 labem
1024 2192 1161 2256 traxisse
1180 2194 1370 2275 statuerunt,
1395 2191 1480 2275 quod
1503 2190 1643 2255 vidimus

411 2321 507 2383 quarn
530 2298 665 2364 firmiter
689 2297 894 2363 stabiliretur.
928 2297 1019 2383 Ergo
1038 2299 1073 2362 in
1091 2298 1273 2384 tragoediae
1296 2297 1393 2364 titulo
1417 2301 1556 2362 erratum
1579 2301 1643 2362 est:

411 2391 502 2470 euius
524 2405 572 2470 rei
594 2404 750 2470 indicium
772 2403 825 2468 uel
847 2405 883 2469 in
906 2425 943 2469 eo
967 2407 1100 2489 apparet
1124 2406 1210 2488 quod
1226 2405 1339 2470 llione
1362 2405 1517 2489 scriptum
1540 2405 1644 2468 estin

410 2512 516 2595 libris,
545 2533 617 2577 cum
640 2510 768 2577 Nonius
796 2511 831 2575 in
858 2511 1028 2577 afferendis
1051 2509 1173 2577 Ilionae
1200 2513 1345 2577 versibus
1370 2512 1427 2596 qui
1449 2512 1545 2577 multi
1568 2514 1645 2576 sunt

410 2641 587 2703 numquam
614 2618 679 2684 nisi
708 2616 746 2682 P.
770 2619 806 2682 ia
829 2618 946 2684 Iliona
975 2619 1149 2701 scripserit.
1187 2617 1249 2683 llla
1275 2618 1382 2683 forma
1404 2618 1491 2703 quod
1513 2618 1645 2683 fuerumt

413 2726 470 2810 qui
493 2727 528 2790 in
551 2724 748 2792 emendando
772 2746 867 2790 versu
889 2729 1065 2810 uterentur,
1088 2727 1263 2791 verendum
1287 2729 1345 2812 est,
1367 2748 1408 2790 no
1426 2725 1487 2790 hac
1504 2726 1557 2790 via
1574 2727 1644 2790 uni-

371 2858 398 2901 co
413 2854 485 2899 cum
505 2831 592 2918 quod
611 2835 680 2897 erat
698 2832 852 2897 indicium
872 2832 940 2897 veri
959 2832 1100 2898 tollatur.
1129 2831 1198 2899 Nos
1217 2855 1256 2899 ex
1275 2856 1312 2899 ea
1330 2833 1490 2919 scriptura
1506 2833 1644 2918 profecti

408 2940 475 3005 leni
498 2962 596 3004 manu
615 2940 748 3005 titulum
767 2961 993 3025 recuperamus
1018 2940 1075 3025 qui
1092 2945 1177 3007 recte
1197 2942 1297 3006 scribi
1315 2944 1455 3025 poterat:
1475 2964 1539 3005 una
1557 2941 1643 3006 enim

411 3051 535 3113 mutata
549 3048 694 3112 litterula
712 3069 751 3111 ex
770 3047 810 3112 iis
830 3070 912 3132 quae
928 3046 1048 3113 medita
1066 3053 1143 3113 sunt
1155 3050 1272 3115 Accius
1289 3048 1384 3114 illone
1401 3048 1511 3133 prodit
1528 3048 1645 3113 Aeetes

410 3156 516 3221 iamne
538 3154 569 3219 h.
584 3176 610 3220 e.
633 3156 670 3220 iu
692 3155 778 3219 Ione.
818 3154 904 3220 Nam
926 3156 1006 3221 haec
1029 3158 1098 3221 erat
1121 3156 1286 3242 tragoedia
1310 3152 1411 3239 Accii,
1434 3177 1516 3240 quae
1532 3155 1643 3239 paucis

411 3267 497 3328 certe
524 3262 721 3328 testimoniis
749 3262 860 3327 fertur.
907 3262 951 3327 Et
979 3264 1080 3347 quod,
1109 3285 1173 3348 quo
1203 3262 1415 3348 probabilitas
1443 3263 1643 3328 coniecturae

411 3372 603 3454 continetur,
620 3372 657 3434 in
675 3371 752 3435 Ione
771 3370 959 3455 scripsimus
979 3368 1031 3457 (ut
1050 3370 1133 3454 apud
1148 3369 1349 3435 Priscianum
1368 3373 1401 3434 et
1419 3369 1550 3434 Festum
1565 3368 1643 3453 legi-

294 3510 299 3517 ·
409 3473 488 3562 tur),
506 3477 775 3541 reminiscendum
795 3481 852 3560 est,
870 3475 1016 3542 Nonium
1036 3478 1165 3560 quidem
1178 3498 1333 3562 persaepe
1350 3478 1385 3541 in
1403 3477 1456 3542 his
1475 3476 1644 3543 efferendis

409 3582 516 3648 tItulis
534 3583 806 3668 apraepositione
820 3583 966 3649 addenda
984 3583 1156 3669 abstinere,
1175 3584 1231 3649 sed
1248 3588 1358 3648 tamen
1374 3585 1473 3650 toties
1496 3586 1531 3650 in
1549 3584 1643 3651 bonis

409 3690 501 3764 libris
529 3712 600 3755 eam
625 3690 897 3775 praepositionem
926 3691 1083 3758 adiectam
1109 3692 1189 3778 legi,
1217 3694 1254 3755 ut
1280 3691 1368 3758 hunc
1393 3714 1489 3757 usum
1517 3692 1644 3758 abhoc

411 3794 621 3883 grammatIco
645 3796 828 3862 abiudicare
851 3819 918 3863 non
935 3798 1040 3863 liceat.
1073 3797 1144 3884 Qui,
1167 3804 1205 3863 ut
1223 3800 1389 3865 mittemus
1408 3799 1472 3865 alia
1490 3800 1643 3884 exempla,

370 3932 397 3973 so
412 3926 494 3988 quae
517 3904 659 3989 plurima
682 3908 768 3989 sunt,
789 3905 852 3969 rel¹
864 3906 897 3968 in
917 3905 1028 3970 eadem
1045 3905 1165 3990 pagina
1183 3906 1267 3972 hanc
1284 3908 1472 3971 varIetstem
1492 3906 1642 3972 afferendi

411 4012 554 4077 exhibet:
578 4034 611 4095 p.
624 4011 702 4096 258,
717 4012 797 4095 4sq.
821 4012 1119 4078 Aeaueneneadis
1141 4018 1198 4078 out
1218 4012 1316 4079 Decio
1335 4067 1342 4080 .
1358 4063 1387 4078 ..
1406 4014 1490 4079 idem
1507 4014 1544 4077 ia
1562 4012 1643 4077 Neo-

404 4118 539 4200 ptolemo
558 4144 603 4204 ..ς
626 4141 656 4202 p.
671 4117 746 4202 256,
763 4118 884 4201 lbsqq.
908 4119 1024 4184 Accius
1042 4119 1205 4203 Eurysace
1223 4146 1289 4205 ...3
1312 4122 1396 4186 idem
1419 4122 1455 4186 iss
1478 4118 1642 4185 Tereo...

499 4224 549 4289 De
568 4222 646 4289 Ione
664 4224 757 4290 Accii
777 4224 839 4289 duo
859 4229 935 4291 sunt
953 4226 1140 4290 testimonia
1158 4226 1315 4292 Prisciani
1334 4225 1486 4314 (qnorum
1505 4226 1641 4290 alterum

409 4332 508 4397 habet
526 4333 624 4397 etiam
644 4329 833 4412 Charisius),
851 4354 952 4396 unum
971 4331 1068 4397 Festi.
1099 4331 1153 4397 Ad
1170 4334 1250 4401 haee
1268 4355 1354 4398 nuno
1373 4355 1493 4399 novum
1512 4331 1641 4415 accedit,

410 4437 521 4522 Nonii,
544 4460 647 4523 neque
674 4438 737 4503 hoo
764 4440 881 4504 mirum
908 4438 1023 4503 haberi
1051 4439 1159 4525 debet,
1186 4440 1331 4507 Nonium
1358 4440 1442 4505 hano
1465 4439 1555 4505 Accii
1581 4442 1642 4503 tra·

410 4546 559 4633 guadiam
574 4546 672 4609 semel
692 4546 824 4611 omnino
844 4546 1031 4625 memorare,
1051 4548 1107 4639 qui
1127 4546 1256 4637 quidem
1274 4547 1374 4613 Ennii
1392 4545 1517 4612 Nemea
1535 4546 1692 4631 semel,10
1778 4578 1779 4588 ¹

411 4652 510 4717 semel
533 4652 679 4743 eiusdem,
694 4634 922 4736 Alcmaeonem
946 4652 1066 4747 citavit.
1099 4637 1247 4738 Denique
1265 4675 1393 4719 versum
1412 4654 1527 4739 ipsum,
1546 4674 1640 4737 quem
1777 4638 1778 4661 i

411 4779 451 4822 ex
473 4756 578 4823 Iliona
604 4743 743 4854 petitum
759 4744 833 4840 'rati
855 4760 896 4824 ad
923 4748 995 4825 earn
1018 4762 1210 4826 sententiam
1235 4761 1395 4845 explicare
1418 4766 1451 4826 et
1473 4760 1640 4827 emendare

410 4864 619 4949 conabantur,
641 4887 708 4930 non
729 4866 837 4931 minus
856 4866 937 4933 bene
960 4867 1000 4932 ad
1018 4865 1107 4932 Ionis
1131 4871 1355 4953 argumentum
1379 4868 1507 4933 referas.
1535 4866 1642 4934 Verba
1766 4920 1774 4948 ,
