3967 5725
383 648 450 714 ‘288
587 651 698 702 XLVII.
717 651 833 701 INDEX
851 649 1065 701 LEOTIONUM
1083 650 1315 702 AESTIVARUM
1334 653 1411 703 1898.

381 812 489 897 ponit:
513 812 656 897 ἄκρατον
681 804 775 877 οἴνου
794 810 928 895 ἀγαθοῦ
947 813 1107 894 δαίμονος
1125 811 1205 895 ἡμῖν
1224 811 1397 895 βέλτιστον
1415 821 1513 876 πιεῖν.
1538 817 1617 888 ἴσως

382 919 447 1004 γὰρ
467 917 509 982 ἂν
527 920 671 1004 χρηστόν
689 942 721 983 τι
739 919 1022 1001 βουλευσαίμεθα
1044 918 1199 983 faciamus
1218 917 1281 983 hoc
1300 918 1387 1002 quod
1405 919 1536 982 suadeo:
1555 918 1619 984 for·

382 1029 469 1090 tasse
497 1026 582 1090 enim
610 1025 777 1110 continget
804 1028 841 1088 ut
867 1023 961 1109 probi
990 1026 1069 1109 quid
1096 1024 1223 1089 consilii
1246 1025 1454 1090 inveniamus,
1484 1023 1553 1090 ’Ίθι
1577 1026 1619 1110 δὴ

383 1131 524 1199 κάτειπ’·
550 1139 630 1209 ἴσως
652 1135 715 1217 γὰρ
740 1131 929 1208 ἀναπείσεις
950 1130 1016 1216 ἐμέ,
1039 1132 1146 1215 inquit
1163 1132 1341 1197 Mercurius
1361 1133 1394 1195 in
1413 1131 1496 1198 Pace
1515 1131 1618 1218 (405).

381 1239 496 1323 Quam,
516 1261 718 1324 quaesumus,
738 1239 923 1323 propiorem
942 1261 1012 1304 esse
1030 1260 1124 1323 posse
1139 1241 1398 1305 coniunctionem
1412 1243 1507 1324 putes
1522 1261 1618 1324 quam

383 1369 466 1432 quae
489 1351 538 1411 est
560 1348 645 1412 inter
668 1368 779 1410 versus
799 1345 841 1411 85
861 1350 894 1410 et
912 1345 964 1410 86.
1003 1344 1066 1410 Sed
1087 1368 1198 1411 versus
1217 1348 1298 1411 alter
1317 1369 1428 1412 eorum
1446 1344 1520 1434 (86)
1540 1353 1620 1424 ἴσως

384 1455 447 1539 γὰρ
475 1453 519 1520 ἂν
541 1455 684 1538 χρηστόν
707 1476 739 1518 τι
763 1457 1049 1538 βουλευσαίμεθα,
1079 1455 1134 1538 qui
1158 1454 1258 1538 priori
1281 1458 1348 1518 tam
1370 1453 1451 1518 bene
1474 1454 1619 1520 adnecte-

384 1561 489 1645 batur,
513 1562 541 1626 si
563 1559 677 1626 Niciae
700 1559 807 1625 verbis
827 1561 903 1626 ἰδού
922 1558 952 1643 γ’
974 1563 1131 1645 ἄκρατον·
1155 1561 1229 1648 τιερι
1248 1570 1353 1626 ποτοῦ
1373 1571 1459 1644 γοῦν
1477 1559 1548 1626 ἐστι
1565 1578 1619 1626 σοι

384 1670 607 1753 postponitur,
634 1667 711 1731 ilico
734 1688 773 1731 ex
797 1689 855 1731 sua
877 1667 986 1732 nativa
1009 1669 1158 1732 iunctura
1181 1669 1305 1732 solutus
1327 1667 1467 1752 pendere
1490 1668 1619 1752 incipit:

344 1803 371 1844 ιι
384 1796 458 1839 nam
478 1776 505 1838 si
525 1775 597 1858 quis
613 1772 864 1839 Demosthenem
884 1775 924 1838 ad
942 1797 980 1838 ea
999 1775 1191 1859 respondere
1211 1775 1299 1860 velit,
1317 1779 1354 1839 ut
1372 1775 1512 1840 affirmet
1532 1776 1618 1839 ‘sane

385 1886 434 1945 est
460 1881 542 1945 milri
570 1879 646 1965 περὶ
668 1882 789 1946 ποτοῦ’
814 1881 923 1946 addita
946 1903 1043 1946 causa
1066 1887 1145 1958 leuc
1168 1883 1231 1967 γὰρ
1255 1881 1297 1946 ἂν
1319 1885 1463 1967 χρηστόν
1485 1906 1517 1947 τι
1539 1885 1619 1965 βου-

386 1989 604 2072 λευσαίμεθα,
631 1988 696 2053 nisi
723 1988 753 2052 ei
779 1992 985 2072 praesumpta
1009 1987 1119 2071 opinio
1144 1989 1280 2072 officiat,
1307 1989 1469 2076 intelligat
1491 2011 1619 2056 necesse

384 2099 442 2180 est,
464 2117 531 2160 non
553 2094 615 2159 hoc
638 2095 696 2178 illi
720 2095 775 2159 sed
799 2095 997 2160 contrarium
1019 2095 1280 2180 respondendum
1302 2095 1411 2179 fuisse,
1437 2097 1516 2161 ‘non
1538 2096 1619 2162 mihi
1634 2107 1670 2163 17

384 2202 423 2265 de
449 2202 592 2286 potando
621 2204 742 2288 agitur,
770 2202 826 2266 sed
854 2202 887 2266 id
915 2224 991 2268 curo
1020 2206 1058 2266 ut
1085 2202 1207 2287 aliquid
1231 2203 1318 2287 quod
1341 2225 1400 2268 nos
1423 2205 1512 2268 iuvet
1535 2224 1619 2268 com-

384 2309 612 2374 miniscamur.'
650 2308 695 2373 At
723 2331 798 2374 vero
826 2309 891 2375 illis
919 2309 1045 2374 duobus
1074 2310 1234 2395 versibus,
1262 2311 1318 2393 qui
1340 2311 1404 2376 nisi
1427 2333 1500 2376 cum
1524 2309 1619 2376 detri-

385 2420 494 2481 mento
518 2417 696 2481 sententiae
714 2415 822 2481 dirimi
839 2438 906 2481 non
924 2419 1072 2501 possunt,
1091 2416 1119 2480 si
1133 2415 1246 2481 Niciae
1265 2417 1342 2481 item
1362 2417 1425 2483 duo
1444 2417 1619 2482 subiiciun-

384 2527 438 2588 tur
461 2524 513 2588 87.
537 2522 579 2587 88

546 2631 622 2695 loos
646 2628 677 2712 γ’
704 2631 861 2713 ἄκρατον·
884 2631 960 2715 περὶ
982 2641 1089 2697 ποτοῦ
1113 2641 1197 2715 γοῦν
1221 2630 1294 2697 ἐστί
1314 2649 1377 2696 σοι.

544 2749 613 2813 πῶς
637 2735 664 2801 θ’
694 2737 738 2801 ἂν
760 2738 897 2822 μεθύων
920 2742 1064 2824 χρηστόν
1087 2762 1120 2803 τι
1142 2736 1349 2822 βουλεύσαιτ’
1379 2737 1477 2822 ἀνήρ,

341 2875 370 2915 sc
384 2845 524 2929 primum
539 2843 734 2931 intelligitur
746 2842 822 2930 περὶ
836 2843 979 2932 caroffi)
996 2856 1080 2929 γοῦν
1094 2844 1166 2913 ἐστί
1179 2864 1232 2911 σοι
1247 2868 1313 2911 non
1322 2845 1619 2933 interrogationem,

310 2970 314 2989 ·
385 2952 473 3035 quod
496 2951 573 3017 olim
598 2951 809 3037 crediderumt,
833 2953 889 3017 sed
910 2954 1181 3019 asseverationem
1201 2975 1278 3037 esse,
1301 2954 1337 3018 in
1354 2974 1454 3038 eaque
1472 2951 1618 3017 oratione

384 3068 469 3141 γοῦν
491 3059 683 3142 particulam
706 3082 801 3123 suum
824 3061 992 3145 proprium
1017 3064 1049 3125 et
1069 3062 1235 3147 vulgarem
1256 3060 1473 3147 significatum
1491 3059 1617 3127 habere.

385 3163 465 3231 Cum
483 3167 569 3231 enim
583 3165 817 3232 Demosthenes
836 3166 899 3231 duo
919 3168 1073 3252 posuerit,
1091 3168 1203 3233 vinum
1217 3172 1340 3253 potare,
1359 3168 1415 3233 sed
1429 3190 1467 3232 eo
1482 3168 1617 3232 consilio

383 3277 420 3338 ut
438 3274 577 3338 salutare
598 3273 721 3358 aliquid
740 3274 933 3359 excogitent,
955 3275 997 3339 ad
1016 3275 1079 3341 duo
1098 3275 1272 3359 respondet
1289 3273 1410 3359 Nicias,
1428 3278 1465 3338 ut
1482 3273 1617 3359 potandi

384 3380 535 3464 quidem
560 3380 709 3465 cupidine
732 3402 805 3445 enm
828 3381 903 3446 duci
926 3403 960 3447 se
983 3382 1092 3449 videre
1116 3383 1216 3465 dicat,
1240 3382 1376 3446 alterum
1399 3385 1507 3446 autem
1530 3379 1617 3465 quod

383 3486 522 3551 voluerit
550 3487 606 3571 qui
633 3486 776 3571 potando
804 3486 889 3552 effici
916 3490 1022 3572 possit
1049 3488 1205 3553 dubitare.
1237 3488 1337 3554 Velut
1361 3486 1560 3573 Strepsiades
1584 3488 1618 3551 in

383 3592 535 3658 Nubibus
558 3592 598 3659 de
619 3593 687 3659 filio
712 3592 806 3680 (884)

544 3700 632 3777 ὅπως
655 3700 692 3766 δ’
714 3701 829 3767 ἐκείνω
852 3704 897 3767 τὼ
921 3704 1008 3784 λόγω
1032 3705 1232 3787 μαθήσεται,

544 3809 604 3873 τὸν
626 3807 793 3893 κρείττον’
815 3809 907 3885 ὅστις
930 3807 1000 3874 ἐστὶ
1023 3808 1078 3874 καὶ
1101 3811 1162 3874 τὸν
1185 3811 1321 3893 ἥττονα,

340 3944 370 3985 τι
544 3913 604 3980 ἐὰν
627 3912 664 3980 dl
687 3919 747 3999 μή,
770 3917 830 3980 τὸν
852 3925 953 3998 γοῦν
976 3918 1095 3982 ἄδικον
1118 3918 1205 4003 πάσῃ
1229 3917 1335 4003 τέχνῃ.

382 4020 434 4085 Ita
452 4020 563 4086 Nicias
585 4021 661 4106 περὶ
684 4031 789 4088 ποτοῦ
813 4031 911 4105 γοῦν
935 4022 1007 4088 ἐστί
1028 4039 1092 4106 σοι,
1112 4026 1141 4089 sl
1163 4024 1207 4109 μὴ
1232 4026 1337 4090 ἄλλου
1354 4027 1445 4101 τινός
1465 4025 1497 4088 h.
1511 4045 1536 4088 e.
1555 4030 1616 4088 τοῦ

474 4287 538 4356 *90)
556 4289 621 4355 περὶ
639 4286 727 4342 πότου
746 4306 771 4341 ν.
787 4293 830 4355 87,
849 4293 886 4359 τῷ
901 4292 940 4362 τῷ
949 4285 1026 4362 πότῳ
1041 4307 1065 4343 v.
1081 4295 1114 4343 97
1131 4290 1258 4344 scribunt
1272 4291 1307 4344 de
1321 4289 1424 4344 Kockii
1437 4292 1467 4345 et
1481 4286 1616 4342 Meinelrii

382 4375 558 4442 coniectura3
577 4394 642 4431 nam
661 4377 824 4444 Zacherum,
843 4378 892 4446 qui
912 4378 948 4430 ad
968 4382 1002 4432 87
1022 4381 1142 4433 adnotat
1159 4378 1259 4452 πότου]
1281 4383 1305 4435 Θ
1323 4387 1411 4435 ποτοῦ
1430 4376 1560 4445 RVPM,
1579 4376 1616 4431 ad

384 4470 417 4519 97
437 4463 513 4521 aas
533 4467 558 4518 A
570 4471 648 4540 ποτῷ
661 4468 770 4536 reliqui,
789 4483 846 4521 non
864 4466 1052 4537 intelligimus
1071 4468 1095 4523 si
1109 4468 1153 4523 his
1168 4469 1339 4523 testimoniis
1353 4468 1418 4538 plus
1431 4468 1519 4521 tribui
1533 4468 1617 4537 putet

382 4570 469 4621 quam
497 4553 633 4609 Meinekii
659 4555 794 4610 Kockiive
822 4555 992 4610 nominibus.
1031 4556 1085 4613 Sed
1110 4556 1280 4629 vulgabatur
1302 4561 1421 4627 utroque
1443 4556 1506 4611 loco
1528 4556 1616 4611 ποτὸν

384 4658 498 4709 nomen,
521 4659 577 4696 non
600 4643 698 4712 πότος,
723 4647 752 4698 et
774 4645 799 4699 si
822 4645 852 4699 in
871 4644 955 4714 Vesp.
975 4645 1080 4699 dicitur
1099 4652 1168 4701 1399
1187 4644 1328 4717 πράγματ’
1351 4643 1387 4701 αὖ
1406 4648 1452 4701 δεῖ
1468 4646 1517 4699 καὶ
1536 4642 1617 4709 δίκας

385 4731 458 4803 ἔχειν
482 4731 531 4787 διὰ
555 4732 603 4786 τὸν
627 4734 677 4788 σὸν
699 4730 792 4799 οἶνοι,
816 4751 873 4788 non
896 4736 972 4787 recte
997 4735 1053 4789 dici
1076 4739 1208 4805 putamus
1226 4734 1253 4791 τί
1266 4732 1338 4791 ποθ’
1360 4736 1432 4805 ἡμᾶς
1450 4733 1561 4805 ἐργάσει
1578 4738 1616 4807 τῷ

385 4823 424 4892 τῷ
442 4825 546 4893 aurp?
565 4824 615 4875 aut
633 4822 657 4875 si
673 4822 753 4876 Plato
773 4822 872 4877 scribit
887 4822 1031 4891 (Πολιτεία
1050 4844 1078 4879 rv
1091 4827 1176 4895 438a)
1190 4826 1285 4889 οὐδεὶς
1298 4833 1385 4881 ποτοῦ
1400 4824 1534 4893 ἐπιθυμεῖ
1546 4822 1616 4878 ἀλλὰ

382 4916 504 4978 χρηστοῦ
523 4918 619 4977 ποτοῦ,
640 4911 779 4965 credimus
798 4911 869 4965 salso
889 4911 975 4965 scribi
993 4915 1058 4981 περὶ
1076 4922 1164 4969 ποτοῦ
1184 4912 1242 4969 ἐστί
1260 4916 1323 4970 cos?
