3967 5725
382 614 448 678 124
569 616 694 667 XXXIX.
714 616 829 667 INDEX
848 615 1065 667 LECTIONUM
1081 614 1315 666 AESTIVARUM
1335 616 1414 666 1894.

379 779 423 843 sit
437 779 466 842 ei
480 780 554 842 roci
567 778 619 842 cui
638 778 781 861 inservit,
800 777 855 842 sed
873 781 911 841 ut
929 781 1032 841 totam
1051 777 1161 860 potius
1180 776 1373 840 sententiam
1392 775 1613 859 amplectetur.

257 928 259 935 ι
312 968 318 980 ·
378 883 500 949 Vemm
528 884 665 949 fortasse
693 885 755 949 erit
783 884 839 968 qui
867 885 901 948 in
928 885 992 947 isto
1023 883 1136 948 ordine
1159 882 1315 946 orationis
1340 902 1412 946 cum
1435 882 1485 946 bis
1509 882 1613 945 seiun-

378 996 497 1079 gantur
516 1013 597 1075 quae
617 992 770 1077 coniungi
789 993 960 1075 oportebat
978 989 1120 1054 offendat
1139 1012 1276 1073 eumque
1294 988 1414 1053 nostris
1432 988 1615 1053 rationibus

379 1120 558 1185 repugnare
581 1099 688 1162 instet.
732 1096 791 1162 cui
815 1098 955 1182 primum
980 1095 1217 1161 concedendum
1241 1099 1290 1160 est
1312 1096 1456 1180 potuisse
1479 1095 1616 1159 haecce

339 1226 342 1233 ’
378 1207 459 1270 serie
483 1204 624 1270 ordinari
649 1227 746 1289 quam
770 1204 929 1269 sententia
952 1202 1169 1285 monstrabat,
1196 1223 1281 1286 repes
1303 1209 1408 1267 tumen
1424 1223 1486 1283 per
1508 1202 1616 1285 efficia

377 1315 594 1377 ministrorum
612 1313 702 1395 runi
720 1313 771 1376 sui
789 1312 937 1376 univesa
955 1316 1120 1387 nocernut;
1139 1310 1194 1373 sed
1214 1309 1301 1393 quod
1319 1308 1417 1373 verba
1429 1331 1490 1391 per
1508 1310 1615 1392 officio

378 1422 602 1498 ministrorum,
631 1420 665 1482 in
689 1418 806 1502 quibus
829 1418 956 1502 pondus
979 1420 1029 1481 est
1053 1418 1238 1495 sententiae,
1266 1416 1371 1480 media
1394 1416 1479 1481 inter
1501 1416 1615 1480 cohae-

376 1527 481 1591 rentia
504 1526 561 1591 illa
584 1528 673 1609 repni
695 1528 746 1591 sui
761 1576 767 1588 .
784 1526 952 1608 universe
976 1524 1169 1609 interposita
1192 1527 1276 1606 sunt,
1298 1545 1365 1588 non
1388 1524 1547 1588 minuitur
1564 1523 1615 1587 vis

377 1633 434 1699 sed
461 1632 642 1717 extollitur3
672 1636 704 1696 et
727 1632 871 1696 videmus
895 1631 1074 1695 Minucium
1102 1631 1229 1715 saepius
1259 1630 1433 1695 secundum
1462 1652 1572 1695 casum
1595 1652 1615 1693 a

338 1764 365 1804 ro
379 1762 437 1806 suo
457 1740 586 1805 nomine
605 1739 806 1823 interpositis
822 1738 894 1801 eliis
912 1759 979 1802 non
999 1737 1182 1803 inconsulto
1202 1759 1358 1821 separare,
1377 1738 1466 1801 velut
1485 1736 1615 1821 e.19‚4

376 1849 462 1912 vides
479 1846 658 1929 philosophi
674 1846 869 1928 principalis
895 1842 1054 1910 nobiscum
1075 1846 1205 1926 penitus
1231 1845 1407 1926 opinionem
1438 1864 1614 1923 musonem,
1663 1874 1670 1888 ·

377 1957 434 2018 aut
457 1954 578 2018 ibidem
605 1953 646 2017 14
669 1973 748 2035 pune
770 1958 833 2017 totu
856 1958 932 2017 esset
949 1952 1087 2016 caelestis
1104 1952 1170 2015 nisi
1181 1953 1400 2033 persuasionis
1417 1952 1521 2015 civilis
1537 1972 1614 2015 nou

376 2082 549 2143 numquam
577 2060 771 2125 admixtione
797 2060 987 2124 sordesceret.
1035 2057 1122 2135 Quae
1151 2058 1297 2143 vulgaria
1325 2060 1400 2121 sunt
1427 2057 1614 2141 neminique

378 2168 594 2252 suspicionem
618 2170 760 2250 movent,
782 2168 882 2231 immo
906 2166 1044 2229 fortasse
1068 2168 1105 2229 ut
1128 2165 1257 2251 egregie
1275 2164 1415 2229 formata
1433 2164 1613 2229 laudantur.

377 2274 442 2339 Sed
464 2276 549 2339 idem
573 2296 646 2339 eum
671 2274 835 2358 scripserit
859 2270 1027 2359 (putamus
1047 2273 1132 2337 enim
1152 2269 1334 2357 scripsisse)
1358 2293 1383 2335 c.
1401 2270 1486 2354 18,ss
1507 2273 1616 2353 pencri

377 2388 405 2446 ct
425 2384 522 2446 soceri
550 2381 629 2445 bellu
656 2387 715 2446 toto
742 2381 813 2445 erbe
840 2381 962 2462 diffuso
988 2384 1074 2458 sunt,
1102 2384 1130 2443 et
1159 2386 1225 2443 turn
1248 2380 1359 2459 rnopni
1387 2380 1514 2459 imperii
1537 2379 1615 2443 duos

374 2492 504 2571 fortune
534 2509 597 2553 non
624 2490 713 2568 cepit,
745 2486 914 2552 novissimi
943 2509 982 2550 ex
1010 2486 1167 2550 arbitratu
1195 2486 1382 2550 vetustioris
1410 2485 1615 2569 praecipiunt

377 2596 522 2659 ordinem
541 2594 732 2658 mutandum
753 2616 830 2679 esse,
849 2600 914 2658 turn
934 2594 1044 2675 crepui
1062 2594 1190 2674 imperii
1205 2594 1336 2673 fortuna
1355 2592 1432 2656 duos
1449 2613 1513 2656 nou
1527 2594 1613 2673 cepit.

378 2701 519 2779 Quidni?
543 2702 691 2765 Lucanus
711 2702 756 2765 eit
771 2698 798 2788 (1
816 2696 893 2787 111)
914 2700 987 2764 Non
1006 2702 1086 2781 cepit
1099 2703 1230 2782 fortuna
1249 2700 1333 2778 duos,
1352 2703 1385 2764 et
1398 2697 1515 2763 Florus
1529 2716 1555 2762 11
1572 2698 1613 2763 13

336 2833 363 2874 so
377 2805 422 2895 (p.
438 2808 525 2890 96‚2
548 2804 653 2894 lehn.)
682 2813 843 2891 tompunrn
871 2808 949 2873 duos
975 2809 1058 2872 tenti
1085 2808 1212 2889 imperii
1237 2806 1367 2888 fortune
1394 2827 1457 2872 uon
1486 2803 1613 2890 cuperet.

376 2916 437 2981 His
467 2915 551 2980 enim
578 2915 659 2979 locis
687 2917 756 2999 ipse
785 2915 863 2980 adeo
887 2913 1037 2978 Halmius
1065 2936 1143 2978 usus
1171 2909 1221 2978 est
1246 2917 1283 2978 nt
1305 2916 1401 2978 istam
1425 2915 1612 2997 opinionem

376 3023 567 3089 sublevaret.
608 3022 732 3086 Eamne
756 3023 858 3107 igitur
880 3022 921 3086 ob
941 3043 1072 3086 oausam
1091 3020 1234 3085 Minucio
1253 3043 1319 3085 non
1337 3021 1454 3084 licebat
1474 3021 1613 3085 scribere

375 3137 442 3195 turn
465 3131 575 3212 rnupni
601 3130 729 3211 imperii
759 3130 836 3193 duos
860 3130 991 3209 fortune
1014 3149 1077 3192 uon
1100 3130 1190 3209 cepit,
1219 3131 1251 3191 et
1282 3127 1368 3192 docti
1396 3127 1543 3192 homines
1571 3149 1612 3190 ne

377 3240 521 3302 sentiunt
546 3236 674 3320 quidem
700 3257 757 3300 cur
779 3235 842 3300 hoc
864 3236 918 3299 ille
942 3234 1115 3298 maluerit?
1156 3233 1219 3310 Qui
1243 3237 1271 3299 si
1294 3235 1357 3298 sibi
1381 3235 1612 3317 constitissent,

376 3344 512 3409 eundem
535 3347 645 3408 vetare
668 3341 829 3406 debebant
851 3342 991 3406 scribere
1015 3364 1096 3425 quae
1116 3363 1141 3405 c.
1157 3342 1241 3426 29,1
1267 3342 1422 3428 leguntur
1443 3342 1533 3406 nobis
1549 3362 1613 3406 nen
1627 3346 1666 3400 17

376 3453 444 3516 licet
466 3470 522 3514 nec
543 3450 668 3528 audire,
697 3451 791 3514 etiarn
813 3449 960 3531 pluribrts
988 3455 1077 3530 turpe
1099 3449 1262 3529 decuere
1283 3453 1343 3513 est:
1370 3451 1500 3532 poterat
1527 3450 1612 3513 enim

376 3560 472 3622 utcu
484 3557 633 3638 plenitus
651 3557 813 3637 defendere
829 3562 918 3638 turpe
935 3562 987 3641 est,
1012 3555 1068 3619 sed
1086 3556 1240 3620 attentius
1259 3555 1389 3619 rimanti
1408 3577 1475 3619 non
1494 3559 1612 3619 temere

376 3663 538 3729 videbitur
568 3663 648 3727 illud
679 3663 815 3727 alterum
847 3666 921 3727 ante
950 3662 1112 3745 habuisse,
1140 3683 1207 3725 non
1237 3656 1341 3746 magis
1372 3684 1469 3744 quam
1501 3660 1611 3726 Cicero

376 3769 489 3857 (Aced.
508 3775 633 3856 postu
653 3767 801 3856 34‚108)
824 3771 879 3835 sed
901 3770 984 3835 breui
1006 3791 1056 3834 res
1077 3775 1178 3851 petest
1200 3773 1262 3832 tote
1290 3769 1399 3851 confici
1428 3769 1611 3834 inconsulto

336 3909 363 3948 u
378 3879 507 3963 scripsit
531 3899 603 3942 cum
627 3881 737 3962 posset
760 3879 814 3942 sed
841 3877 924 3942 brevi
944 3882 1046 3958 potest
1072 3897 1122 3940 res
1148 3881 1211 3939 totu
1234 3875 1355 3957 confici,
1386 3881 1443 3940 aut
1470 3874 1523 3964 (de
1546 3878 1611 3940 net.

377 3985 462 4049 deor.
478 4002 490 4048 1
505 3985 559 4071 33,
574 3981 632 4071 91)
652 3985 731 4049 uuiti
749 3985 873 4067 quiden
893 3984 1053 4049 admirari
1072 3982 1184 4047 luberet
1202 3984 1238 4046 iu
1256 3982 1380 4046 homine
1393 4003 1456 4048 csse
1469 3983 1613 4049 Remum

376 4096 498 4156 tanturn
521 4094 692 4157 scientium.
739 4090 802 4156 Sed
824 4091 904 4156 haec
927 4089 1012 4155 levia
1035 4092 1124 4154 sunt:
1148 4090 1279 4174 gravius
1302 4089 1392 4172 illud,
1416 4090 1503 4173 quod
1526 4089 1613 4174 apud

376 4195 555 4261 Minucium
580 4221 660 4282 quae
683 4197 836 4284 leguntur
856 4220 880 4261 c.
896 4198 948 4276 30,
962 4198 984 4260 4
1004 4199 1123 4262 Tauris
1140 4199 1235 4261 diurn
1255 4197 1397 4262 Ponticis
1415 4204 1443 4261 et
1459 4199 1613 4280 Aeppptio

376 4303 524 4368 Busiridi
546 4306 628 4370 ritus
647 4307 712 4386 fuit
733 4305 867 4386 hospites
890 4304 1060 4386 innotare,
1083 4310 1111 4368 et
1135 4304 1296 4368 Mercurio
1322 4304 1432 4370 Gullos
1454 4305 1614 4369 humanos

376 4411 423 4475 ccl
450 4410 680 4498 inhumanum)
708 4413 852 4476 triclinius
879 4412 1014 4489 caedue,
1044 4410 1185 4475 Romani
1215 4410 1371 4476 Graccum
1397 4418 1426 4475 et
1456 4411 1612 4478 Graecum

466 4603 530 4674 *35)
549 4603 661 4659 Halmio
680 4605 824 4660 verberet
843 4605 1011 4660 irdtuntanos
1029 4605 1160 4672 suspecta
1180 4606 1260 4657 erant
1274 4604 1309 4658 de
1323 4603 1501 4674 glossemate,
1519 4619 1614 4673 neque

375 4693 573 4764 improbarunt
595 4693 771 4764 posteriores.
800 4693 941 4749 Videntur
958 4693 1052 4746 lusum
1071 4709 1127 4746 non
1146 4693 1335 4762 perspexisse:
1354 4694 1492 4748 dumanas
1508 4695 1613 4748 tostius

375 4783 470 4838 Livius
491 4783 564 4838 dixit
577 4782 639 4837 loco
654 4799 739 4852 supra
753 4781 850 4850 allato,
869 4783 939 4837 item
953 4781 1104 4835 Sallustius
1119 4781 1149 4835 in
1164 4799 1201 4835 or.
1217 4781 1314 4851 Lepid.
1331 4789 1364 4837 14
1378 4783 1462 4836 simul
1474 4783 1614 4838 teutonas

374 4875 478 4930 nuum
500 4873 621 4939 vidistin
645 4871 785 4927 humanae
807 4874 901 4927 autem
920 4871 1029 4926 hostiae
1048 4869 1092 4924 vel
1111 4870 1243 4926 victimae
1263 4870 1395 4926 dicuntur
1413 4871 1541 4925 homines
1561 4870 1612 4938 qui
