3967 5725
521 649 571 698 DE
589 648 752 698 VERGILII
770 647 932 698 CARMINE
949 647 1136 698 BUOOLIOO
1155 647 1228 700 VIII.
1247 648 1338 699 DISP.
1353 649 1389 700 11.
1528 645 1593 710 535

362 809 395 871 in
417 808 504 873 idem
527 809 614 891 quod
637 812 731 872 antea
753 808 864 892 posuit
886 808 1127 874 hemistichium
1150 809 1284 874 nedelis
1305 815 1339 874 tu
1361 829 1478 890 quoque
1496 815 1595 874 muter

361 936 472 980 rursus
500 916 645 997 recurrit,
674 916 761 998 quod
784 915 946 999 plerisque
970 915 1140 991 offensioni
1163 915 1235 1000 fuit,
1262 905 1345 981 nihil
1368 915 1442 981 miri
1466 937 1551 999 esse,
1567 917 1594 980 si

298 1073 307 1085 .
362 1023 435 1105 quis
458 1021 597 1106 Vergilii
625 1021 713 1105 quod
741 1044 779 1087 00
802 1026 947 1105 tempore
969 1022 1070 1086 fuerit
1093 1021 1305 1105 ‘emphaseos’
1331 1023 1473 1086 studium
1496 1024 1594 1088 etiam

360 1152 390 1193 v.
408 1128 494 1209 1-4
508 1130 718 1212 conspicuum
734 1129 995 1194 consideraverit:
1011 1129 1164 1193 nimirum
1179 1129 1364 1213 interpretis
1378 1129 1506 1194 inscitia
1521 1151 1594 1195 con·

362 1237 498 1300 vertitur
521 1236 554 1298 in
578 1237 704 1319 culpam
727 1239 849 1320 poetae.
886 1235 975 1300 Haec
995 1237 1050 1320 qui
1068 1235 1230 1300 rettulerit
1249 1236 1289 1299 ad
1307 1236 1404 1300 verba
1422 1236 1543 1320 scripta
1562 1237 1594 1300 in

360 1342 467 1426 libris,
494 1343 580 1407 ultro
608 1343 782 1427 perspiciet
810 1365 906 1427 quam
933 1345 1031 1428 longe
1059 1342 1137 1407 haec
1165 1342 1273 1407 absint
1302 1348 1358 1407 aut
1381 1366 1399 1406 a
1422 1343 1595 1408 verborum

361 1451 395 1513 vi
423 1450 661 1533 simplicissima
688 1453 744 1514 aut
772 1472 791 1512 a
818 1450 1049 1515 sententiarum
1076 1450 1180 1514 forma
1202 1452 1235 1513 01
1257 1449 1419 1533 iunctura,
1447 1449 1594 1533 denique,

362 1557 449 1640 quod
473 1579 632 1621 summum
656 1561 733 1639 erat,
755 1579 775 1620 a
798 1561 910 1621 cantus
935 1557 1079 1621 consilio.

452 1662 588 1728 Restant
611 1664 675 1728 duo
698 1664 760 1727 viri
784 1664 881 1748 docti,
909 1685 1046 1747 quorum
1070 1663 1244 1728 sententias
1268 1663 1380 1728 afferre
1403 1664 1502 1747 iuvat,
1529 1663 1594 1746 pri-

361 1793 451 1835 mum
474 1769 635 1836 Francisci
660 1769 840 1851 Skutschii,
873 1771 929 1853 qui
960 1772 996 1834 in
1028 1770 1260 1834 iucundissimo
1290 1770 1401 1836 libello
1430 1792 1526 1854 quem
1555 1770 1593 1835 de
1608 1798 1633 1838 10

361 1877 501 1963 Vergilii
524 1878 741 1942 adulescentia
763 1877 864 1942 edidit
881 1875 997 1963 (1901)
1013 1899 1086 1941 oum
1104 1880 1236 1963 negaret
1251 1875 1370 1941 Culicis
1384 1898 1513 1942 versum
1527 1877 1592 1942 202

523 1985 588 2050 Sed
608 1991 642 2049 tu
665 1985 807 2063 0111110111,
831 1983 1022 2048 0111011011
1046 1987 1156 2066 mucis,
1184 1983 1307 2064 Orpheo

362 2114 402 2156 011
419 2094 539 2156 nostris
558 2091 704 2157 versibus
724 2112 909 2174 expressum
930 2111 1008 2172 esse,
1025 2089 1086 2154 hos
1105 2091 1138 2156 in
1157 2090 1243 2154 hunc
1262 2090 1392 2155 modum
1407 2092 1595 2176 perscripsit

362 2195 504 2285 (1128)

522 2306 636 2371 Saevos
654 2306 756 2370 Amor
778 2306 882 2369 docuit
903 2311 1049 2370 1101011101
1071 2308 1225 2389 scapulae
1250 2313 1381 2372 matrem

524 2412 760 2478 Commendare
782 2432 905 2478 manus.
942 2413 1076 2478 0111110110
1099 2418 1277 2494 1101100110,
1301 2420 1408 2494 muter,

525 2519 668 2584 Crudelis
690 2526 798 2604 mater,
821 2522 925 2602 mapis
947 2525 988 2584 ut
1004 2541 1086 2601 puer
1108 2521 1266 2602 improbus
1290 2521 1348 2600 ille,

522 2627 689 2709 Improbus
710 2627 870 2709 1110011ον,
894 2627 1028 2692 medelis
1050 2633 1084 2692 tu
1106 2649 1223 2710 quoque
1245 2634 1352 2707 muter,

361 2740 480 2820 spreta,
506 2740 544 2799 ut
566 2757 627 2820 par
648 2739 725 2818 erat,
753 2734 927 2800 Ribbeckii
951 2734 1168 2818 distinctione,
1199 2735 1237 2798 de
1261 2757 1325 2819 qua
1348 2759 1445 2820 supra
1468 2738 1595 2821 scripsi-

360 2865 442 2927 mus,
472 2842 529 2908 sed
556 2866 630 2909 cum
659 2842 770 2908 eodem
798 2846 927 2927 recepta
950 2848 984 2907 at
1006 2842 1165 2926 particula
1187 2864 1246 2928 pro
1271 2864 1323 2927 aa,
1351 2848 1493 2908 extremo
1518 2867 1593 2911 vero
1608 2872 1635 2911 1ο

360 2971 464 3033 versu,
492 2972 587 3033 quem
610 2950 808 3015 Ribbeckius
836 2951 935 3014 simul
963 2972 1036 3014 cum
1065 2952 1208 3016 correcto
1232 2951 1339 3032 priore
1363 2951 1504 3035 sustulit,
1532 2974 1594 3017 scr-

359 3061 445 3121 1010.
483 3057 678 3123 Dubitamus
697 3079 794 3141 quam
812 3062 900 3123 recte
918 3058 980 3122 hoc
1000 3057 1189 3121 instituerit:
1212 3056 1276 3120 ista
1295 3059 1380 3121 enim
1399 3060 1593 3123 asseveratio

360 3186 458 3248 quam
481 3164 670 3230 emendandi
694 3187 791 3247 opera
813 3164 939 3248 peperit
962 3163 1096 3227 crudelis
1118 3168 1225 3240 mater,
1256 3165 1358 3245 010911
1381 3168 1594 3245 0101101101-

354 3272 473 3354 probus
494 3272 547 3337 ille
568 3293 627 3336 nec
651 3272 713 3336 sibi
736 3270 811 3334 addi
835 3272 1008 3354 quicquam
1032 3268 1234 3333 desiderabat
1257 3273 1289 3333 01
1313 3290 1393 3352 quae
1412 3270 1594 3353 insequitur

360 3379 552 3444 sententiam
575 3380 631 3442 vix
653 3377 838 3461 recipiebat,
862 3398 943 3460 quae
965 3376 1005 3439 ab
1025 3377 1082 3439 illa
1099 3376 1134 3439 in
1153 3397 1277 3439 summa
1296 3376 1508 3441 similitudine
1526 3398 1594 3442 non

359 3487 474 3551 leviter
493 3487 631 3579 discreta
650 3490 707 3567 est,
726 3484 818 3567 quasi
837 3505 877 3548 ex
895 3484 959 3547 alio
979 3503 1043 3565 quo
1063 3486 1174 3546 tenore
1192 3481 1390 3567 deprompta.
1423 3482 1592 3571 Pergimus

359 3593 461 3678 igitur
480 3615 574 3657 versu
594 3596 738 3655 extremo
757 3595 840 3661 teste
859 3591 908 3655 uti
927 3611 992 3673 quo
1011 3593 1092 3653 teste
1112 3590 1317 3655 confirmetur
1335 3591 1478 3674 priorem
1495 3614 1593 3676 prave

291 3710 294 3716 '
359 3703 538 3764 correctum
561 3721 639 3781 esse,
663 3720 701 3762 ac
723 3698 860 3762 fortasse
882 3697 978 3761 nobis
1002 3697 1177 3781 continget,
1200 3700 1238 3760 ut
1260 3698 1331 3761 viro
1349 3702 1444 3763 acuto
1463 3720 1593 3783 persua-

361 3805 490 3870 deamus
518 3809 692 3887 utrumque
720 3827 833 3868 sanum
861 3825 898 3868 ac
926 3804 1049 3867 salvum
1079 3824 1161 3887 esse,
1190 3803 1287 3868 modo
1311 3808 1396 3869 10010
1419 3808 1591 3869 enarretur.

448 3910 486 3974 ln
505 3912 639 3975 alteram
659 3916 792 3993 partem,
815 3911 843 3975 si
863 3911 941 3994 quid
960 3910 1125 3995 sentimus,
1146 3908 1304 3996 Georgius
1322 3910 1418 3975 Thilo
1433 3912 1592 3996 peccavit,
1606 3938 1632 3978 ao

359 4039 386 4081 a.
410 4018 495 4084 1886
515 4018 661 4104 Vergilio
686 4019 815 4103 egregia
837 4021 905 4082 arte
929 4018 1015 4081 edito
1040 4039 1110 4081 cum
1136 4017 1240 4082 tribus
1263 4017 1409 4081 versibus
1433 4018 1593 4083 01111110-

359 4148 431 4189 rum
450 4124 605 4190 memoria
623 4125 809 4210 perscriptis
829 4129 980 4209 quartum
996 4122 1068 4211 (50)
1088 4124 1218 4189 adderet
1236 4124 1293 4189 sed
1310 4124 1402 4189 uncis
1422 4124 1590 4190 seclusum.

359 4232 492 4299 Utinam
523 4232 694 4297 delevisset
720 4253 847 4297 versum
875 4252 971 4315 quem
999 4231 1138 4297 alienum
1167 4254 1185 4295 a
1212 4234 1309 4314 poeta
1336 4229 1489 4296 habebat:
1516 4254 1591 4296 nam

358 4362 446 4406 nunc
471 4340 592 4425 legitur
619 4339 767 4423 quamvis
795 4340 945 4403 cancellis
972 4338 1235 4422 circumscriptus
1264 4341 1296 4401 et
1321 4337 1408 4402 follit
1429 4338 1591 4423 legentem

307 4461 343 4516 11
358 4451 396 4512 ut
418 4470 485 4512 non
508 4447 626 4512 sentiat
647 4469 743 4530 quam
762 4467 860 4531 grave
878 4444 1119 4509 incommodum
1137 4444 1275 4528 accipiat
1293 4443 1397 4509 oratio
1416 4444 1478 4508 hoc
1497 4464 1591 4508 versu

360 4554 500 4620 inducto.
546 4553 599 4617 An
630 4575 697 4617 non
728 4552 935 4617 manifestum
967 4554 1016 4615 est
1046 4572 1112 4615 non
1138 4550 1281 4635 potuisse
1310 4551 1443 4615 subsisti
1469 4550 1504 4615 in
1530 4549 1591 4614 hac

358 4660 611 4746 interrogatione

522 4766 665 4833 0111110111
688 4772 788 4831 muter
810 4767 921 4848 mapsa,
945 4786 989 4829 aa
1005 4785 1088 4847 puer
1110 4765 1269 4846 improbus
1291 4764 1366 4829 ille?

359 4874 416 4938 sed
429 4877 523 4956 certe,
540 4894 581 4937 ne
595 4873 679 4938 ratio
695 4872 839 4939 canentis
854 4871 1025 4954 excideret,
1043 4870 1166 4955 aliquid
1180 4873 1327 4957 responsi
1341 4871 1590 4957 exspectandum
