3967 5725
752 599 802 648 nn
821 598 996 649 vnnsrnus
1013 598 1195 649 nuunurs.
1309 604 1313 611 ·
1546 594 1590 659 39

353 759 514 843 portatis,
547 773 693 843 quorum¹
713 781 788 843 pars
819 759 922 823 maior
948 758 1057 823 Latini
1088 757 1228 823 nominis
1260 760 1486 841 sociorumque
1513 763 1590 840 erat,

358 868 393 937 in
421 866 564 931 conciliis
587 866 823 949 *fremebautum
851 866 1003 933 Menum
1029 886 1150 930 anuum
1173 866 1344 944 dilectebus,
1371 865 1538 948 stipendiis
1558 886 1592 930 se

351 973 520 1038 abundos
546 994 624 1049 esea·
656 974 823 1055 quotannis
848 974 946 1054 ferme
973 973 1061 1036 elude
1087 992 1205 1054 meque
1226 993 1388 1055 macra
1420 973 1519 1037 ulios
1550 974 1591 1036 iu

352 1082 438 1161 acic
460 1081 591 1158 occidi,
619 1080 718 1145 ulios
740 1079 860 1147 morbo
884 1080 1046 1156 ubecmi;
1075 1080 1177 1161 iuopia
1192 1080 1300 1161 perire
1321 1080 1383 1143 sibi
1404 1081 1513 1157 avem,
1535 1080 1591 1160 qui

352 1188 397 1251 ob
420 1188 564 1252 Remum
587 1187 677 1252 mites
698 1188 792 1275 lectus
812 1188 856 1252 sit
876 1208 971 1269 quam
994 1189 1050 1269 qui
1072 1187 1112 1251 ob
1136 1186 1241 1252 Poeno
1263 1192 1388 1267 coptus:
1415 1188 1529 1268 quippe
1550 1186 1591 1250 ob

351 1294 439 1357 leode
463 1295 565 1375 protis
591 1296 708 1359 remitti
736 1295 771 1358 iu
787 1296 945 1375 patric-ru,
973 1294 1014 1358 ab
1036 1294 1193 1359 fflmuuis
1214 1300 1303 1358 eabe
1326 1294 1459 1358 Italiam
1481 1295 1518 1357 iu
1539 1313 1591 1357 ca·

352 1400 465 1465 silium
487 1402 590 1466 ouius
612 1422 707 1483 qaum
730 1404 766 1465 e'u
789 1402 939 1466 militium
962 1402 1114 1483 ubtepceu',
1137 1400 1217 1466 haec
1240 1422 1314 1465 vere
1337 1401 1383 1465 ita
1406 1404 1593 1483 comparata

352 1511 433 1575 eunt
455 1512 491 1572 ut
509 1507 676 1573 Enniauae
700 1509 876 1575 sententiae
895 1512 1062 1592 peraptum
1081 1508 1207 1592 aperire
1225 1506 1332 1573 locum
1351 1508 1486 1591 possint.
1528 1503 1591 1570 Ita-

352 1636 418 1697 que
451 1616 576 1699 ineptas
610 1615 740 1698 quidem
772 1615 957 1682 criticorum
991 1616 1159 1699 opiniones
1187 1617 1351 1699 aspernari
1378 1614 1502 1697 licebit,
1534 1614 1594 1678 sed·

352 1725 462 1785 tamen
485 1743 612 1786 versum
628 1722 748 1806 ipsum,
772 1724 863 1789 cuius
880 1744 946 1795 non
964 1745 1062 1788 unam
1082 1722 1137 1787 sed
1155 1724 1264 1806 plures
1284 1723 1467 1788 occasiones
1486 1725 1632 1787 osten-1⁰

354 1828 461 1894 dimus
484 1829 555 1913 pari
578 1851 678 1913 paene
700 1829 981 1913 improbabiles,
1004 1851 1072 1894 non
1089 1830 1146 1893 uni
1164 1829 1249 1894 libro
1269 1834 1356 1894 certo
1375 1828 1589 1893 attribuemus

353 1936 411 1999 sed
434 1937 465 2000 in
486 1937 617 2001 incertis
635 1936 718 2000 ferre
736 1957 915 2022 pergemus.
957 1935 1027 2001 Nec
1045 1958 1121 2001 vero
1141 1937 1210 2019 erit,
1235 1935 1412 2021 opinamur,
1436 1935 1492 2019 qui
1511 1934 1592 1999 haec

352 2064 374 2107 a
405 2044 500 2107 nobis
532 2044 691 2107 inutiliter
724 2065 793 2108 esse
827 2044 1006 2125 composita
1032 2047 1161 2129 arguat,
1193 2044 1310 2127 quibus
1338 2047 1455 2107 natura
1481 2047 1590 2107 tamen

353 2150 521 2216 Ennianus
548 2151 723 2216 sententiae
751 2151 911 2216 aestimari
939 2158 1026 2215 recte
1048 2152 1201 2234 potuerit.
1243 2148 1395 2234 Quisquis
1419 2150 1504 2214 enim
1527 2150 1591 2213 fuit

352 2260 412 2341 qui
434 2258 514 2324 haec
532 2259 663 2343 dixerit,
687 2280 725 2322 ex
749 2259 894 2323 oratione
914 2279 955 2322 ea
978 2262 1106 2341 sumpta
1121 2261 1199 2321 'esse
1224 2261 1256 2321 et
1279 2278 1343 2340 qua
1366 2261 1472 2321 mente
1496 2256 1530 2320 in
1553 2279 1590 2322 ea

350 2367 499 2431 oratione
523 2366 607 2431 elata
626 2366 751 2430 'fuerint
774 2367 838 2429 iam
861 2365 985 2448 liquido
1009 2369 1154 2454 apparet,

365 2514 368 2527 ·
444 2473 473 2537 2.
507 2471 675 2538 Secundus
698 2472 792 2537 nobis
815 2477 884 2537 esto
908 2494 1019 2536 versus
1043 2470 1139 2558 (160)

516 2580 616 2645 Nobis
637 2581 721 2645 aude
741 2581 843 2662 forent
863 2580 985 2661 fredus
1007 2580 1146 2661 citaeque
1162 2600 1375 2661 propopmcm

353 2700 457 2771 quem
478 2685 620 2771 Nonius,
648 2688 705 2770 qui
733 2687 821 2751 solus
849 2690 899 2750 est
927 2687 995 2751 eius
1024 2691 1149 2768 auctor,
1181 2687 1230 2750 bis
1259 2686 1369 2751 attulit
1398 2684 1470 2774 (64,
1490 2687 1533 2751 32
1557 2691 1594 2751 et·

330 2810 342 2856 r
355 2794 430 2878 221,
449 2790 484 2880 9)
508 2793 633 2859 levibus
658 2793 786 2877 quidem
809 2794 943 2857 maculis
967 2816 1132 2879 aspersum
1151 2793 1207 2858 sed
1225 2798 1262 2857 ut
1280 2815 1355 2857 vera
1374 2798 1406 2857 et
1424 2795 1590 2879 primitiva
1603 2823 1631 2862 eo

314 2904 460 2966 cforma
482 2924 593 2966 versus
616 2902 768 2987 ambigua
790 2923 859 2966 esse
882 2923 947 2965 non
966 2903 1078 2986 possit.
1115 2902 1200 2966 Nam
1218 2924 1277 2967 nos
1296 2923 1336 2966 ne
1355 2924 1442 2968 nunc
1460 2902 1589 2986 quidem

346 3030 555 3091 propoymcu,
585 3010 675 3074 ouius
698 3010 769 3073 loco
793 3008 962 3073 novissimi
985 3007 1084 3072 Ennii
1108 3008 1246 3073 editores
1263 3030 1427 3091 propoyen
1450 3010 1501 3074 edi
1524 3033 1590 3074 me-

351 3116 490 3200 luerunt,
514 3115 728 3181 abiiciendum
751 3119 913 3200 putamus,
936 3117 1024 3199 quod
1045 3120 1077 3180 et
1095 3115 1195 3180 Nonii
1214 3117 1371 3181 librorum
1391 3117 1519 3182 indiciis
1537 3119 1589 3181 fir·

352 3227 458 3288 matur
480 3244 540 3287 nec
563 3222 749 3288 destituitur
770 3223 904 3300 ratione,
928 3245 1025 3307 quem
1043 3222 1268 3287 Lachmannus
1292 3222 1346 3309 (ad
1363 3223 1508 3288 Lucum
1522 3223 1587 3287 613

245 3350 248 3355 ·
349 3354 382 3416 p.
401 3331 466 3395 382
477 3329 516 3416 s.)
540 3330 702 3415 congestis
726 3330 945 3415 compluribus
969 3331 1038 3394 eius
1056 3330 1179 3394 formae
1197 3330 1384 3395 nominibus
1404 3330 1587 3397 declaravit.

349 3437 400 3501 De
424 3439 583 3502 sententia
606 3441 637 3500 et
661 3437 735 3500 sede
758 3459 868 3502 versus
892 3459 951 3502 nee
976 3435 1141 3515 Columna,
1165 3437 1221 3520 qui
1244 3437 1380 3501 mirifice
1403 3439 1438 3502 in
1461 3459 1498 3501 eo
1523 3437 1589 3502 alu·

348 3546 477 3609 dinatus
506 3547 568 3628 est,
596 3545 766 3627 quicquam
794 3543 963 3628 probabile
978 3543 1102 3608 'attulit
1130 3566 1188 3608 nee
1211 3546 1325 3627 nuperi
1349 3544 1502 3624 editores,
1531 3545 1588 3626 qui

348 3656 480 3734 uersum
500 3652 533 3715 in
552 3634 682 3716 incertis
702 3640 865 3714 annalium
884 3656 1050 3716 recensent
1067 3651 1191 3715 deloco
1208 3653 1319 3715 securi.
1356 3650 1449 3716 Unus
1465 3650 1590 3715 Merula

349 3759 391 3822 de
417 3740 489 3823 hoc
511 3779 639 3843 quoque
667 3780 761 3822 versu
789 3757 925 3842 protulit
953 3779 1019 3822 non
1046 3759 1216 3843 indignum
1244 3758 1331 3841 quod
1358 3758 1588 3843 perpendatur,

348 3846 446 3950 quem
465 3865 521 3930 ille
540 3865 703 3930 annalium
722 3867 837 3948 quarto
857 3864 1054 3948 adscriptum
1072 3863 1107 3928 L.
1127 3862 1270 3940 Quinctii
1290 3864 1472 3929 Cincinnati
1490 3865 1588 3932 verba
1602 3892 1630 3932 eo

348 3972 392 4037 ab
413 3976 531 4037 aratro
562 3971 603 4035 ad
631 3971 866 4055 suscipiendam
897 3971 1090 4035 dictaturam
1117 3973 1223 4036 vocati
1252 3971 1293 4058 (a.
1313 3996 1343 4036 u.
1363 3970 1442 4058 296)
1470 3972 1589 4037 referre

348 4081 497 4144 coniecit.
544 4078 615 4158 Qua
642 4081 673 4142 in
703 4101 737 4143 re
765 4077 907 4160 Livium,
939 4099 1034 4161 quem
1061 4099 1127 4142 non
1157 4079 1317 4158 nominat,
1351 4082 1513 4144 auctorem
1541 4101 1589 4142 se·

349 4187 476 4270 quitur,
509 4187 598 4250 ouius
631 4185 728 4250 verba
762 4188 833 4250 cum
866 4184 1016 4249 libertate
1048 4185 1186 4268 quadam
1214 4187 1254 4249 ad
1282 4208 1373 4249 suam
1402 4180 1587 4270 opinionem

349 4293 585 4360 stabiliendam
605 4292 771 4358 convertit.
813 4291 931 4360 Livius
952 4295 1074 4373 autem,
1103 4292 1194 4356 cuius
1223 4293 1320 4356 verba
1346 4294 1442 4377 plene
1470 4292 1589 4356 adseri·

352 4399 455 4465 benda
479 4400 642 4484 duximus,
670 4398 749 4463 haec
772 4400 925 4481 11126,l
951 4400 1057 4464 tradit.
1104 4398 1222 4480 Operae
1238 4401 1378 4481 pretium
1401 4405 1446 4466 eet
1467 4399 1587 4477 cedde,

348 4509 406 4588 qui
433 4509 541 4572 omniu
562 4528 645 4589 prce
672 4507 793 4572 divitiis
820 4506 961 4570 humeae
987 4512 1139 4588 upupam
1159 4527 1255 4589 aeque
1276 4508 1386 4572 buceri
1409 4526 1522 4588 uzopuo
1545 4507 1589 4571 lo

349 4633 423 4678 cum
449 4634 545 4696 aeque
572 4615 681 4678 uirtuti
697 4619 814 4694 puteat
837 4633 899 4677 esse
921 4615 986 4678 uisi
1008 4614 1063 4678 obi
1086 4616 1181 4696 effuse
1203 4614 1343 4705 effluunt
1364 4611 1489 4698 opes*):
1519 4634 1589 4694 spes

442 4841 507 4910 *37)
526 4842 590 4897 Non
614 4843 770 4897 omittimus
795 4842 930 4897 adnotare
953 4841 1020 4897 huic
1044 4843 1171 4909 exordio,
1195 4843 1241 4897 cui
1259 4843 1342 4912 quusi
1361 4838 1482 4908 exempli
1493 4855 1589 4903 ⁴causa
