3967 5725
584 634 683 684 Accn
700 635 750 683 DE
769 633 969 684 COMOEDIIS
988 633 1180 684 PLAUTINIS
1199 634 1376 685 MEMORIA.
1539 631 1603 694 411

371 796 517 861 Maecius
539 798 624 859 esset
646 796 809 860 Maeuium
833 795 941 859 Titum
964 795 1150 879 appellaret.
1187 793 1272 859 Illud
1296 798 1407 860 eontra
1431 795 1606 881 ambigitur

369 903 476 986 hodie,
499 901 634 967 Plautus
657 901 795 966 fueritne
819 922 929 966 revera
948 902 1041 966 Titus
1058 902 1205 967 Moesius
1227 905 1260 966 et
1283 903 1330 967 its
1352 902 1533 987 appellatus
1553 903 1605 987 sit,

369 1015 403 1075 et
424 1009 491 1075 Leo
520 1011 650 1094 quidem
677 1030 743 1075 nou
771 1031 790 1072 s
814 1009 939 1074 Maecio
964 1009 1035 1074 Tito
1059 1010 1167 1074 Maus
1191 1010 1258 1074 Titi
1285 1010 1341 1074 sed
1367 1032 1386 1073 s
1408 1029 1510 1074 moseo
1535 1010 1606 1074 Tito

369 1117 507 1181 derivari
530 1115 634 1182 voluit
651 1114 876 1202 Plautumque,
900 1139 997 1201 quem
1019 1118 1053 1181 in
1076 1116 1213 1202 prologo
1233 1115 1401 1181 Asinariae
1420 1115 1493 1203 (10)
1513 1118 1607 1182 Mao-

369 1244 439 1288 oum
457 1224 520 1288 diei
540 1223 754 1288 Buechelerus
773 1223 941 1306 intellexit,
960 1224 1110 1289 Moesum
1130 1224 1237 1288 Titum
1257 1227 1323 1289 tam
1340 1225 1375 1287 in
1391 1222 1481 1289 Aooii
1500 1223 1605 1288 verbis

371 1353 468 1415 quam
491 1333 525 1395 in
548 1331 684 1415 prologo
708 1329 897 1396 Mercatoris
921 1330 1130 1397 denominari.
1167 1327 1259 1406 Quod
1283 1332 1311 1395 si
1333 1333 1419 1395 reete
1443 1332 1606 1413 statuitur,

370 1442 403 1500 et
425 1437 564 1502 fatemur
582 1436 675 1502 nobis
695 1437 787 1502 valde
807 1437 937 1521 probari
957 1459 1038 1522 quse
1057 1437 1123 1503 Leo
1143 1437 1181 1501 de
1200 1437 1302 1501 initiis
1322 1458 1359 1502 ao
1377 1437 1604 1524 progrediente

371 1545 496 1610 ratione
522 1545 691 1610 nominum
713 1543 939 1610 Plautinorum
967 1545 1133 1630 exposuit,
1161 1567 1201 1609 ue
1229 1548 1278 1608 est
1301 1544 1430 1628 quidem
1455 1545 1543 1628 quod
1566 1545 1604 1610 de

370 1653 575 1735 transpositis
601 1651 787 1716 nominibus
815 1652 1025 1738 disceptetur,
1053 1674 1134 1736 quae
1162 1651 1304 1718 nondum
1330 1652 1364 1716 in
1387 1653 1486 1718 istum
1509 1652 1604 1717 trala-

370 1760 483 1823 ticium
503 1762 536 1824 et
550 1759 678 1824 civilem
693 1759 838 1825 ordinem
852 1760 1011 1843 obierunt,
1029 1759 1086 1826 sed
1099 1758 1233 1825 Accium
1248 1759 1461 1845 iuteliigimus
1477 1763 1604 1843 poetam
1620 1784 1646 1825 ιο

317 1868 356 1924 14
370 1888 437 1931 non
459 1869 603 1951 potuisse
626 1867 690 1932 nisi
708 1871 765 1931 sut
783 1865 933 1931 Plautum
953 1870 1010 1931 sut
1028 1887 1172 1932 msooum
1192 1865 1301 1930 Titum
1321 1866 1482 1951 appellare
1501 1887 1605 1950 noque

370 1974 405 2038 in
423 1995 461 2038 eu
479 1996 514 2038 re
532 1975 722 2058 pependisse
740 1997 759 2040 a
778 1975 914 2060 prologo
933 1972 1132 2056 Mercatoris,
1156 1974 1212 2056 qui
1231 1973 1364 2037 eandem
1383 1972 1522 2040 nominis
1542 1974 1605 2038 for·

370 2081 544 2146 motionem
567 2080 717 2146 habebat.

461 2185 525 2251 Sed
550 2187 629 2252 haee
658 2191 731 2253 utut
759 2187 954 2268 iudicentur,
981 2209 1086 2271 neque
1112 2209 1172 2251 nos
1200 2186 1286 2273 fugit
1313 2187 1392 2271 quid
1415 2187 1528 2254 incerti
1551 2187 1606 2252 hs·

370 2293 484 2376 beetur
507 2294 604 2360 iniis
628 2317 709 2379 quse
734 2294 772 2359 de
796 2294 897 2359 ultera
918 2298 1010 2379 perte
1029 2294 1108 2360 dieti
1126 2292 1259 2359 Aueiani
1279 2294 1522 2378 disputavimus,
1546 2316 1605 2359 nos

370 2401 453 2466 nihil
477 2402 602 2488 egimus
625 2403 689 2467 nisi
711 2425 752 2467 ne
774 2403 871 2467 nimis
890 2423 1000 2467 seoure
1018 2404 1212 2467 assentiatur
1231 2401 1270 2466 iis
1290 2423 1372 2485 quae
1390 2401 1456 2467 Leo
1476 2401 1514 2466 de
1533 2424 1605 2486 pro·

368 2510 518 2595 logorum
544 2509 767 2574 Plautinorum
794 2509 919 2574 ratione
947 2508 1059 2573 habits
1082 2508 1122 2572 eb
1146 2508 1245 2576 Accio
1269 2509 1416 2592 quamvis
1440 2509 1606 2594 ingeniose

370 2616 549 2700 proposuit,
572 2639 611 2681 ex
635 2616 754 2700 quibus
778 2637 924 2681 veremur
945 2637 986 2680 ne
1011 2615 1206 2702 colligentur
1229 2637 1309 2699 quae
1328 2619 1416 2682 reete
1435 2617 1501 2681 telo
1521 2621 1606 2684 stare

370 2745 437 2788 non
460 2725 595 2807 possint.
633 2721 699 2788 Sor.
719 2745 760 2788 m.
779 2723 951 2789 Decembri
970 2745 998 2787 a.
1017 2740 1167 2788 Mooccc.
