3967 5725
389 586 456 650 514
605 589 677 640 LIX.
696 589 813 638 INDEX
830 587 1044 639 LEOTIONUM
1062 585 1295 638 AESTIVARUM
1314 588 1392 638 1904.

386 750 466 814 ὅταν
489 747 546 835 ἔχῃ
570 749 676 824 οὕτως
699 747 782 813 ὥστ’
801 748 1068 832 ἀναμνησθῆναι,
1092 755 1228 812 τοιαῦτα
1247 747 1475 830 συμβεβηκότα
1494 745 1617 834 crispi}

386 868 452 920 τῶν
485 856 598 921 αὑτοῦ.
643 854 745 919 Porro
778 852 827 919 ἐπ’
864 852 966 942 έξόδφ
999 857 1183 938 suspectum
1215 852 1313 917 habet
1345 874 1417 917 cum
1448 851 1618 936 participio

384 963 543 1046 iunctum,
574 962 625 1026 cui
654 965 762 1026 tamen
789 962 1004 1025 necessarium
1032 963 1100 1024 erat
1127 959 1214 1043 addi,
1242 959 1318 1044 quia
1344 961 1409 1024 nisi
1435 957 1484 1024 ἐπ’
1517 957 1617 1047 ἐξόδῳ

387 1077 577 1153 χωροῦντος
600 1069 726 1133 sonitus
748 1067 872 1152 percipi
895 1089 962 1131 non
984 1070 1121 1151 poterat.
1158 1064 1298 1157 Maxime
1322 1069 1429 1130 autem
1447 1065 1618 1130 haesitavit

384 1177 418 1239 in
446 1196 484 1238 eo
512 1173 600 1258 quod
623 1175 751 1239 Electra
778 1175 814 1238 in
840 1173 946 1238 medio
974 1195 1070 1238 versu
1097 1194 1277 1238 sermonem
1300 1171 1433 1256 excipit:
1457 1173 1547 1237 euius
1571 1174 1618 1236 rei

385 1305 466 1366 quae
498 1281 577 1346 alibi
608 1283 749 1345 rationes
782 1284 1045 1366 agnoscerentur,
1078 1303 1185 1345 earum
1217 1279 1252 1343 in
1284 1277 1347 1343 hoc
1374 1300 1468 1343 versu
1495 1279 1617 1344 nullam

384 1410 545 1473 apparere.
582 1387 632 1452 De
656 1410 719 1471 qua
741 1409 775 1451 re
798 1409 858 1452 nos
881 1387 929 1451 ita
951 1386 1142 1469 iudicamus,
1172 1390 1209 1451 ut
1232 1385 1315 1449 nihil
1337 1386 1482 1469 potuisse
1506 1386 1617 1450 scitius

383 1517 402 1558 a
429 1498 525 1579 poeta
551 1495 679 1559 institui
706 1493 874 1558 fateamur.
910 1491 976 1559 Ubi
1005 1495 1090 1557 enim
1114 1491 1241 1557 Orestes
1264 1493 1443 1576 periculum
1468 1515 1487 1555 a
1509 1495 1616 1558 nescio

384 1624 447 1685 quo
471 1601 704 1666 interveniente
722 1601 926 1685 significavit,
947 1622 1014 1664 non
1033 1603 1117 1664 tacet
1134 1599 1272 1682 Electra,
1295 1603 1333 1664 ut
1352 1600 1406 1664 ille
1425 1599 1539 1682 voluit,
1562 1601 1618 1663 sed

344 1735 370 1773 10
384 1708 507 1772 fraudis
531 1706 694 1772 faciendae
718 1729 813 1771 causa
836 1707 968 1771 festinat
991 1729 1028 1770 ea
1049 1706 1139 1788 loqui
1159 1728 1240 1789 quae
1259 1707 1327 1771 sine
1348 1707 1531 1790 suspicione
1550 1707 1619 1771 ulla

384 1837 403 1876 a
436 1815 551 1897 quovis
581 1813 685 1878 audiri
712 1816 875 1898 poterant:
908 1813 1053 1898 hospites
1083 1813 1226 1898 appellat
1252 1816 1285 1876 et
1311 1813 1462 1877 admonet
1488 1817 1525 1877 ut
1552 1814 1615 1877 iam

383 1923 504 1985 intrare
533 1921 663 1985 domum
692 1920 804 2004 velint,
833 1920 889 1984 ubi
917 1941 998 2004 quae
1021 1920 1126 1984 ferant
1148 1920 1286 1984 libenter
1309 1919 1513 2003 accipiantur.
1555 1919 1617 1983 His

384 2029 439 2092 ille
466 2027 646 2094 rationibus
674 2026 830 2092 adductus
854 2030 903 2091 est
924 2031 962 2090 ut
983 2026 1067 2090 hanc
1089 2026 1235 2091 mutilam
1260 2047 1329 2090 esse
1353 2028 1530 2092 orationem
1554 2027 1616 2091 sibi

383 2135 596 2219 persuaderet.
635 2132 734 2199 Cuius
759 2157 840 2219 quae
864 2133 1087 2219 supplementa
1109 2133 1281 2218 proposuit
1300 2132 1476 2197 sententiae
1496 2133 1616 2217 signifi-

383 2243 501 2307 candae
529 2263 638 2325 causa,
665 2242 699 2304 in
729 2263 767 2304 ea
794 2242 957 2325 inquirere
987 2240 1237 2325 supersedemus.
1277 2237 1327 2304 Sit
1348 2239 1443 2305 nobis
1467 2241 1545 2304 satis
1568 2242 1615 2304 in·

382 2349 552 2434 tellexisse,
576 2347 665 2412 illam
689 2347 866 2412 orationem
885 2348 1045 2434 integram
1064 2368 1133 2410 esse
1151 2368 1212 2413 nec
1231 2345 1357 2410 defectu
1376 2349 1431 2410 aut
1449 2345 1516 2411 ullo
1535 2346 1615 2422 vitio

382 2454 536 2520 laborare.

471 2559 520 2626 De
547 2561 729 2644 participiis
756 2564 863 2625 autem
892 2561 1044 2644 quoniam
1075 2561 1199 2646 agimus
1223 2560 1263 2626 iis
1287 2581 1368 2644 quae
1391 2581 1449 2644 per
1472 2581 1505 2624 se
1528 2564 1616 2624 stant

383 2687 442 2731 nec
471 2667 607 2732 subiecti
630 2671 709 2731 nota
731 2671 787 2731 aut
810 2666 947 2733 articulo
971 2671 1065 2731 aucta
1089 2669 1178 2750 sunt,
1205 2688 1270 2732 non
1294 2666 1410 2730 inutile
1434 2666 1494 2732 erit
1517 2666 1614 2730 etiam

343 2800 368 2838 m
382 2775 460 2838 talia
483 2773 641 2855 attulisse,
664 2772 759 2857 quale
781 2774 844 2838 hoc
867 2777 915 2838 est
937 2773 1163 2857 Xenophontis
1189 2795 1252 2856 quo
1276 2771 1442 2838 Behherus
1466 2795 1542 2837 usus
1566 2777 1615 2838 est

382 2902 454 2945 cum
483 2882 554 2945 aliis
585 2881 726 2947 eiusdem
755 2881 936 2965 scriptoris,
964 2879 1079 2965 μεσταὶ
1108 2882 1145 2945 αἱ
1170 2879 1243 2947 ὁδοὶ
1271 2879 1505 2964 πορευομένων
1532 2879 1608 2965 παρ’

383 2988 558 3071 ἀλλήλους,
581 2986 693 3071 μεστοὶ
717 2988 755 3053 δέ
778 2990 811 3053 ολ
834 2999 936 3071 χῶροι
959 2987 1197 3071 ἐργαζομένων,
1220 2991 1276 3053 aut
1294 2986 1376 3051 illud
1394 2986 1539 3052 Platonis
1561 2987 1613 3070 (de

382 3117 416 3158 re
435 3117 466 3179 p.
481 3112 505 3157 x
523 3117 553 3178 p.
567 3093 633 3160 595
653 3091 684 3180 ο)
703 3096 811 3159 πολλά
828 3119 879 3159 τοι
898 3093 1057 3178 ὀξύτερον
1076 3097 1267 3177 βλεπόντων
1286 3093 1494 3179 ἀμβλύτερον
1512 3093 1613 3179 ὁρῶν·
1721 3114 1726 3126 ·

381 3224 434 3277 τες
461 3204 616 3284 πρότεροι
645 3193 751 3283 εἶδον,
780 3201 835 3265 sed
862 3202 1033 3287 praecipue
1061 3202 1267 3267 memoranda
1294 3201 1439 3266 ducimus
1468 3222 1506 3265 ea
1533 3222 1613 3285 quae

382 3310 565 3393 genetivum
589 3308 774 3373 absolutum
796 3306 918 3373 habent
940 3307 1030 3373 nullo
1055 3308 1191 3372 subiecti
1211 3308 1329 3373 indicio
1349 3308 1482 3391 adiect0,
1506 3306 1613 3391 qualia

382 3418 458 3479 sunt
480 3414 565 3498 apud
589 3413 838 3497 Aristophanem
863 3416 960 3499 equit.
985 3414 1050 3479 298
1081 3416 1123 3499 νὴ
1145 3415 1204 3479 τὸν
1222 3412 1348 3498 Ἑρμῆν
1370 3416 1430 3480 τὸν
1453 3414 1613 3500 ἀγοραῖον

382 3519 549 3604 κάπιορκῶ
577 3544 614 3603 γε
641 3522 847 3604 βλεπόντων,
874 3522 894 3585 i.
918 3544 943 3585 e.
972 3522 1001 3585 si
1029 3523 1085 3604 qui
1113 3521 1274 3604 viderunt,
1302 3521 1379 3586 ibid.
1403 3521 1446 3585 29
1475 3520 1547 3604 ότιὴ
1576 3522 1613 3585 τὸ

381 3626 486 3712 δέρμα
514 3628 709 3713 δεφομένων
737 3626 926 3713 ἀπέρχεται,
957 3627 1044 3711 quod
1072 3628 1147 3712 quia
1175 3630 1306 3711 captum
1332 3627 1538 3693 librariorum
1562 3648 1613 3691 su-

380 3734 513 3819 perabat
540 3744 607 3798 τῶν
634 3733 830 3820 δεφομένων
856 3734 1012 3818 scriptum
1037 3738 1084 3797 est
1107 3734 1142 3797 in
1164 3732 1256 3799 libris
1280 3733 1334 3822 (cf.
1359 3732 1499 3799 Acharn.
1522 3732 1612 3819 538),

341 3866 367 3905 ω
381 3840 467 3926 apud
489 3838 698 3905 Aristotelem
721 3846 806 3925 poet.
832 3841 849 3904 7
874 3864 905 3925 p.
926 3839 1010 3905 1451
1036 3863 1055 3904 a
1080 3840 1120 3904 13
1149 3838 1186 3906 έν
1214 3840 1281 3929 ὅσῳ
1310 3840 1445 3925 μεγέθει
1469 3842 1550 3905 κατά
1573 3842 1610 3906 τὸ

381 3949 468 4023 εἰκὸς
491 3947 511 4031 ἢ
529 3948 566 4011 τὸ
586 3946 767 4029 ἀναγκαῖον
786 3946 903 4032 ἐφεξῆς
921 3946 1130 4030 γιγνομένων
1148 3948 1347 4032 συμβαίνει.
1363 3950 1611 4033 μεταβάλλειν,

381 4075 463 4138 quae
486 4054 612 4136 etipsa
635 4052 712 4118 olim
735 4075 833 4137 prave
856 4056 1048 4137 attemptata
1071 4056 1155 4117 srmt.

469 4159 559 4225 Haec
587 4159 722 4224 anobis
745 4160 908 4244 disputata
931 4160 1060 4243 siquid
1084 4160 1234 4225 utilitatis
1256 4159 1435 4246 habebunt,
1463 4160 1526 4226 erit
1548 4160 1610 4231 for·

380 4272 466 4331 tasse
489 4267 545 4350 qui
569 4266 727 4350 approbet
750 4289 832 4350 quae
854 4266 889 4329 in
911 4265 1022 4331 libello
1046 4264 1122 4351 περὶ
1144 4266 1255 4349 ὕψους
1277 4290 1304 4331 a.
1330 4267 1414 4332 1887
1443 4270 1518 4353 post
1540 4266 1612 4332 Iah-

381 4375 470 4437 nium
494 4361 581 4437 edito
606 4371 646 4458 (c.
662 4371 713 4457 10,
737 4371 781 4458 7),
805 4373 917 4438 itidem
945 4396 971 4438 a.
998 4373 1083 4439 1905
1106 4375 1239 4439 tertium
1262 4373 1349 4439 edito
1372 4397 1403 4459 p.
1423 4375 1464 4439 27
1490 4376 1610 4458 scripta

380 4483 468 4547 sunt:

514 4584 597 4651 oillei
620 4587 678 4662 τάς
700 4584 814 4670 ἐξοχὰς
836 4586 881 4663 ὡς
904 4586 947 4651 ἀν
969 4591 1057 4651 εἴποι
1080 4610 1130 4663 τις
1153 4584 1349 4671 ἀριστίνδην
1367 4586 1610 4671 ἐκκαθήραντες

514 4690 772 4775 ε’πισυνέδηκαν,
801 4689 902 4758 οὐδὲν
931 4694 1097 4777 φλοιῶδες
1118 4692 1138 4776 ἣ
1163 4694 1308 4776 ἀσεμνον
1331 4693 1351 4778 ἢ
1378 4696 1534 4778 σχολικὸν
1558 4692 1609 4775 έχ-

512 4800 767 4875 κατατάττοντες
790 4800 846 4864 διὰ
868 4798 980 4883 μέσου.
1018 4801 1212 4882 λυμαίνεται
1241 4802 1304 4884 γὰρ
1332 4809 1436 4865 ταῦτα
1458 4801 1496 4866 τὸ
1519 4800 1610 4881 ὅλον,
