3967 5725
408 613 479 677 245
622 613 707 662 xcv,
724 612 842 662 muns
859 610 1075 661 uucnomru
1091 609 1325 660 Ausuvsuuu
1345 611 1423 660 iser.

409 796 594 860 agnoscere,
617 773 674 837 scd
695 777 805 836 tamen
826 773 875 837 ita
896 777 935 836 ut
955 771 1096 857 figurata
1114 770 1218 834 orstio
1237 769 1471 854 profectionem
1488 768 1645 854 designet,
1678 797 1682 804 ·

408 905 510 967 caque
532 902 661 947 necesse
683 884 734 944 est
755 879 967 966 intelligutur,
988 880 1028 940 ut
1044 875 1185 941 habeant
1202 875 1282 940 fines
1300 875 1416 960 notati,
1437 876 1522 960 πρὸς
1540 867 1645 954 οἶκον,

408 986 583 1069 effluere,
599 986 686 1051 unde
703 991 865 1072 regantur.
900 984 1008 1062 Quare
1025 983 1088 1048 hoc
1107 987 1182 1048 utut
1200 987 1258 1060 est,
1276 987 1450 1066 utrumque
1463 983 1645 1066 exemplum

407 1096 529 1181 pariter
559 1098 711 1179 putamus
742 1094 872 1157 firmare
903 1114 974 1158 cam
1005 1113 1102 1176 quam
1131 1089 1333 1154 defendimus
1361 1091 1554 1154 sententiam
1582 1110 1646 1171 qus

407 1217 576 1269 censemus
602 1205 636 1266 et
662 1223 737 1266 vere
764 1201 862 1265 scribi
884 1202 922 1264 ire
945 1197 1071 1264 Oretum
1093 1198 1254 1280 religasset
1275 1197 1515 1277 metrofanes
1539 1193 1645 1259 ethis

407 1310 653 1396 profectionem,
674 1331 742 1372 uon
764 1309 938 1392 appulsum
960 1302 1180 1392 significari*).

498 1433 547 1479 ιιι
583 1414 623 1479 ln
652 1437 691 1478 ea
718 1414 907 1497 quaestione
935 1435 1032 1497 quam
1059 1411 1157 1475 modo
1185 1411 1437 1495 disceptavimus
1462 1411 1499 1474 in
1524 1407 1647 1474 multos

407 1525 528 1589 inimic
558 1521 689 1606 quidem
716 1520 772 1584 scd
800 1520 944 1584 exercuit
970 1523 1010 1583 ut
1035 1519 1163 1583 ridetur
1189 1517 1331 1601 aliquam
1358 1517 1425 1582 vim
1452 1513 1646 1580 Oxoniensis

410 1631 532 1696 codicis
554 1629 715 1713 scriptura
736 1630 773 1692 irs
793 1626 899 1711 (hem
921 1627 996 1711 plus
1019 1626 1192 1690 certesies
1210 1624 1333 1708 profuit
1351 1624 1418 1688 sire
1436 1622 1645 1686 nocuiteius

369 1760 397 1802 ro
411 1738 486 1802 dem
513 1735 634 1800 codicis
661 1735 837 1800 auctoritas
860 1735 894 1798 iu
916 1755 955 1797 ea
977 1754 1075 1817 quam
1097 1733 1163 1795 iam
1186 1731 1392 1816 aggredimur
1415 1729 1648 1810 controversis3

411 1843 529 1908 dicturi
556 1843 644 1906 enim
671 1864 784 1931 sumus
806 1842 847 1906 de
868 1839 1031 1906 Ariadnae
1053 1838 1161 1903 verbis
1185 1859 1266 1921 quse
1290 1841 1366 1901 sunt
1388 1838 1423 1902 in
1445 1835 1557 1900 codem
1581 1857 1646 1900 esr-

409 1951 498 2016 mine
520 1972 550 2012 v.
571 1949 634 2013 136

626 2055 768 2120 Nullane
788 2075 839 2120 res
853 2056 961 2139 penit
981 2053 1116 2118 crudetis
1137 2052 1254 2134 flectere
1276 2052 1388 2116 mestis

628 2161 827 2228 Consilium?
849 2161 907 2225 troi
928 2161 1104 2241 mellescit
1126 2159 1286 2224 mertia
1305 2163 1445 2239 praeeo,

627 2269 756 2334 Immitc
775 2275 812 2333 ut
832 2270 934 2334 neeri
955 2267 1043 2332 vellet
1064 2269 1255 2332 miserescere
1270 2263 1401 2346 pectus?

626 2377 674 2440 Ar
694 2397 759 2440 noa
780 2376 856 2440 hoec
876 2376 1035 2457 precedam
1057 2373 1152 2439 uobis
1169 2374 1331 2454 proruisse
1354 2371 1468 2435 dedisti

518 2483 584 2547 140
628 2481 728 2564 Voce,
751 2483 832 2546 miti
852 2504 920 2547 non
941 2482 1017 2546 hoec
1038 2482 1171 2546 miserae
1192 2499 1319 2562 sperem
1340 2477 1479 2555 iubebas,

628 2589 694 2655 sei
714 2589 870 2654 murcia
891 2589 989 2668 laea,
1011 2589 1067 2654 sed
1087 2593 1207 2670 optate
1227 2586 1427 2670 hymenaeos:

634 2697 721 2777 Quae
741 2701 851 2760 macte
874 2698 956 2760 aerii
978 2697 1157 2777 discerpunt
1178 2695 1273 2758 irrite
1295 2695 1391 2771 verti,

374 2825 613 2891 utquamquam
634 2806 774 2869 fatemr
794 2825 856 2869 nee
876 2804 914 2867 in
935 2824 1062 2869 summe
1083 2803 1130 2869 rei
1154 2823 1227 2867 cum
1244 2800 1360 2867 Eltisio
1378 2799 1482 2865 fecere
1500 2798 1652 2883 probare

416 2934 480 2997 que
511 2933 549 2977 es
580 2932 663 2994 quae
688 2908 883 2995 Rudolphus
910 2908 1082 2994 Sydowius
1113 2914 1224 2973 noster
1251 2931 1278 2973 u
1304 2907 1388 2972 1881
1417 2929 1450 2990 p.
1472 2906 1515 2971 38
1525 2927 1572 2990 sq.
1600 2927 1652 2970 ex-

416 3019 540 3105 posuit,
568 3020 625 3104 qui
651 3022 684 3082 et
710 3017 807 3082 huius
833 3022 949 3102 poetae
975 3038 1039 3081 usu
1066 3022 1099 3081 et
1125 3017 1264 3083 aliorum
1292 3014 1460 3099 explorato
1488 3012 1653 3077 evidenter

416 3127 677 3191 demonstrarunt
699 3130 767 3189 tam
784 3125 875 3191 nobis
891 3126 1081 3208 insequente
1099 3124 1179 3189 meti
1197 3144 1295 3207 quam
1313 3142 1382 3187 eece
1400 3121 1447 3186 sic
1465 3118 1550 3185 nude
1568 3119 1653 3204 posi-

416 3237 487 3299 tum
505 3234 585 3297 satis
602 3232 732 3297 defendi
749 3253 810 3297 uec
824 3233 860 3295 in
873 3232 974 3295 ullam
987 3232 1108 3295 iustum
1122 3230 1331 3295 offensionem
1344 3228 1515 3292 incurrere.
1548 3224 1654 3302 Quare

416 3362 528 3405 versus
563 3338 635 3403 139.
663 3339 709 3402 40
739 3342 777 3403 ut
806 3337 1035 3404 Lachmannus
1067 3336 1210 3401 ediderat
1241 3340 1274 3399 et
1305 3339 1380 3419 post
1411 3332 1654 3399 Lachmannum

418 3445 584 3530 Hauptius
605 3467 667 3510 nos
688 3467 756 3510 nou
779 3444 933 3509 desiimus
955 3444 991 3508 in
1013 3444 1188 3529 recognitis
1211 3439 1330 3507 catufli
1348 3440 1528 3527 Hauptiaui
1550 3462 1655 3505 exem-

419 3550 565 3636 plaribus
587 3574 614 3614 a
636 3550 722 3617 1879
746 3556 779 3615 et
800 3551 886 3616 1885
908 3553 1055 3616 retinere.
1093 3548 1157 3615 Sed
1175 3551 1272 3615 ceteri
1291 3549 1431 3615 editores
1449 3568 1562 3614 omnes
1580 3546 1654 3611 inde

419 3681 438 3724 s
467 3657 680 3741 Baehreneio‚
711 3655 915 3742 Schwsbius,
941 3658 1084 3741 Riesius‚
1113 3655 1326 3738 Schmidtius‚
1353 3653 1537 3738 Schulzius,
1563 3654 1656 3718 Post·

419 3766 529 3853 gatius
552 3786 695 3850 quoque,
721 3769 851 3850 recepte
873 3764 1066 3830 Oxouieusis
1090 3764 1208 3829 codicis
1231 3763 1391 3848 scriptura
1413 3762 1545 3839 blenda,
1573 3781 1655 3845 quse

374 3894 406 3943 ,ro
420 3877 470 3938 est
496 3873 527 3937 ei
552 3872 637 3937 libro
665 3894 739 3938 cum
762 3872 874 3937 multis
896 3871 1100 3955 interpolatis
1123 3870 1316 3952 communis,
1344 3890 1417 3935 cum
1440 3868 1487 3933 its
1508 3866 1655 3932 scribunt

419 3980 466 4045 At
486 4000 551 4044 non
571 3979 648 4044 haee
668 3980 828 4061 precedam
850 3978 969 4043 blanda
984 3980 1146 4061 promissa
1169 3978 1283 4043 dedisti
1311 3976 1388 4041 Voce
1409 3975 1501 4054 meti,
1527 3975 1655 4061 egregie

419 4089 535 4171 poetae
560 4086 765 4170 prospexisse
792 4086 858 4151 sibi
883 4086 1048 4169 ridentur,
1076 4084 1163 4168 quod
1190 4088 1223 4149 et
1248 4084 1337 4149 nobis
1364 4082 1530 4149 sublatum
1558 4082 1601 4147 sit
1623 4084 1656 4147 et

419 4212 490 4258 voce
514 4191 579 4257 iam
606 4191 725 4257 habeut
752 4215 817 4276 quo
843 4197 989 4275 ornetur,
1018 4196 1051 4256 et
1072 4191 1207 4257 lsudsnt
1228 4195 1343 4255 testem
1366 4192 1419 4255 cui
1440 4189 1504 4254 hoc
1527 4191 1656 4253 tuntum

420 4298 612 4363 beneficium
639 4302 808 4382 acceptum
830 4299 961 4364 feratur.
999 4297 1123 4376 Quibus
1145 4320 1205 4363 uos
1228 4299 1257 4363 si
1278 4297 1470 4383 persuadere
1491 4294 1657 4379 vellemus,

418 4426 461 4469 ne
483 4409 559 4489 apte
583 4405 715 4489 quidem
736 4406 772 4469 in
794 4404 856 4471 hec
878 4406 1025 4470 oratione
1047 4406 1198 4471 blandem
1221 4405 1360 4490 eoeew)
1383 4403 1555 4488 appellari,
1579 4423 1658 4487 quo

419 4512 508 4576 niam
530 4510 610 4575 haec
632 4535 684 4576 res
707 4512 749 4578 sd
771 4534 901 4577 sensum
923 4512 1017 4596 redit,
1040 4512 1135 4577 durus
1159 4533 1251 4577 eures
1275 4511 1523 4591 offenderemus3
1545 4530 1656 4575 verum

527 4689 575 4755 *6)
593 4685 712 4758 [Contra
730 4687 803 4741 dixit
820 4686 854 4742 Η.
870 4685 1028 4758 Belliugius
1043 4687 1227 4757 (eodem.
1241 4688 1263 4753 f.
1277 4688 1355 4743 dees.
1366 4686 1463 4755 mou.
1480 4689 1548 4739 1891
1564 4702 1592 4739 u.
1602 4686 1655 4754 20).

420 4774 471 4844 qui
490 4778 521 4829 in
541 4775 621 4831 Orate
640 4776 676 4829 de
694 4775 819 4829 adventu
837 4776 1040 4845 interpretetus
1058 4774 1174 4829 retineri
1192 4775 1293 4845 iubet]

512 4866 577 4932 ⁸35)
595 4864 700 4933 Aptius
718 4862 771 4917 nie
788 4863 919 4918 Eunicus
937 4867 973 4934 (r.
987 4867 1033 4933 49)
1055 4865 1144 4919 multe
1162 4880 1263 4919 merrus
1280 4864 1319 4918 ed
1336 4865 1407 4917 oceli
1424 4864 1537 4919 cumb
1555 4864 1657 4933 templu
