3967 5725
599 649 649 698 DE
667 648 797 700 TRIBUS
815 649 921 701 LOCIS
940 648 1123 700 HERCULIS
1141 645 1370 698 EURIPIDEAE.
1532 643 1599 709 263

366 815 452 876 recte
470 807 660 886 ἀσυνὸἐτως
678 810 894 876 subiiciuntur
912 810 1079 895 proximis,
1100 832 1119 873 a
1138 809 1254 894 quibus
1273 808 1336 872 nisi
1355 811 1479 872 mutata
1496 808 1601 872 forma

365 940 433 984 non
456 916 589 1000 distant,
617 921 649 981 et
673 922 722 982 est
744 918 822 983 haee
844 920 940 1002 plane
963 939 1000 981 ea
1024 917 1196 1000 sententia,
1219 915 1271 979 cui
1290 915 1464 980 adhaerent
1487 915 1602 980 confir-

366 1025 474 1090 mandi
502 1045 598 1088 causa
627 1047 707 1108 quae
736 1029 915 1109 sequuntur
942 1023 1039 1089 κακοὶ
1062 1025 1126 1109 γὰρ
1151 1026 1197 1099 εἰς
1220 1022 1260 1087 σέ
1282 1020 1312 1106 γ’
1341 1025 1375 1086 οἳ
1395 1021 1494 1087 τέκνα
1517 1022 1600 1086 κτεί-

366 1149 464 1197 νοοσι
489 1132 538 1196 σά.
576 1129 614 1194 In
632 1131 740 1197 verbis
759 1136 867 1196 autem
885 1131 965 1215 ipsis
985 1132 1063 1215 quid
1082 1131 1218 1195 dicimus
1238 1151 1307 1194 esse
1327 1128 1413 1214 quod
1432 1151 1498 1194 non
1516 1132 1601 1193 recte

367 1242 423 1302 aut
449 1261 516 1303 non
544 1241 618 1322 apte
645 1237 766 1304 elatum
793 1239 947 1302 videatur.
984 1237 1070 1303 Nam
1099 1238 1185 1322 quod
1208 1236 1341 1323 Megara
1368 1237 1408 1300 ad
1430 1257 1600 1321 personam

366 1346 510 1410 oratione
533 1347 636 1410 relata
659 1345 737 1411 dicit
761 1345 873 1410 ἐλθὼν
896 1347 1010 1422 ἱκανὸς
1033 1345 1076 1410 ἂν
1098 1343 1211 1428 γένοιο
1231 1364 1292 1427 pro
1312 1366 1349 1408 eo
1370 1344 1457 1428 quod
1474 1346 1600 1427 poterat

367 1452 481 1518 ἐλθεῖν
504 1472 540 1518 σε
566 1453 682 1518 ἱκανὸν
705 1451 748 1517 ἂν
769 1451 911 1536 γένοιτο,
935 1473 975 1515 ex
993 1451 1108 1515 intima
1128 1448 1307 1516 Graecitate
1325 1454 1382 1536 est,
1407 1472 1601 1535 quamquam

366 1583 385 1624 a
403 1560 523 1624 nostris
541 1559 696 1643 loquendi
713 1559 859 1624 moribus
874 1560 1020 1642 alienius,
1039 1560 1076 1621 ut
1090 1579 1155 1622 non
1170 1557 1278 1622 desint
1290 1556 1446 1621 latissime
1460 1556 1601 1641 patentis

365 1666 444 1731 usus
467 1665 614 1750 exempla
632 1688 713 1750 quae
732 1666 960 1750 impediverint
977 1666 1169 1749 interpretes
1189 1669 1221 1729 et
1238 1666 1273 1729 in
1292 1664 1384 1728 devia
1403 1663 1600 1729 deduxerint.

365 1772 399 1839 N
400 1796 442 1838 on
464 1774 559 1858 plane
582 1773 719 1858 gemella
741 1776 817 1838 sunt
840 1771 896 1836 sed
914 1775 1024 1837 tamen
1040 1771 1104 1837 hoc
1122 1771 1252 1836 nomine
1271 1772 1501 1855 comparabilia
1520 1758 1601 1856 'quae
1616 1797 1642 1837 ιο

365 1880 459 1946 Plato
483 1881 597 1945 scribit
619 1881 653 1944 in
676 1878 794 1966 Lyside
812 1877 935 1966 (toda)
961 1879 1074 1955 ἱκανὸς
1096 1879 1159 1964 γὰρ
1182 1877 1237 1944 καὶ
1261 1877 1325 1943 ἀπὸ
1349 1881 1455 1963 μόνον
1479 1878 1600 1943 τούτου

365 1989 622 2072 γιγνώσκεσθαι.
659 1986 704 2051 Et
728 1988 849 2071 ἱκανός,
874 2009 957 2070 quae
981 2008 1044 2050 vox
1062 2007 1129 2051 non
1146 1986 1286 2050 multum
1305 1985 1441 2050 discedit
1459 1986 1499 2050 ab
1519 1987 1601 2065 ἅλις,

366 2099 403 2159 ut
430 2095 510 2160 haec
533 2094 596 2158 duo
619 2094 654 2159 in
676 2116 742 2158 una
765 2096 923 2159 sententia
945 2092 1058 2159 haberi
1081 2114 1147 2157 non
1169 2093 1348 2176 potuerint,
1377 2093 1530 2176 quoniam
1554 2093 1601 2156 di-

367 2203 451 2266 citur
477 2202 505 2265 is
534 2201 589 2285 qui
618 2201 696 2266 satis
723 2223 782 2286 per
810 2223 843 2266 se
871 2205 920 2265 est
946 2200 1031 2265 nihil
1057 2204 1094 2264 ut
1123 2199 1261 2284 amplius
1285 2200 1481 2285 requiratur,
1513 2199 1601 2263 velut

367 2305 443 2372 Oed.
462 2307 540 2395 Reg.
561 2308 626 2372 376

527 2415 569 2481 οὐ
592 2415 655 2499 γάρ
679 2434 716 2480 σε
739 2428 840 2500 μοῖρα
862 2417 944 2499 πρός
967 2413 1005 2498 γ’
1028 2412 1109 2497 ἐμοῦ
1132 2426 1262 2496 πεσεῖν,
1286 2411 1355 2479 ἐπεὶ

528 2520 702 2608 ὶκανὸς*)
720 2521 898 2607 Ἀπόλλων,
921 2514 947 2610 ᾧ
967 2519 1038 2587 τάδ’
1067 2519 1225 2607 ἐκπρᾶξαι
1247 2519 1355 2605 μέλει,

367 2631 418 2694 vel
440 2629 607 2694 Phoeniss.
626 2628 693 2692 554

579 2789 582 2792 .
688 2739 722 2802 τί
743 2733 774 2803 δ’
800 2735 871 2804 ἔστι
893 2741 930 2805 τὸ
954 2739 1072 2820 πλέον;
1096 2739 1190 2826 ὄνομ’
1216 2735 1284 2826 ἔχει
1306 2742 1425 2823 μόνον·

525 2844 596 2911 ἐπεὶ
620 2845 660 2911 τά
683 2843 713 2930 γ’
742 2844 904 2930 ἀρκοῦνθ’
934 2848 1050 2913 ἱκανοὶ
1072 2859 1143 2925 τοῖς
1165 2873 1202 2933 γε
1227 2849 1413 2936 σώφροσιν,
1615 2880 1641 2921 ιο

365 2974 473 3018 nonne
504 2954 731 3037 percommode
762 2953 839 3019 huic
867 2957 1044 3020 sententiae
1072 2960 1214 3041 aptatur3
1246 2960 1279 3021 et
1306 2958 1382 3041 quia
1410 2957 1524 3022 ἐλθεῖν
1552 2962 1601 3022 est

368 3060 455 3143 quod
475 3061 592 3125 ἱκανὸν
610 3082 680 3124 esse
700 3060 828 3144 dicitur,
846 3084 887 3125 ne
906 3064 975 3126 erat
995 3063 1125 3146 quidem
1144 3063 1184 3127 ad
1204 3063 1316 3128 ἐλθὼν
1330 3064 1417 3147 quod
1431 3065 1601 3129 adderetur

366 3168 486 3251 μόνον,
513 3166 600 3251 quod
627 3190 722 3252 saepe
750 3173 862 3233 nostro
891 3169 1051 3234 sentiendi
1074 3192 1135 3234 usu
1157 3172 1261 3256 magis
1285 3193 1381 3255 quam
1406 3169 1600 3235 Graecorum

366 3295 455 3338 more
483 3272 727 3361 desideratur*).
766 3275 913 3359 Denique
941 3298 1006 3359 quo
1030 3278 1135 3362 magis
1158 3277 1382 3342 insimulemur
1405 3275 1599 3342 Graecorum

365 3384 478 3464 poetas
504 3380 725 3446 Romanorum
759 3404 819 3467 ope
851 3383 1057 3467 interpretari
1089 3383 1185 3468 velle,
1217 3388 1322 3450 totum
1355 3388 1499 3449 tenorem
1532 3405 1600 3448 ora-

314 3487 464 3558 lotionis
497 3509 592 3571 quem
623 3488 825 3554 restituimus
857 3494 889 3555 et
917 3490 1157 3574 explanavimus
1187 3494 1278 3576 quasi
1306 3514 1365 3575 per
1391 3495 1501 3577 partes¹
1526 3512 1599 3557 suas

365 3597 516 3678 putamus
540 3594 592 3659 his
613 3593 780 3661 claudiani
803 3596 948 3661 versibus
973 3596 1126 3661 declarari
1150 3619 1231 3681 quos
1255 3598 1369 3663 scribit
1391 3600 1425 3662 in
1444 3598 1599 3663 Rufinum

365 3696 406 3787 (ι
425 3699 483 3788 9ο

954 3794 1081 3859 taudem
1104 3814 1246 3859 succurre
1267 3796 1371 3858 racat'

525 3898 599 3963 Heu
614 3901 756 3981 patriae,
779 3899 908 3966 Sturum
927 3951 1047 3965 ......

453 4107 517 4178 *17)
537 4108 578 4164 Cf.
598 4109 704 4164 similia
721 4110 833 4165 Hercul.
850 4116 919 4166 1338

650 4200 716 4254 θεολ
734 4196 763 4254 d’
785 4199 853 4255 dccv
871 4210 1001 4269 τιμῶσιν,
1021 4202 1106 4258 οὐδὲν
1124 4204 1170 4257 δεῖ
1187 4201 1284 4271 φίλων.

650 4288 725 4352 ἅλις
743 4288 797 4358 γὰρ
816 4288 831 4343 ὁ
850 4290 920 4353 θεὸς
938 4292 1068 4360 ὠφελῶν,
1087 4290 1155 4347 ὅταν
1174 4290 1253 4365 θέλῃ.

364 4373 454 4431 Orest.
470 4381 521 4429 66⁷
650 4374 719 4432 ὅταν
737 4375 765 4432 δ’
787 4377 802 4432 ὃ
822 4377 933 4447 δαίμων
952 4377 982 4434 εὖ
1002 4382 1087 4454 διδῷ,
1105 4378 1133 4434 τί
1151 4382 1197 4435 δεῖ
1214 4379 1317 4449 φίλους

650 4467 751 4535 ἀρκεῖ
767 4467 820 4537 γὰρ
840 4468 924 4532 αὐτὸς
943 4468 958 4523 ὁ
976 4468 1047 4531 θεὸς
1065 4470 1183 4537 ὠφελεῖν
1202 4469 1302 4525 θέλων.

364 4551 486 4617 Quorum
500 4554 572 4608 illud
587 4572 639 4624 par
652 4574 782 4611 versuum
795 4574 829 4611 ex
843 4557 897 4611 hoc
911 4573 972 4613 esse
986 4560 1100 4628 praeter
1113 4560 1214 4628 poetae
1223 4560 1347 4613 mentem
1357 4559 1482 4615 affictum
1491 4560 1597 4615 volunt.

365 4641 458 4713 [Adde
476 4644 593 4712 Lysistr.
610 4650 679 4699 1046
703 4642 789 4699 πάντ’
810 4645 909 4717 ἀγαθὰ
927 4648 976 4701 καὶ
995 4647 1151 4717 λέγεινκαὶ
1170 4652 1255 4716 δρᾶν·
1275 4648 1378 4705 ἱκανὰ
1397 4649 1451 4719 γὰρ
1469 4650 1504 4705 τὰ
1522 4650 1597 4705 κακὰ

363 4732 465 4786 καὶτὰ
483 4732 699 4806 παρακείμενα]

452 4821 517 4892 *24)
535 4822 597 4877 Uno
617 4824 744 4893 exemplo
759 4826 879 4891 utemur,
898 4824 1011 4895 Hippol.
1027 4831 1080 4879 804
1099 4835 1232 4882 τοσοῦτον
1247 4825 1326 4895 ἴσμεν
1340 4827 1366 4881 h.
1383 4844 1406 4883 e.
1423 4828 1490 4883 ‘mer
1502 4846 1532 4884 eo
1546 4830 1599 4883 viel

362 4911 460 4967 witeca
477 4913 548 4967 wat?
