3967 5725
358 643 425 708 510
576 644 648 696 LIX.
669 645 781 695 INDEX
799 641 1015 694 manorum
1032 641 1265 694 AESTIVARUM
1284 642 1361 692 1904.

357 806 447 894 (opp.
465 824 493 871 11
511 803 601 890 215),
627 809 666 871 ut
691 809 836 869 tueretur
864 803 951 888 quod
977 801 1065 868 Ionis
1090 800 1163 867 Chii
1186 802 1322 868 carmini
1344 802 1488 868 restitnit
1510 801 1528 868 ὃ
1552 799 1589 868 δέ

357 922 486 1000 χρυσοῦ
509 915 607 979 δίνου
629 909 724 997 ἔχων,
752 911 971 998 compluribus
995 909 1149 994 exemplis
1172 910 1355 992 declaravit,
1383 908 1516 974 Pindari
1538 913 1590 974 λε-

357 1023 516 1105 βήτεσσιν
543 1019 700 1103 φιάλαισί
723 1041 758 1083 τε
785 1027 927 1104 χρυσοῦ,
958 1017 1106 1081 Platonis
1138 1017 1259 1099 φιάλας
1286 1016 1353 1099 ἅμα
1380 1025 1507 1100 χρυσοῦ
1535 1017 1590 1082 καλ

358 1132 493 1212 χαλκοῦ,
511 1125 646 1192 Homeri
664 1129 811 1211 πλῆμναι
830 1123 860 1189 δ’
884 1123 1044 1211 ἀργύρου.
1078 1122 1166 1200 Quae
1184 1122 1295 1187 multis
1314 1124 1426 1208 augeri
1443 1127 1590 1208 possunt,

358 1234 447 1299 velut
479 1233 620 1299 eiusdem
647 1231 778 1297 Pindari
806 1235 855 1297 est
883 1229 1010 1317 Olymp.
1034 1231 1065 1314 2,
1091 1230 1133 1295 79
1160 1231 1292 1314 ἄνθεμα
1318 1239 1446 1314 χρυσοῦ
1474 1228 1597 1320 φλέγει,

358 1341 389 1406 h.
409 1363 434 1405 e.
458 1341 582 1427 χρύσεα
605 1337 659 1427 (de
683 1361 747 1425 quo
770 1338 955 1404 Boeokhius
978 1338 1060 1402 dixit
1083 1337 1124 1401 ad
1146 1337 1216 1403 bl.
1235 1360 1265 1421 p.
1287 1334 1380 1423 131);
1402 1333 1515 1421 Odyss.
1528 1355 1590 1402 xlx

359 1449 425 1514 226
442 1450 567 1533 περόνη
586 1458 723 1533 χρυσοῖο
745 1445 882 1512 τέτυκτο
901 1445 1057 1511 αὐλοῖσιν
1076 1445 1261 1529 διδύμοισι;
1283 1445 1359 1511 ibid.
1379 1463 1429 1509 vn
1448 1445 1490 1510 87
1514 1444 1590 1529 περὶ

359 1555 398 1621 δὲ
428 1556 569 1641 θριγκὸς
600 1554 755 1630 κυάνοιο;
787 1551 957 1637 Apollonii
983 1551 1088 1617 Rhod.
1112 1571 1149 1616 1v
1172 1551 1238 1618 973
1268 1556 1438 1637 Λαμπετίη
1471 1551 1500 1617 δ’
1537 1551 1590 1618 ἐπὶ

358 1660 481 1745 βουσὶν
503 1661 710 1747 ὀρειχάλκοιο
734 1669 876 1744 φαεινοῦ
899 1661 1026 1725 πάλλεν
1048 1659 1258 1744 ὀπηδεύουσα
1280 1661 1487 1746 καλαύροπα;
1515 1660 1590 1726 ibid.

322 1789 347 1830 ω
363 1769 447 1834 1177
477 1767 515 1833 έν
542 1767 578 1833 δ’
605 1769 662 1852 ὀγε
690 1768 773 1852 χειρὶ
802 1777 970 1851 σκῆπτρον
992 1763 1069 1852 ἔχεν
1096 1780 1232 1852 χρυσοῖο
1256 1768 1473 1853 δικασπόλον;
1505 1767 1592 1832 1190

361 1877 471 1961 μείλιά
494 1899 529 1941 τε
552 1885 699 1960 χρυσοῖο.
735 1873 788 1939 Ad
811 1895 986 1958 eorumque
1008 1875 1191 1960 analogiam
1213 1875 1370 1939 accedunt
1388 1876 1485 1940 etiam
1504 1875 1591 1955 talia,

361 1982 528 2067 Euripidis
551 1981 679 2047 Hercul.
705 1981 791 2046 1009
820 1983 924 2070 δεσμά
951 1983 1110 2067 σειραίων
1135 1982 1268 2066 βρόχων
1295 1980 1483 2067 ἀνήπτομεν
1510 1983 1592 2065 πρὸς

360 2093 470 2170 κίονας
494 2088 598 2154 Orest.
619 2088 683 2154 145
707 2090 866 2175 σύριγγος
888 2089 977 2166 ὅπως
995 2090 1082 2154 πνοὰ
1102 2092 1223 2154 λεπτοῦ
1243 2089 1384 2166 δόνακος
1402 2089 1506 2174 φώνει
1521 2112 1591 2173 μοι;

361 2196 589 2282 Aristophanis
612 2219 660 2263 av.
680 2196 746 2263 672
770 2194 848 2261 ἀλλ’
870 2192 896 2262 ὦ
919 2198 1126 2281 κακόδαιμον
1148 2195 1277 2280 ῥάμφος
1301 2196 1490 2278 ὀβελίσκοιν
1512 2192 1592 2282 ἔχεις

361 2303 437 2369 ibit
457 2304 522 2370 686
546 2305 666 2389 άνδρες
689 2303 956 2389 ἀμαυρόβιοι...
972 2301 1214 2388 ὀλιγοδρανέες,
1238 2304 1412 2386 πλάσματα
1434 2299 1592 2390 πηλοῦ*),

362 2412 528 2477 σκιοειδέα
556 2408 635 2494 φῦλ’
667 2409 828 2495 άμενηνάς
862 2409 1094 2495 Thesmophor.
1121 2409 1184 2475 778
1213 2411 1272 2494 άγε
1296 2412 1337 2495 δὴ
1365 2411 1516 2475 πινάκων
1539 2408 1593 2489 ’ξε-

362 2529 450 2583 στῶν
464 2516 585 2600 δέλτοι,
598 2514 740 2596 δέξασθε
755 2519 872 2600 σμίλης
886 2517 1014 2594 ὁλκούς.
1041 2515 1091 2582 Ad
1104 2518 1220 2582 horum
1233 2518 1335 2603 igitur
1349 2517 1593 2583 similitudinem

361 2629 511 2709 putamus
534 2624 673 2689 formata
695 2645 764 2688 esse
788 2623 845 2688 illa
867 2645 949 2707 quae
971 2623 1178 2709 paedagogus
1203 2624 1280 2689 dicit
1299 2622 1337 2689 έν
1354 2627 1473 2708 βραχεῖ
1489 2627 1597 2712 χαλκῷ

360 2731 519 2816 μέγιστον
547 2743 639 2816 σῶμα
666 2732 813 2806 δειλαίας
840 2730 969 2797 σποδοῦ
992 2729 1167 2814 φέρουσιν,
1194 2731 1310 2815 quibus
1334 2751 1451 2816 corpus
1474 2731 1593 2795 mortui

321 2859 348 2903 ro
363 2839 481 2905 dicitnr
503 2838 590 2923 quod
614 2838 676 2904 iam
700 2859 767 2903 non
789 2842 839 2904 est
862 2837 983 2904 ossium
1006 2840 1040 2903 et
1061 2859 1233 2904 nervorum
1258 2821 1373 2924 corpus
1392 2837 1448 2904 sed
1468 2837 1594 2904 misera·

362 2946 438 3012 bilis
461 2947 586 3030 cineris,
608 2949 722 3031 utpote
745 2945 833 3030 quod
855 2946 960 3011 cinere
983 2949 1110 3011 constet
1128 2968 1194 3009 non
1213 2968 1303 3012 secus
1323 2951 1419 3031 atque
1437 2944 1594 3029 homines,

363 3076 444 3139 quos
476 3053 531 3119 ille
563 3055 736 3135 πλάσματα
766 3058 875 3137 πηλοῦ
907 3052 1063 3139 appellat,
1094 3053 1172 3118 luto.
1209 3052 1283 3119 Hoc
1314 3057 1420 3119 autem
1453 3053 1595 3139 genetivi

363 3182 465 3248 genus
488 3164 621 3246 apparet
644 3182 740 3245 quam
762 3161 861 3248 longe
884 3160 969 3225 absit
992 3161 1032 3225 ab
1056 3182 1094 3225 eo
1114 3162 1201 3245 quod
1219 3183 1316 3246 supra
1335 3162 1501 3247 tetigimus
1521 3182 1594 3227 cum

363 3270 494 3354 άστρων
517 3268 687 3353 εὐφρόνην
711 3268 992 3352 defensitabamus,
1021 3272 1053 3332 et
1075 3268 1139 3335 hoo
1161 3268 1266 3333 caveri
1289 3271 1426 3353 oportet,
1448 3290 1489 3333 ne
1513 3288 1595 3352 quae

363 3376 488 3441 diversa
514 3377 579 3440 sint
606 3375 641 3441 in
667 3397 768 3440 unum
795 3374 1035 3441 confundantur
1062 3395 1100 3439 ac
1126 3374 1210 3439 nihil
1237 3375 1316 3439 certi
1339 3379 1372 3439 et
1396 3374 1520 3440 definiti
1544 3374 1597 3438 de·

362 3486 567 3548 monstretur.
614 3481 734 3547 Contra
765 3483 843 3549 huic
873 3482 982 3569 generi
1011 3482 1221 3547 adscribimus
1249 3480 1336 3565 quod
1363 3485 1413 3545 est
1439 3482 1474 3546 in
1501 3480 1594 3546 Anti·

363 3610 449 3676 gona
478 3589 542 3653 114
574 3587 649 3667 ὀξέα
680 3590 808 3669 κλάζων
839 3590 948 3667 αἰετὸς
975 3587 1009 3666 ἐς
1036 3602 1101 3673 γαν
1128 3587 1304 3674 ὑπερέπτα,
1336 3594 1454 3673 λευκῆς
1483 3590 1595 3674 χιόνος

363 3694 502 3780 πτέρυγι
524 3697 691 3780 στεγανός.
729 3695 832 3772 Quam
855 3697 940 3761 enim
960 3699 1058 3781 poeta
1077 3700 1195 3780 λευκῆς
1213 3698 1325 3781 χιόνος
1343 3694 1489 3779 πτέρυγα
1507 3696 1596 3779 dicit,

364 3802 510 3887 quamvis
542 3804 577 3867 in
609 3803 708 3868 simili
741 3803 879 3886 dicatur,
911 3806 1017 3868 tamen
1051 3802 1219 3888 genetivus
1246 3825 1312 3868 non
1339 3803 1443 3888 possit
1470 3803 1533 3868 nisi
1561 3803 1596 3867 in

322 3930 349 3971 ιο
364 3932 492 3975 sensum
515 3911 667 3975 materiae
691 3908 894 3995 explicari*).

452 4085 516 4157 ‘1o)
535 4087 580 4157 [ut
597 4085 751 4140 Pausanias
774 4084 873 4141 scribit
891 4090 1015 4151 1v12,9
1039 4084 1228 4155 ποιησάμενος
1250 4086 1287 4147 ὡς
1310 4084 1387 4156 ἔτυχε
1411 4088 1519 4154 πηλοῦ
1538 4081 1595 4151 τρί-

363 4177 455 4239 ποδας
476 4171 592 4242 έκατόν,
615 4191 698 4244 quem
720 4175 882 4244 genetivum
906 4174 963 4228 vim
986 4173 1120 4229 adiectivi
1143 4173 1248 4229 habere
1270 4173 1408 4243 patefacit
1425 4173 1501 4242 quod
1519 4172 1596 4227 idem

363 4264 527 4334 paulopost
545 4264 666 4328 άναδιλς
683 4264 749 4326 τοῦς
766 4260 904 4333 τρίποδας
920 4268 958 4337 τῷ
977 4266 1039 4337 θεῷ
1053 4262 1170 4327 τούτους
1188 4261 1224 4331 δὴ
1242 4264 1308 4325 τοῦς
1325 4259 1492 4333 πηλίνους
1511 4260 1594 4318 dicit:

364 4352 413 4421 qui
431 4356 464 4408 ut
482 4368 566 4423 saepe
584 4352 676 4407 multa
693 4352 781 4408 babet
798 4352 923 4423 genetivi
942 4352 1078 4408 materias
1096 4351 1233 4422 exempla,
1252 4351 1324 4406 itav
1341 4357 1413 4421 18‚8
1433 4351 1533 4406 scribit
1546 4368 1596 4405 πε-

362 4440 478 4513 ποίηται
497 4442 528 4499 δὲ
541 4442 654 4515 (βωμός)
674 4439 783 4509 ἱερείων
796 4451 852 4497 τῶν
865 4441 1016 4513 θυομένων
1030 4445 1067 4515 τῷ
1081 4442 1128 4495 Διλ
1144 4440 1201 4495 άπὸ
1215 4448 1264 4511 τῆς
1276 4440 1382 4511 τέφρας
1394 4450 1451 4496 τῶν
1464 4449 1595 4513 μηρῶν..

363 4529 490 4601 τέφρας
508 4532 561 4602 γὰρ
580 4531 617 4600 δή
636 4531 693 4587 ἐστι
710 4532 760 4586 καλ
777 4539 810 4603 τη
826 4527 901 4606 Ἥρᾳ
920 4527 1013 4603 βωμός
1030 4533 1090 4585 etv
1106 4536 1148 4597 14,
1163 4535 1179 4585 8
1197 4534 1276 4587 θεῶν
1295 4530 1409 4586 πάντων
1429 4528 1525 4602 βωμοί,
1544 4530 1596 4585 καλ

358 4618 455 4689 Ἥρας,
473 4619 660 4692 πεποιημένος
678 4620 806 4691 τέφρας
824 4621 874 4675 καλ
892 4616 974 4684 οὗτος
992 4623 1022 4675 ot
1040 4619 1109 4674 alibi
1128 4618 1280 4691 similiter]

452 4710 519 4779 *80)
537 4710 671 4766 Eiusdem
689 4710 799 4781 generis
818 4712 897 4778 sunt,
920 4709 976 4765 nisi
993 4708 1131 4775 fallimur,
1155 4708 1370 4779 Francogallica
1387 4707 1459 4763 talia
1475 4724 1539 4764 ιοκε
1556 4722 1597 4763 ιιι

365 4800 512 4853 tandem
534 4800 567 4853 δε
588 4803 680 4871 πείρα·
702 4816 743 4856 ιιι
762 4816 836 4872 μιαν
853 4798 935 4855 διον
953 4800 986 4854 dc
1003 4816 1109 4865 source,
1132 4814 1206 4868 quae
1225 4798 1341 4866 quidam
1359 4796 1467 4852 habent
1485 4797 1541 4851 vim
1559 4796 1597 4851 si-

363 4885 535 4941 militudinis
555 4888 605 4943 sed
623 4890 655 4942 ut
673 4904 729 4943 non
748 4887 805 4943 alia
822 4888 896 4943 ratio
915 4887 1039 4959 genetivi
1057 4889 1234 4959 agnoscatur.
