3967 5725
728 635 778 687 DE
796 636 930 686 PLAUTI
947 635 1195 686 MENAECHMIS.
1366 647 1368 654 ’
1519 633 1586 697 423

352 799 471 865 nostris
495 799 675 864 rationibus
703 799 889 863 adversetur
916 795 1000 860 nihil
1026 795 1209 861 labefactati
1234 796 1415 861 obtinemus
1444 796 1477 860 id
1501 797 1587 881 quod

351 907 423 991 ipsa
446 906 606 970 sententia
628 905 769 990 flagitari
792 903 945 989 diximus,
976 904 1015 969 de
1040 926 1072 968 se
1095 903 1167 988 ipso
1191 907 1229 967 ut
1250 902 1482 987 Menaechmus
1501 904 1586 970 dicat

349 1019 395 1079 cst
415 1013 470 1078 ubi
491 1013 666 1095 epulonem
688 1012 819 1077 habeam
842 1017 934 1092 utque
955 1012 1037 1076 huuc
1060 1009 1237 1076 comburam
1260 1011 1352 1076 diem.

440 1119 529 1184 Haec
542 1143 603 1185 nos
617 1121 655 1184 de
670 1119 830 1184 sententia
844 1122 876 1182 et
890 1118 1046 1183 orationis
1060 1119 1165 1183 forma
1178 1119 1339 1201 persecuti
1351 1140 1462 1183 sumus
1474 1140 1585 1184 versus

351 1249 532 1291 mensuram
552 1227 681 1291 interim
700 1226 783 1290 nihil
802 1229 963 1311 curantes3
983 1229 1080 1309 atque
1093 1224 1157 1290 hoc
1170 1245 1230 1290 nos
1244 1228 1330 1289 recte
1344 1226 1523 1291 instituisse
1538 1249 1586 1291 ar·
1642 1207 1649 1226 ’

352 1334 508 1398 bitramur
530 1337 563 1398 et
585 1334 626 1398 iis
646 1333 762 1418 quibus
785 1333 865 1397 haec
888 1332 1081 1415 scribuntur,
1104 1353 1170 1396 non
1193 1331 1296 1397 doctis
1319 1331 1505 1398 hominibus
1529 1333 1586 1397 sed

350 1439 557 1524 discentibus,
571 1462 666 1525 saepe
680 1443 827 1506 auctores
842 1461 953 1504 sumus
968 1442 1006 1502 ut
1020 1442 1153 1503 caveant
1166 1461 1207 1502 ne
1221 1460 1428 1503 numerorum
1443 1438 1585 1504 modula-

296 1555 334 1610 12
349 1548 439 1612 tione
454 1546 491 1610 de
507 1549 666 1612 sententia
680 1551 712 1611 et
725 1547 831 1612 verbis
847 1546 1056 1630 decipiantur.
1088 1544 1184 1610 Nunc
1199 1544 1292 1611 exiis
1307 1567 1389 1630 quae
1404 1546 1475 1611 aliis
1490 1547 1585 1610 ratio-

347 1654 444 1718 nibus
465 1653 691 1719 constituimus
711 1654 807 1718 simul
824 1652 887 1718 hoc
905 1652 1000 1717 uobis
1016 1653 1153 1739 contigit
1167 1656 1205 1717 ut
1219 1674 1331 1718 versus
1346 1674 1411 1719 non
1425 1653 1585 1738 vitupera-

348 1761 423 1825 bilis
433 1761 543 1825 exiret.
563 1761 607 1825 Et
616 1761 650 1824 in
660 1762 761 1826 altera
771 1760 937 1844 eiusparte
951 1759 1150 1842 ascpulcram
1163 1760 1262 1825 cunit
1274 1781 1425 1825 numerus
1437 1760 1585 1845 expedite
1599 1792 1625 1832 ιο

482 1868 656 1950 sepulcrum
678 1867 809 1933 boboam
832 1872 923 1949 atquc
944 1866 1226 1932 huuccdmbusrom
1250 1867 1352 1944 diem;
1401 1927 1402 1932 ,

348 1975 382 2039 in
404 1974 565 2059 principio
585 1979 694 2039 autem
715 1973 798 2038 nihil
816 1977 866 2038 est
884 1973 971 2056 quod
990 1974 1220 2039 correctionem
1239 1973 1386 2058 recipiat:
1410 1975 1491 2038 elom
1508 1995 1584 2040 aaa

347 2103 414 2146 acra
437 2080 559 2166 duplici
581 2081 644 2145 fide
667 2084 861 2166 praestatum
891 2086 935 2145 cst
956 2080 1012 2145 udi
1034 2101 1109 2146 vero
1133 2084 1166 2144 et
1188 2081 1375 2145 testimonio
1399 2085 1431 2145 et
1453 2103 1514 2147 usu
1539 2081 1584 2145 di-

347 2186 440 2252 cendi
469 2187 629 2254 declarato
661 2188 885 2253 confirmatum
914 2191 977 2252 est:
1007 2188 1117 2270 itaque
1144 2186 1228 2251 nihil
1254 2190 1355 2251 restat
1377 2187 1440 2252 nisi
1469 2191 1507 2252 ut
1529 2189 1583 2253 ubi

170 2323 174 2332 ·
295 2330 309 2364 ·,
346 2299 490 2359 extrema
518 2294 644 2378 syllaba
671 2295 830 2379 producta
853 2318 872 2359 a
893 2293 1010 2359 Plauto
1033 2294 1177 2378 positum
1206 2294 1406 2361 concedatur.
1451 2293 1497 2359 Et
1519 2295 1582 2362 hoo

345 2423 406 2466 nec
428 2402 553 2466 ratione
577 2406 664 2466 caret
687 2423 753 2466 nec·
769 2402 939 2487 exemplis3
962 2423 1037 2465 nam
1060 2401 1122 2468 eoi,
1139 2399 1185 2488 (et
1204 2400 1290 2484 quod
1313 2400 1361 2466 illi
1383 2422 1514 2486 compar
1533 2405 1582 2466 est

344 2506 405 2594 tbi)
429 2512 542 2573 notum
566 2512 614 2573 est
637 2512 670 2572 et
692 2512 847 2573 testatum
870 2512 987 2573 natura
1005 2509 1018 2572 i
1036 2509 1170 2594 longum
1193 2507 1320 2592 habere,
1343 2509 1377 2573 id
1395 2513 1502 2574 autem
1521 2531 1581 2575 usu

345 2614 497 2680 Plautino
522 2615 562 2680 ad
585 2615 776 2680 brevitatem
800 2636 868 2679 esse
892 2615 1091 2699 depressum:
1116 2615 1172 2679 sed
1195 2637 1265 2680 cum
1291 2617 1482 2699 pronomina
1502 2617 1582 2683 mibi

344 2722 403 2788 tibi
420 2722 489 2802 sebi,
509 2745 647 2806 quorum
666 2722 776 2786 eadem
796 2725 844 2786 est
861 2726 985 2806 natura,
1005 2744 1200 2807 quamquam
1219 2723 1408 2808 plerumque
1423 2723 1581 2807 syllabam

345 2828 475 2894 finalem
503 2833 682 2915 correptam
709 2828 843 2914 habent,
871 2833 979 2895 tamen
1007 2851 1074 2894 non
1095 2851 1168 2896 raro
1197 2833 1229 2896 et
1252 2831 1285 2895 in
1308 2830 1405 2896 uariis
1428 2852 1622 2901 versuumn

345 2936 516 3022 generibus
530 2937 729 3021 primitivam
742 2942 889 3002 naturam
904 2937 1047 3021 recipere
1061 2937 1234 3022 videamus,
1250 2959 1306 3003 cur
1319 2939 1381 3003 hoc
1395 2939 1501 3004 minus
1516 2961 1581 3006 ore-

343 3042 442 3108 dibile
462 3044 505 3108 sit
523 3042 677 3108 accidisse
695 3044 730 3108 in
749 3044 795 3109 ui
812 3048 845 3109 et
862 3043 916 3109 eoi
930 3042 1106 3125 particulis.
1133 3044 1293 3129 Exempla
1307 3050 1414 3111 autem
1428 3046 1579 3111 Plautina

341 3150 461 3234 quibus
475 3151 530 3216 obi
543 3150 690 3215 ultimam
703 3151 895 3235 productam
908 3150 1035 3234 habeat,
1049 3150 1086 3214 R.
1098 3150 1246 3215 Klotzius
1262 3151 1371 3216 attulit
1386 3154 1420 3216 in
1434 3158 1502 3217 arte
1517 3175 1580 3217 me·

343 3258 621 3341 tricapiiscorum
635 3261 805 3341 poetarum
823 3257 1043 3321 Romanorum
1063 3258 1108 3341 (p.
1123 3256 1165 3321 51
1183 3262 1215 3321 et
1230 3256 1293 3344 al),
1312 3259 1346 3323 in
1365 3259 1483 3342 quibus
1503 3264 1579 3325 sunt

342 3364 500 3448 quaedam
523 3387 604 3448 quae
628 3366 683 3429 ille
705 3364 929 3430 subtilioribus
945 3364 1126 3429 rationibus
1144 3363 1286 3430 metricis
1307 3364 1421 3450 effecit,
1443 3369 1481 3429 ut
1500 3368 1578 3431 satis

342 3475 431 3535 certa
444 3494 510 3536 non
524 3472 601 3556 sint3
617 3475 705 3536 certa
719 3476 795 3536 sunt
809 3476 841 3536 et
854 3494 895 3536 ne
909 3471 1044 3535 aLeone
1059 3470 1188 3554 quidem
1202 3470 1370 3554 repudiata
1377 3471 1503 3539 lhucul.
1511 3472 1577 3537 506

480 3580 564 3660 Quia
586 3579 651 3643 ubi
671 3584 778 3643 natast
801 3578 999 3644 mediocrem
1023 3583 1052 3655 et
1073 3578 1204 3659 clipeum
1221 3580 1366 3660 poscebat
1388 3579 1469 3645 sabi?

342 3683 451 3749 Aulul.
468 3684 533 3748 700

476 3791 533 3856 Ibo
556 3795 647 3871 intro,
670 3793 734 3858 abi
755 3793 793 3857 de
815 3793 915 3873 cupite
937 3812 1002 3857 meo
1024 3798 1098 3857 aaut
1119 3793 1253 3872 comitio,

340 3898 376 3962 in
403 3898 522 3982 quibus
550 3897 695 3963 versibus
723 3920 788 3962 non
819 3920 878 3963 nos
906 3900 1072 3983 praeterit,
1104 3920 1144 3963 ne
1178 3900 1249 3983 quis
1283 3903 1423 3984 censeat,
1456 3901 1575 3984 quibus
1589 3928 1616 3971 so

340 4004 502 4070 scribendi
525 4008 582 4069 aut
604 4005 790 4070 dimetiendi
814 4004 917 4070 modis
940 4005 1004 4070 hoc
1027 4006 1141 4071 evitari
1168 4007 1285 4091 possit,
1314 4010 1350 4071 ut
1372 4008 1426 4072 eoi
1448 4008 1492 4073 sit
1514 4030 1574 4093 pro

342 4133 420 4177 voce
443 4111 590 4195 iambica,
613 4112 669 4176 sed
693 4133 822 4176 causam
846 4112 1062 4177 desideramus
1087 4134 1150 4196 qua
1170 4134 1264 4178 causa
1283 4118 1469 4179 amoveatur
1488 4115 1575 4199 quod

340 4222 374 4283 et
401 4220 483 4283 ratio
517 4222 644 4283 tueatur
672 4222 704 4283 et
730 4219 893 4305 analogia3
925 4240 984 4283 nec
1015 4219 1161 4305 ignotum
1193 4223 1242 4285 est
1270 4220 1348 4304 quid
1376 4219 1574 4286 Ritschelius

340 4326 419 4390 olim
450 4326 628 4409 peccaverit
655 4326 742 4409 quod
769 4325 848 4390 mihi
875 4326 932 4391 tubi
962 4326 1099 4391 tolerare
1126 4328 1231 4392 noluit
1254 4348 1354 4411 eaque
1382 4348 1476 4413 saepe
1498 4328 1574 4412 leni,

339 4431 476 4497 subinde
495 4431 629 4497 fortiore
649 4454 746 4516 opera
765 4434 895 4497 sustulit
920 4429 942 4519 ).
983 4431 1096 4517 Itaque
1114 4432 1166 4497 his
1185 4432 1340 4518 exemplis
1358 4434 1435 4499 freti
1454 4439 1487 4499 et
1500 4456 1573 4499 con·

428 4625 492 4693 ⁸85)
511 4608 616 4689 Quidni
635 4624 756 4693 exempli
776 4641 862 4679 causa
880 4625 910 4678 in
928 4642 958 4679 re
976 4626 1125 4680 notissima
1145 4625 1287 4681 afferimus
1306 4627 1350 4682 vel
1369 4626 1441 4681 illud
1461 4644 1494 4682 ex
1513 4628 1573 4683 Me-

338 4713 483 4768 naechmis
503 4718 572 4767 110⁷

589 4789 644 4859 E'ct
661 4806 714 4858 ubi
730 4820 828 4859 manca
848 4804 1045 4859 Menaechmo?

336 4890 511 4945 Ritschelius
530 4876 618 4946 Estne
636 4892 689 4947 abi
705 4910 733 4946 a.
750 4893 807 4959 M„
826 4909 920 4962 prave,
939 4910 1110 4962 quamquam
1130 4898 1181 4947 297
