3967 5725
416 617 482 679 224
612 617 709 672 XLIV.
727 620 844 670 INDEX
861 619 1076 672 LEOTIONUM
1094 621 1342 672 HIBERNARUM'
1355 623 1485 690 ressssr.

414 778 569 846 Glaucum
584 785 693 846 autem
707 781 768 846 τὸν
780 780 964 847 θαλάττιον
972 784 1307 867 προσαγορευόμενον
1318 781 1481 848 Diodorus
1492 781 1543 871 (1v
1552 784 1605 868 48,
1611 781 1647 868 6)

412 891 522 953 narrat
554 897 701 972 φανῆναι
730 890 873 972 πλησίον
900 897 957 971 τῆς
984 889 1081 971 νεώς,
1114 885 1168 954 ἐπὶ
1196 889 1259 954 δύο
1287 889 1325 954 dt
1352 890 1474 965 νύκτας
1502 888 1557 955 καὶ
1584 890 1647 956 δύο

412 993 535 1081 ἡμέρας
558 1006 704 1080 συνεχῶς
727 1004 766 1080 τῇ
786 993 842 1078 νηὶ
861 995 1118 1080 συμπλεύσαντα
1136 1005 1311 1078 προειπεῖν
1329 992 1391 1081 μὲν
1405 993 1564 1081 Ἡρακλεῖ
1580 1002 1648 1063 κτλ.

414 1100 476 1167 Sed
491 1099 638 1168 Catullus
657 1102 685 1166 si
703 1102 833 1186 scripsit
852 1101 1031 1186 quodcum
1052 1102 1218 1186 scripsisse
1237 1102 1411 1168 verisimile
1429 1103 1524 1168 nobis
1543 1104 1649 1169 visum

398 1212 471 1294 ⁴est,
495 1231 568 1275 cum
593 1207 672 1274 dicit
693 1208 765 1287 itin,
788 1208 857 1272 otio
880 1214 972 1289 αίονε
992 1208 1062 1273 otiu
1083 1210 1230 1274 viderunt
1251 1209 1329 1293 tneo,
1352 1213 1479 1293 poterat
1503 1211 1558 1276 ille
1581 1211 1650 1296 qui-

414 1317 486 1381 dem
510 1315 651 1400 intelligi
674 1316 757 1381 velle
780 1313 872 1379 illum
897 1320 930 1380 et
947 1316 1085 1381 alterum
1104 1319 1136 1381 et
1154 1316 1287 1382 teitium
1306 1317 1399 1400 diem,
1422 1317 1511 1382 velut
1530 1315 1651 1383 Seneca

413 1445 487 1489 cum
509 1421 623 1487 scribit
646 1422 684 1486 de
708 1422 775 1486 otio
800 1420 840 1485 ed
864 1419 1020 1488 Serenum
1043 1443 1068 1486 c.
1089 1422 1123 1505 Ἰ,
1145 1424 1161 1487 l
1187 1425 1251 1488 trin
1271 1443 1386 1507 οενενα
1407 1430 1481 1489 sunt
1502 1426 1605 1489 vitae.
1619 1474 1648 1488 ..

412 1551 511 1596 mmm
525 1530 676 1611 ootrmtoti
688 1534 787 1607 ναοαί,
801 1530 934 1593 alterum
947 1529 1208 1613 contemplationi,
1222 1531 1346 1596 ίονίίνιν
1360 1532 1492 1596 actioni:
1505 1533 1650 1612 primum

412 1637 587 1715 videamus,
614 1641 650 1701 ut
675 1636 751 1700 λαεο
776 1637 886 1701 omnin
913 1636 958 1700 od
986 1636 1070 1700 idem
1095 1636 1153 1702 snb
1181 1636 1244 1702 ulio
1272 1642 1362 1719 αλονε
1385 1638 1450 1702 otio
1472 1637 1560 1703 tituto
1577 1659 1651 1720 per·

373 1769 400 1810 ro
413 1743 549 1824 νονὶανί,
572 1763 638 1806 non
660 1742 734 1826 plus
758 1763 856 1826 quam
879 1741 942 1807 tria
964 1741 1069 1808 dicere
1092 1743 1209 1826 potuit,
1233 1747 1266 1808 et
1283 1743 1442 1810 Pindarus
1467 1765 1547 1828 quae
1571 1745 1650 1810 dicit

414 1846 540 1935 Olymp.
560 1867 610 1913 vn
629 1848 670 1913 81
696 1859 763 1913 τῶν
786 1849 906 1913 άνθεσι
925 1851 1097 1931 Διαγόρας
1120 1847 1372 1934 ἐστεφανώσατο
1396 1853 1458 1935 δίς,
1481 1856 1594 1938 κλεινᾷ
1617 1850 1645 1916 τ’

415 1955 452 2022 ἐν
470 1954 594 2043 Ἰσθμῷ
613 1956 762 2041 τετράκις
785 1953 961 2040 εὐτυχέων,
984 1954 1097 2041 Νεμέᾳ
1119 1952 1147 2020 τ’
1176 1957 1281 2022 άλλαν
1304 1955 1353 2022 ἐπ’
1381 1959 1474 2044 ἄλλοι,
1497 1955 1552 2022 καὶ
1571 1982 1649 2042 κρα-

412 2074 508 2140 νααίς
531 2062 568 2128 ἐν
587 2060 746 2139 Ἀθάναις
769 2061 943 2126 scholiasta
965 2062 1196 2146 interpretatur
1219 2062 1257 2129 ἐν
1282 2073 1321 2150 τῇ
1340 2065 1453 2151 Νεμέᾳ
1472 2066 1577 2148 άλλην
1596 2063 1643 2131 ἐπ’

413 2171 497 2256 ἄλλῃ
520 2171 618 2254 νίκην
641 2166 748 2254 ἔσχεν,
772 2159 846 2234 οἷον
869 2167 921 2245 δίς
944 2166 1108 2252 ἐνίκησεν,
1131 2168 1194 2234 οὐκ
1217 2167 1253 2235 ἐκ
1277 2171 1509 2256 διαλείμματος
1526 2170 1650 2256 μέντοι.

414 2275 478 2342 Sed
496 2298 590 2361 saepe
608 2277 677 2342 αίιἀ
695 2283 786 2358 αλονε
804 2276 873 2340 alin
890 2296 957 2341 non
975 2275 1040 2340 duo
1060 2279 1186 2340 tautum
1202 2276 1365 2363 significat
1379 2278 1435 2343 sed
1449 2278 1649 2344 indefinitam

414 2383 575 2467 quandam
599 2383 840 2449 multitudinem
860 2383 1014 2448 continuo
1034 2380 1194 2470 ordine*),
1217 2404 1281 2466 quo
1302 2384 1396 2450 modo
1417 2383 1561 2451 Catullus
1581 2381 1650 2470 ipse

412 2489 540 2555 locutus
564 2493 613 2554 est
635 2491 671 2555 in
689 2511 727 2555 eo
747 2512 851 2572 versu,
873 2511 893 2554 a
916 2510 980 2572 quo
1005 2490 1110 2556 exorsi
1129 2489 1163 2553 in
1181 2489 1265 2555 hanc
1284 2491 1533 2575 disputationem
1553 2491 1669 2558 delati.

414 2618 534 2681 sumus,
551 2598 627 2662 λαεο
644 2603 736 2679 αλονε
752 2597 811 2662 iilo
830 2597 897 2662 dies
912 2602 1004 2679 αλονε
1017 2597 1086 2662 αλια
1099 2604 1190 2680 αλονε
1203 2598 1280 2677 alin,
1295 2602 1326 2662 et
1340 2597 1509 2665 Lucretius
1524 2617 1546 2662 v
1564 2597 1651 2663 1090

413 2705 558 2770 mortales
580 2706 683 2788 νιαρίε
705 2710 866 2787 οεονννιοί
888 2709 953 2768 tnm
970 2705 1111 2786 potuisse
1128 2705 1298 2770 dissimiles
1320 2706 1388 2770 otio
1406 2711 1497 2788 atque
1515 2705 1583 2770 alio
1601 2726 1651 2771 res

372 2838 400 2879 ιο
412 2831 481 2877 uoce
497 2817 614 2878 notare.
650 2810 681 2877 A
695 2816 806 2877 nostro
822 2833 916 2878 versu
930 2815 1080 2877 neutrum
1094 2810 1247 2878 abhorret
1263 2815 1296 2877 et
1310 2816 1358 2878 est
1372 2812 1482 2879 hocin
1497 2812 1649 2899 ambiguo

412 2919 666 3004 relinquendum,
691 2919 746 2985 sed
769 2920 837 2985 sire
859 2921 1000 3003 primum
1024 2920 1159 2985 alterum
1183 2921 1315 2985 tertium
1335 2920 1419 2984 diem
1438 2922 1505 2985 sive
1524 2923 1651 3006 praeter

413 3028 505 3092 illum
529 3050 629 3092 unum
652 3027 834 3114 intelligere
857 3028 997 3092 multum
1020 3025 1119 3091 alium
1143 3026 1228 3091 diem
1247 3025 1282 3113 (i.
1297 3049 1322 3092 e.
1342 3027 1493 3093 munchen
1512 3026 1649 3114 andern)

413 3133 571 3218 volumus,
586 3136 763 3200 sententiae
775 3139 892 3220 poetae
905 3137 1044 3217 utroque
1058 3133 1155 3199 modo
1166 3133 1292 3199 abunde
1302 3135 1503 3199 satisfactum
1514 3134 1649 3200 videtur.
1667 3150 1704 3205 11

413 3239 477 3306 Sed
501 3242 754 3327 temptavimus:
777 3243 894 3307 lusisse
917 3244 1069 3325 putemur
1092 3242 1119 3304 si
1142 3240 1226 3305 nihil
1249 3241 1292 3306 sit
1300 3239 1316 3323 ’‚
1340 3240 1447 3325 inquit
1471 3239 1590 3307 Cicero.

501 3347 605 3415 Nobis
628 3348 825 3415 redeundum
849 3353 898 3413 est
921 3348 956 3412 in
978 3346 1072 3431 viam,
1095 3351 1132 3411 ut
1150 3368 1322 3434 pergamus
1341 3347 1502 3433 colligere,
1526 3348 1650 3432 siquid

414 3456 581 3523 delicatius
609 3458 644 3523 in
667 3455 785 3521 Catulli
812 3455 1009 3521 carminibus
1038 3458 1192 3519 occurrat.
1231 3452 1329 3519 Cuius
1353 3456 1479 3539 generis
1503 3454 1650 3521 videatur

413 3562 476 3628 hoc
499 3563 585 3649 quod
609 3563 722 3631 scribit
745 3585 771 3627 c.
790 3563 868 3626 1112

671 3671 833 3754 lomene
862 3672 992 3737 Veneres
1016 3667 1245 3751 (libidinesque

670 3784 700 3843 et
720 3782 872 3860 ονανίννι
895 3782 939 3843 est
959 3776 1122 3841 hominnm
1144 3776 1354 3841 omnstrmmm

372 3909 399 3949 nr
413 3889 446 3951 et
469 3884 556 3970 quod
578 3885 655 3951 huic
676 3906 778 3970 paene
802 3882 975 3968 gemellum
1000 3887 1049 3948 est
1071 3904 1097 3946 c.
1121 3900 1158 3945 1x
1180 3881 1220 3946 10

598 4042 602 4049 .
670 4013 687 4057 ο
710 3997 863 4074 ονανλνιν
885 3995 930 4055 est
950 3989 1112 4055 hominnm
1136 3989 1320 4068 beatiorum,

670 4100 748 4181 ονὶά
769 4119 817 4163 me
840 4098 953 4163 loetins
974 4102 1018 4162 est
1041 4096 1218 4162 bmtirnue?

412 4206 701 4272 Praetermittimus
725 4205 936 4289 comparativi
958 4204 1078 4269 formas
1096 4205 1314 4282 ommstmrnm,
1337 4203 1515 4281 beatiorum,
1540 4224 1648 4288 quam-

413 4335 509 4399 quam
532 4313 656 4399 proprii
679 4313 757 4397 quid
774 4312 904 4396 habent,
928 4310 1046 4395 quibus
1066 4309 1247 4377 consimilis
1265 4309 1343 4374 alibi
1361 4312 1522 4396 leguntur,
1546 4331 1571 4375 ο.
1587 4310 1647 4374 v2

412 4440 608 4504 memoresque
629 4441 737 4486 sennm
755 4421 949 4498 secretiorum,
972 4436 1024 4482 xn
1039 4417 1059 4481 3
1078 4417 1162 4483 tollis
1179 4417 1276 4483 linteo
1294 4417 1568 4501 neymymtiornm
1592 4417 1647 4482 sed

413 4527 500 4613 quod
528 4527 641 4593 scribit
667 4533 819 4609 οααιιίννι
846 4532 890 4592 est
911 4526 1087 4603 hominnm,
1115 4523 1146 4589 h.
1165 4545 1190 4588 e.
1217 4524 1345 4591 Veneres
1370 4523 1599 4607 Cupidinesque
1620 4530 1648 4589 et

412 4654 517 4699 omnes
538 4640 681 4717 ονοίοαοί
701 4639 775 4700 sunt
795 4633 934 4699 homines
951 4632 1146 4709 venustiores,
1170 4635 1203 4696 et
1221 4630 1322 4697 altero
1342 4632 1489 4715 exemplo
1507 4632 1647 4697 omninm

501 4790 805 4855 ⁸1⁶)Gthelfflini
830 4791 865 4846 de
888 4788 1081 4861 geminatione
1105 4788 1241 4843 sermonis
1261 4788 1356 4843 Latini
1379 4787 1492 4847 libellus
1516 4788 1547 4843 in
1565 4788 1647 4843 Actis

412 4880 575 4937 academiae
593 4880 745 4935 Bararicae
764 4884 873 4935 a.1882
893 4879 987 4934 editus
1006 4896 1033 4949 p.
1049 4883 1109 4933 46⁷.
