3967 5725
494 619 496 623 ’
601 634 650 684 nn
669 634 845 686 vsnsmus
864 635 1076 686 uounucms
1095 634 1195 686 acon
1212 635 1367 688 sanarer.
1535 636 1602 700 455

368 794 449 878 sive,
478 795 564 878 quod
592 800 725 879 propter
751 794 841 860 illam
864 796 1109 861 similitudinem
1131 797 1225 861 nobis
1248 797 1474 882 praestabilius
1498 799 1602 863 visum

367 906 426 985 est,
444 907 482 966 ut
499 905 738 986 pentametrum
756 903 906 987 expleant

412 985 607 1075 iuimicitias
626 1008 857 1090 Pelopidarum
880 1012 1030 1076 mandas
1053 1012 1120 1076 iam
1138 1017 1229 1094 atquc
1246 1012 1434 1078 oblitteratas
1452 1013 1603 1078 malacria

412 1117 582 1182 aenam

368 1223 491 1288 Verum
515 1222 671 1307 quidquid
695 1223 858 1303 statuitur,
882 1224 922 1288 ad
943 1229 1090 1289 nostram
1109 1245 1236 1290 causam
1254 1225 1339 1290 nihil
1357 1227 1504 1292 interest:
1527 1249 1602 1290 nam

367 1334 516 1395 nostrum
543 1351 610 1394 non
636 1334 703 1395 tam
730 1334 779 1394 est
807 1330 904 1395 verba
927 1329 1020 1396 Accii
1047 1332 1113 1396 suis
1141 1331 1286 1397 versibus
1314 1333 1482 1398 restituere
1506 1355 1603 1417 quam

367 1458 479 1501 eorum
512 1437 730 1524 integritatem
758 1460 777 1501 a
805 1437 990 1502 criticorum
1023 1439 1204 1504 temeritate
1233 1440 1403 1506 vindicare.
1447 1438 1486 1504 Id
1516 1441 1603 1524 quod

367 1543 453 1608 cadit
475 1543 572 1608 etiam
595 1545 628 1608 in
652 1544 715 1610 hoc
738 1543 922 1629 exemplum
946 1544 1034 1628 quod
1056 1545 1141 1611 idem
1164 1545 1292 1612 Nonius
1316 1547 1543 1632 suppeditavit.
1597 1547 1606 1558 “

458 1669 492 1716 11.
524 1650 563 1715 In
593 1651 678 1718 libro
711 1652 809 1716 tertio
838 1652 1085 1736 compendiosae
1115 1652 1280 1718 doctrinae
1308 1655 1364 1738 qui
1392 1654 1460 1740 agit
1489 1655 1527 1718 de
1555 1656 1602 1719 in·

367 1758 513 1824 (lucretis
537 1757 709 1843 generibus
732 1781 762 1841 p.
781 1757 857 1842 225,
875 1758 919 1822 32
942 1758 1021 1824 haec
1039 1759 1193 1845 leguntur
1617 1784 1642 1824 ro

502 1865 640 1947 ‘squalor
666 1865 836 1930 masculini
862 1871 905 1930 cst
930 1869 1060 1948 pencris.
1097 1867 1263 1933 Femiaiai
1285 1868 1402 1934 Accius
1423 1869 1601 1952 Eurysace:

502 1972 582 2055 “pro
610 1974 645 2037 di
672 1973 853 2038 camales
879 1974 1009 2054 speciem
1036 1973 1209 2038 taraucam
1237 1975 1425 2041 inusitatam
1447 1977 1602 2058 waplam

499 2080 668 2162 iadqaaac
691 2079 780 2145 clade
801 2086 829 2144 et
850 2080 1107 2161 squalitadiac’'.’

365 2186 442 2252 Non
461 2192 510 2252 est
528 2186 616 2270 quod
633 2185 812 2252 levissimas
832 2208 975 2270 quasque
994 2187 1171 2271 scripturae
1190 2187 1420 2273 discrepantias
1440 2210 1603 2253 enumere-

366 2314 451 2377 mus,
480 2315 561 2378 quae
583 2293 650 2358 lere
677 2315 718 2358 ne
746 2293 928 2378 impediunt
955 2293 1084 2376 quidem
1109 2293 1281 2376 quominus
1305 2299 1499 2380 agnoscatur
1523 2295 1602 2379 quid

366 2422 477 2465 verum
497 2402 539 2464 sit
556 2406 612 2465 aut
631 2400 709 2485 quid
728 2400 885 2484 scriptum
903 2399 1011 2465 fuerit.
1044 2398 1153 2465 Unum
1172 2402 1369 2485 inusitatam,
1388 2402 1475 2486 quod
1488 2405 1601 2467 tenent

330 2517 350 2574 9
368 2507 443 2571 libri
467 2529 587 2592 omnes,
610 2507 720 2592 quaeri
743 2510 879 2591 oportet
901 2508 985 2571 sitne
1008 2507 1055 2572 ita
1077 2511 1162 2573 recte
1181 2508 1338 2592 scriptum
1357 2531 1398 2574 an
1416 2531 1475 2593 pro
1495 2532 1532 2575 eo
1551 2512 1601 2575 ia-

365 2616 526 2680 acaum
549 2614 777 2700 reponendum,
799 2614 886 2698 quod
911 2636 983 2680 cum
1007 2614 1065 2679 illo
1089 2615 1187 2680 etiam
1208 2615 1285 2680 alibi
1304 2620 1522 2700 permutatum
1542 2622 1599 2682 est.

366 2721 429 2786 Sed
452 2722 557 2787 critici
578 2721 642 2788 hoc
665 2722 757 2806 quasi
779 2721 898 2786 tradito
921 2724 1059 2786 utuntur
1081 2743 1148 2787 non
1171 2726 1208 2787 ut
1226 2726 1378 2787 tueantur
1396 2723 1453 2788 sed
1470 2727 1508 2787 ut
1525 2724 1600 2790 inde

365 2829 509 2895 efficiant
528 2850 591 2914 quo
612 2850 692 2914 opus
712 2829 814 2894 sitne
834 2830 937 2895 oratio
956 2833 1038 2896 ruat.
1071 2828 1266 2895 Pendentem
1283 2831 1367 2896 enim
1382 2831 1599 2897 accusativum
1614 2857 1641 2897 so

363 2939 495 3020 speram
521 2938 696 3002 humanam
723 2959 780 3020 eqs
808 2959 848 3002 ne
876 2960 935 3003 suo
963 2938 1120 3024 regimine
1149 2960 1256 3002 carere
1284 2941 1485 3023 paterentur,
1514 2939 1601 3022 quod

364 3044 437 3109 usui
457 3047 541 3109 esset
560 3066 599 3108 ex
617 3046 815 3109 invisitatam
833 3046 1005 3128 petierunt.
1038 3044 1152 3129 ltaque
1166 3068 1185 3108 a
1200 3045 1312 3109 Bothii
1326 3047 1457 3111 invento
1471 3047 1599 3111 incluto

364 3158 431 3216 tam
454 3153 608 3234 epreya‘am
632 3172 764 3215 exorsus
787 3149 887 3215 Nonii
911 3152 1087 3235 sospitator
1109 3151 1189 3215 haec
1212 3154 1246 3215 in
1270 3152 1447 3236 exemplari
1470 3174 1528 3217 suo
1553 3174 1599 3216 re·

365 3258 596 3343 praesentavit:

492 3387 555 3448 pro
578 3366 614 3430 da'
636 3365 835 3430 inmortales!
856 3366 986 3447 spetiem
1009 3364 1183 3428 humanam
1207 3365 1368 3429 invisito

498 3479 572 3539 tam
596 3472 763 3555 eprc'piam,
786 3473 954 3555 iudicaram
977 3471 1100 3536 scabie
1122 3476 1150 3536 ct
1171 3470 1393 3552 squalitada'ae.

364 3579 404 3645 In
427 3581 544 3665 quibus
566 3580 668 3646 scabie
691 3579 778 3663 quod
800 3580 911 3663 posuit
934 3599 994 3662 pro
1018 3578 1105 3643 clade
1129 3576 1303 3665 (namhoc
1326 3579 1431 3643 inesse
1449 3578 1483 3643 in
1501 3579 1599 3643 libro-

364 3711 436 3753 rum
455 3688 544 3754 auda
556 3687 681 3772 pridem
695 3690 899 3772 perspectum
914 3682 977 3772 est)
991 3684 1216 3770 relinquimus:
1236 3687 1372 3750 alterum
1387 3685 1474 3769 quod
1487 3707 1599 3750 vocem

363 3796 560 3860 inusitatam
589 3793 742 3859 dissecuit
769 3795 804 3857 in
831 3793 923 3878 duaa,
953 3793 1015 3859 etsi
1042 3792 1236 3878 perdignum
1264 3796 1313 3856 est
1341 3813 1458 3878 magno
1488 3791 1599 3858 critico

362 3902 498 3984 facinus,
516 3922 584 3966 non
601 3905 710 3966 tamen
728 3901 797 3966 eius
812 3899 1004 3965 desiderium
1018 3900 1172 3985 explevit:
1192 3898 1292 3964 sensit
1306 3900 1392 3963 enim
1406 3899 1470 3963 iam
1484 3920 1598 3982 parum
1613 3923 1640 3963 so

364 4012 477 4092 aptum
504 4030 573 4073 esse
600 4013 679 4087 tarra
708 4012 740 4071 et
767 4007 911 4072 modeste
938 4006 1106 4070 adnotavit
1130 4005 1211 4072 ‘tam
1238 4006 1376 4071 fortasse
1402 4004 1598 4070 delendum’.

364 4113 536 4180 Deleamus
564 4116 706 4199 ineptam
734 4114 933 4199 particulam.
971 4112 1055 4189 Quid
1083 4116 1153 4177 tum
1179 4112 1313 4197 postca?
1349 4110 1476 4196 Nempe
1501 4111 1599 4196 periit

365 4222 500 4287 eximiae
523 4220 731 4286 divinationis
754 4219 976 4305 probabilitas.
1012 4217 1127 4303 Itaque
1149 4241 1216 4284 rem
1234 4219 1269 4284 in
1286 4219 1392 4285 medio
1412 4240 1508 4304 opere
1526 4218 1599 4283 reli-

364 4330 449 4414 quit,
477 4332 509 4393 et
539 4328 612 4393 aliis
640 4327 878 4393 commendavit
905 4325 992 4411 quod
1022 4328 1091 4411 ipse
1117 4347 1183 4390 non
1211 4326 1329 4409 probat
1351 4326 1414 4391 nisi
1438 4329 1599 4409 exparte.

364 4435 486 4501 Eadem
513 4436 566 4500 via
592 4436 723 4520 longius
746 4437 917 4519 provectus
941 4435 990 4499 est
1014 4433 1041 4497 is
1065 4432 1120 4517 qui
1142 4433 1341 4518 excogitavit
1365 4430 1453 4516 quod
1476 4429 1598 4497 Onions

364 4565 423 4608 suo
447 4546 539 4608 textu
561 4542 694 4627 recepit,
717 4542 774 4626 qui
796 4545 833 4605 ut
856 4542 911 4605 ille
933 4538 1128 4624 percupidus
1147 4542 1197 4603 est
1214 4538 1358 4605 Nonium
1379 4560 1474 4623 quam
1494 4560 1598 4603 emcn-

363 4649 567 4715 datissimum
591 4648 776 4714 exhibendi:
800 4647 912 4712 scribit
935 4646 1021 4711 enim

500 4755 566 4821 Pro
589 4757 624 4820 di
647 4754 848 4820 inmortales!
869 4755 999 4836 maciem
1021 4754 1195 4818 cumaeam
1218 4754 1350 4832 incisi,
1374 4755 1429 4818 ita

497 4862 683 4945 Eprepa'am,
706 4863 841 4944 iudipaa
864 4860 951 4926 clade
973 4881 1012 4925 ac
1033 4860 1252 4943 squalita‘diae.
