3967 5725
566 655 569 658 ·
689 646 939 710 qusnsrrouns
958 645 1276 699 rnrsrornsunrn:
1536 645 1601 708 299

366 807 413 874 At
444 813 552 873 tamen
581 808 661 874 haec
689 830 884 892 quamquam
912 811 987 892 apte
1015 811 1048 872 et
1075 807 1200 872 utiliter
1227 807 1354 873 adnecti
1381 807 1601 892 superioribus

365 914 529 999 ridentur,
561 936 634 981 oum
667 915 784 998 quibus
816 916 850 978 in
879 937 976 979 uuam
1005 918 1038 978 et
1065 914 1243 980 orationem
1270 919 1303 980 et
1331 916 1521 980 sententiam
1551 905 1618 980 co·¹

366 1022 512 1088 alescunt
544 1020 708 1108 (poterant
741 1022 825 1086 enim
853 1020 933 1086 haec
960 1043 1020 1106 per
1047 1043 1081 1086 se
1110 1025 1256 1088 constare
1283 1022 1373 1087 nulla
1400 1044 1436 1086 re
1463 1021 1601 1106 amplius

366 1129 475 1194 addita
498 1128 563 1212 ἐγώ
587 1145 624 1193 σε
646 1130 776 1212 ποιήσοι
793 1139 1006 1214 τριηραρχεῖν
1025 1127 1247 1194 ἀναλίσκοντα
1265 1139 1333 1195 τῶν
1351 1126 1500 1215 σαυτοῦ),
1524 1130 1602 1213 quid

365 1236 456 1301 iuvat
473 1236 546 1320 hoc,
565 1237 592 1301 si
612 1257 694 1319 quae
709 1236 923 1319 insequuntur
936 1235 1040 1300 nihilo
1054 1237 1160 1301 minus
1175 1235 1232 1300 illa
1245 1257 1315 1301 esse
1329 1235 1502 1302 reiioienda
1516 1237 1600 1300 evin-

366 1347 453 1428 cunt,
477 1345 624 1409 ιταλαιάν
646 1352 733 1408 ναῦν
755 1339 868 1427 ἔχοντ’
891 1344 939 1418 είς
961 1342 1005 1426 ἣν
1028 1342 1162 1408 ἀναλῶν
1185 1343 1247 1409 οὐκ
1269 1341 1417 1427 έφέξειςλ
1455 1341 1509 1410 Sic
1532 1366 1601 1408 sen-

365 1451 444 1516 sisse
468 1449 612 1516 Kockius
640 1449 783 1534 ridetur,
811 1448 867 1533 qui
890 1449 937 1514 ita
959 1449 1092 1533 indicat,
1117 1451 1252 1514 sirecte
1276 1449 1501 1538 intelligimus,
1525 1451 1601 1534 quia

364 1557 578 1622 subiiciantnr
604 1556 684 1622 haec
711 1559 759 1633 είς
784 1557 828 1641 ἣν
850 1555 1006 1621 ἀναλῶν
1034 1557 1095 1622 οὐκ
1119 1555 1259 1640 ἐφέξεις,
1289 1557 1340 1622 his
1363 1579 1430 1622 non
1453 1558 1601 1642 apposite

364 1665 529 1748 praemitti
551 1685 653 1749 paene
676 1662 809 1728 eandem
828 1663 863 1727 in
882 1663 1073 1728 sententiam
1093 1663 1361 1730 ἀναλίσκοντα
1379 1675 1446 1730 τῶν
1466 1673 1600 1730 σαυτοῦ.

364 1769 435 1848 Qua
458 1773 550 1837 inre
573 1792 633 1835 nos
656 1772 703 1836 ita
725 1770 920 1855 quaerimus:
944 1792 1026 1855 quae
1045 1772 1131 1836 mala
1149 1776 1224 1835 sunt
1243 1775 1357 1856 suapte
1375 1776 1499 1854 natura,
1523 1793 1600 1836 eane
1616 1799 1641 1839 ro

363 1883 503 1964 possunt
522 1879 618 1943 certis
638 1877 882 1944 condicionibus
901 1879 997 1943 etiam
1016 1879 1126 1962 peiora
1144 1878 1236 1943 fieri?
1269 1877 1303 1942 si
1322 1881 1517 1964 τριηραρχία
1535 1900 1601 1942 non

365 1990 564 2068 potestesse
587 1986 656 2049 sine
679 1985 772 2071 gravi
794 1985 841 2048 rei
863 1984 1033 2050 familiaris
1057 1985 1235 2070 impendio,
1258 1989 1437 2070 possuntne
1459 1985 1600 2051 rationes

361 2092 553 2178 excogitari,
582 2092 698 2177 quibus
726 2091 790 2157 hoc
817 2091 1015 2176 impendium
1043 2093 1258 2157 necessarium
1286 2091 1383 2156 etiam
1412 2092 1541 2176 gravius
1568 2096 1601 2156 et

362 2199 576 2284 perniciosius
600 2200 714 2264 evadat
733 2209 778 2287 τῷ
792 2199 1075 2284 τριηραρχοῦντιλ
1099 2199 1206 2276 cuod
1225 2200 1252 2263 si
1271 2203 1329 2282 est,
1353 2200 1430 2283 quid
1448 2199 1598 2284 impedie-

363 2307 420 2370 bat
438 2308 610 2390 quominus
629 2305 805 2391 Paphlago,
824 2328 919 2390 quem
938 2306 1001 2373 hoc
1019 2327 1114 2392 agere
1132 2307 1277 2372 ridemus
1296 2311 1333 2371 ut
1353 2306 1598 2372 terribilissimis

363 2413 461 2477 minis
478 2415 515 2477 in
531 2416 687 2479 terrorem
706 2413 857 2478 coniiciat
875 2412 1116 2498 allantopolam‚
1138 2418 1310 2498 postquam
1330 2437 1397 2479 rem
1416 2414 1599 2478 universam

365 2519 561 2606 significarit
582 2542 680 2604 quam
699 2542 733 2584 se
752 2521 971 2605 perfecturum
989 2521 1168 2605 profitetur,
1188 2523 1314 2605 ποιήσοι
1334 2538 1370 2586 σε
1389 2532 1600 2605 τριηραρχεῖν

361 2625 586 2692 ἀναλίσκοντα
607 2637 675 2692 τῶν
693 2637 829 2711 σαυτοῦ,
852 2627 1062 2712 subiungeret
1080 2629 1238 2694 rationem
1257 2629 1460 2713 peculiarem,
1484 2650 1548 2713 qua
1567 2649 1600 2697 se

364 2733 451 2816 quod
479 2755 604 2818 semper
630 2733 825 2798 horrendum
853 2739 921 2799 erat
949 2735 1048 2800 etiam
1076 2734 1265 2802 horribilius
1293 2735 1494 2801 redditurum
1520 2734 1601 2799 indi-

362 2844 459 2926 caret,
482 2842 628 2907 παλαιὰν
651 2850 737 2906 ναῦν
760 2838 879 2926 ἔχοντα
902 2844 950 2920 εἰς
971 2842 1015 2926 ἣν
1037 2842 1172 2909 ἀναλῶν
1195 2842 1257 2909 οὐκ
1276 2841 1422 2927 ἐφεξειςλ
1458 2841 1502 2907 Et
1520 2841 1600 2907 haec
1615 2870 1640 2908 so

362 2970 446 3032 qnae
464 2948 543 3014 dicit
556 2948 713 3013 ἀναλῶν
728 2949 788 3014 οὐκ
803 2948 929 3033 ἐφέξεις
943 2950 1097 3034 quoniam
1110 2972 1151 3015 ne
1165 2955 1303 3035 possunt
1317 2951 1447 3035 quidem
1462 2951 1539 3014 satis
1554 2950 1600 3013 in-

362 3054 468 3142 telligi
480 3055 544 3119 nisi
557 3054 742 3119 memineris
754 3058 968 3141 τριηραρχίας
979 3057 1043 3123 hoc
1055 3076 1131 3141 esse,
1142 3056 1334 3123 ἀναλίσκειν
1345 3059 1385 3122 rot
1398 3055 1533 3140 ἑαυτῶν,
1544 3078 1601 3121 cur

362 3162 442 3227 adeo
461 3162 734 3246 reprehendimus,
758 3162 843 3246 quod
862 3162 924 3227 hoc
943 3164 1029 3247 quod
1048 3187 1114 3229 non
1132 3167 1241 3247 potest
1264 3186 1329 3228 non
1349 3162 1446 3228 simul
1464 3164 1600 3249 cogitari

364 3270 522 3353 expressis
537 3269 643 3334 verbis
659 3268 802 3334 additum
815 3268 963 3356 legimus,
977 3292 1014 3334 ao
1028 3293 1086 3336 nos
1103 3270 1230 3355 quidem
1244 3270 1289 3334 ita
1302 3271 1466 3355 sentimus,
1481 3269 1598 3333 abillis

364 3397 446 3459 quae
465 3379 541 3441 sunt
559 3376 780 3441 ἀναλίσκοντα
799 3386 868 3440 τῶν
886 3385 1012 3442 σαυτοῦ
1032 3376 1231 3442 commodius
1255 3376 1433 3441 orationem
1448 3375 1599 3463 progredi

362 3481 403 3547 ad
421 3482 501 3548 haec
519 3482 654 3549 ἀναλῶν
670 3484 731 3548 οὐκ
746 3481 882 3566 έφεξεις,
902 3505 998 3567 quam
1013 3488 1050 3547 ut
1064 3483 1116 3547 his
1130 3484 1247 3568 positis
1261 3482 1318 3547 illa
1333 3484 1425 3549 malis
1440 3481 1598 3568 abesse*).

453 3587 515 3653 Sed
544 3575 627 3656 esto:
655 3611 759 3673 neque
787 3591 872 3655 enim
901 3589 1023 3655 diutius
1051 3591 1085 3654 in
1109 3589 1160 3653 his
1183 3590 1330 3656 versibus
1354 3590 1518 3677 exigendis
1542 3591 1599 3655 im-

363 3694 569 3780 morabimur,
588 3719 669 3780 quos
688 3700 814 3762 tantum
833 3720 899 3762 non
917 3698 1174 3781 praetermittere
1193 3697 1388 3781 volebamus,
1411 3701 1599 3782 propterea

364 3825 446 3887 quae
461 3802 610 3888 deinceps
625 3804 744 3868 similia
758 3804 938 3869 exsecuturi
948 3826 1068 3869 sumus,
1092 3802 1176 3869 Sunt
1185 3804 1270 3868 enim
1281 3826 1389 3869 versus
1399 3804 1599 3888 Lysistratus

882 3908 926 3977 ’ὦ
953 3916 1019 3976 Ζεῦ
1046 3916 1112 3976 Ζεῦ

686 4017 751 4083 εἶθ’
780 4018 886 4102 αὐτὴν
908 4020 1019 4103 ὥσπερ
1043 4021 1122 4095 τοὺς
1145 4020 1282 4103 θωμοὺς

513 4201 521 4217 ,
686 4126 817 4213 μεγάλφ
840 4134 936 4214 τυφῷ
957 4124 1035 4210 [καὶ
1058 4134 1252 4210 πρηστῆρι

309 4262 352 4318 10
575 4230 640 4295 975
687 4229 906 4316 ξυστρέψας
927 4231 1006 4317 καὶ]
1031 4230 1349 4316 ξυνγοννυλίσας

686 4344 793 4423 οίχοιο
818 4337 945 4423 φέρων,
969 4331 1039 4404 εἶτα
1062 4343 1211 4423 μεθείης,

685 4445 706 4529 ἡ
730 4441 767 4510 dl
791 4443 918 4531 φέροιτ’
945 4441 988 4511 αὖ
1012 4445 1114 4509 πάλιν
1137 4447 1185 4521 είς
1207 4447 1269 4530 τὴν
1291 4456 1355 4530 γῆν

365 4551 455 4615 ethi
478 4553 512 4616 in
535 4550 877 4637 Thesmophoriazusis
900 4549 973 4639 (59)

452 4728 518 4799 ⁸26)
536 4727 580 4783 Ne
598 4728 795 4783 insimulemur
811 4744 872 4783 rem
889 4728 1086 4799 gravissimam
1105 4728 1336 4798 praetermisisse,
1355 4728 1409 4783 hoc
1423 4728 1552 4783 addimus
1568 4728 1598 4781 in

364 4816 549 4873 adnotatione
567 4817 747 4886 perbreviter,
767 4817 886 4871 duorum
903 4816 1119 4886 participiorum
1138 4833 1211 4886 quae
1230 4818 1269 4872 sit
1286 4816 1360 4872 ratio
1378 4817 1527 4872 obscurum
1542 4834 1597 4871 non

364 4921 424 4960 esse
444 4908 473 4961 et
491 4908 634 4961 cumulare
652 4906 804 4976 participia
823 4905 1007 4975 Aristophani
1026 4922 1162 4975 perquam
1180 4904 1321 4961 familiare
1339 4906 1435 4962 fuisse.
