3967 5725
726 607 777 656 Dr:
794 607 995 658 moelem
1012 609 1163 660 IDYLLIO
1182 610 1243 661 VII.

687 768 737 832 Es
759 770 801 833 ist
821 770 873 834 ein
896 767 1013 834 θῶκοι
1032 770 1181 854 posonen,

689 874 786 940 Deme
807 896 840 941 es
862 877 904 941 ist
924 876 1002 941 noct
1024 877 1111 942 nicht
1131 878 1204 942 Zeit

688 982 777 1048 nass
797 1003 858 1048 οοιι
880 984 941 1048 den
961 983 1126 1049 Bldmler‘n
1148 985 1232 1050 auen

695 1090 768 1156 Wir
789 1091 912 1155 werden
933 1090 1174 1178 hodrofreut*).

367 1194 584 1273 Quamobrem
606 1196 779 1262 Theocrito
801 1198 1020 1282 relinquamus
1043 1197 1125 1263 illud
1148 1220 1242 1264 suum
1266 1201 1348 1284 χιὼν
1371 1201 1415 1278 ὥς
1437 1224 1488 1278 τις
1510 1225 1603 1267 κατε-

366 1304 497 1386 τάκετο,
525 1304 612 1387 quod
639 1303 851 1389 intelligimus
874 1325 971 1389 quam
993 1304 1058 1370 late
1081 1309 1246 1391 patentem
1269 1308 1427 1372 rationem
1450 1312 1604 1392 sequatur

367 1414 399 1474 et
427 1433 524 1495 quam
551 1414 717 1475 attenuata
743 1432 805 1474 usu
831 1409 881 1474 vis
909 1411 954 1475 sit
978 1411 1080 1476 additi
1102 1414 1319 1497 pronominis,
1345 1414 1400 1478 vix
1423 1418 1460 1479 ut
1482 1415 1603 1481 incom-

367 1518 500 1584 modum
524 1519 681 1584 sentiatur
703 1518 813 1582 ullum.

455 1711 604 1778 Alterum
618 1715 657 1779 de
673 1736 737 1798 quo
751 1714 845 1778 nobis
859 1714 956 1778 iidem
971 1736 1083 1779 versus
1098 1715 1274 1782 disserendi
1288 1720 1454 1784 materiam
1463 1719 1602 1784 afferunt
1617 1757 1644 1800 10

366 1820 579 1886 conformatio
598 1825 648 1886 est
662 1822 838 1886 sententiae
853 1823 1103 1907 comparativae3
1122 1823 1161 1887 dc
1179 1845 1244 1907 quo
1258 1845 1374 1910 genere
1388 1825 1423 1890 iu
1435 1828 1603 1910 prooemio

366 1931 490 1993 aesta.
512 1926 598 1992 1885
617 1926 666 2014 (P
685 1946 698 1991 1
716 1951 747 2012 p.
767 1928 830 1993 297
843 1926 898 2014 ss.)
921 1927 1078 1994 nonnulla
1101 1932 1249 2014 exposita
1271 1935 1360 2016 sunt,
1388 1932 1446 1996 sed
1468 1955 1506 1998 ea
1528 1933 1605 1998 licet

365 2035 493 2119 plenius
516 2039 549 2100 et
572 2036 607 2099 in
625 2034 817 2118 quibusdam
836 2035 1017 2101 accuratius
1035 2039 1193 2120 persequi.
1232 2037 1483 2104 similitudinem
1501 2041 1604 2126 igitur

366 2165 385 2206 a
411 2142 609 2226 liquescente
635 2141 710 2206 nive
737 2142 779 2207 ad
804 2142 1022 2208 tabescentem
1050 2143 1215 2209 hominem
1243 2144 1430 2210 translatam
1461 2167 1533 2212 cum
1558 2147 1604 2212 ita

366 2251 477 2314 efferat
500 2247 692 2314 Theocritus

913 2358 958 2434 ὡς
981 2358 1079 2441 δρύες
1103 2358 1207 2424 αὐτὸν
1229 2357 1399 2444 ἐθρήνεον

500 2458 574 2529 εὖτε
597 2465 678 2548 χιὼν
702 2464 745 2540 ὥς
768 2489 818 2540 τις
840 2465 1075 2530 κατετάκετο
1099 2466 1228 2549 μακρὸν
1249 2464 1311 2550 ὑφ’
1337 2457 1447 2550 Αἷμον

367 2575 503 2655 apparet
529 2593 603 2636 eum
630 2593 695 2635 uno
723 2571 821 2635 verbo
846 2571 1033 2637 defunctum
1062 2594 1130 2637 esse
1154 2594 1228 2638 cum
1250 2576 1361 2658 posset
1383 2595 1502 2658 ponere
1526 2574 1603 2659 du03

366 2701 441 2744 nam
452 2678 625 2745 sententia
646 2679 726 2743 haec
744 2683 795 2743 est
812 2679 910 2762 δρύες
929 2679 1033 2745 αὐτὸν
1052 2679 1230 2763 ἐθρήνεον,
1254 2675 1329 2746 εὖτε
1347 2681 1540 2746 κατετάκειο
1560 2682 1604 2758 ὡς

366 2787 448 2872 χιών
471 2809 521 2864 τις
543 2785 758 2851 accucurrerunt
780 2784 839 2871 ὑφ’
868 2777 988 2872 Αἷμον,
1012 2786 1067 2851 sed
1086 2809 1187 2852 unum
1206 2788 1293 2873 quod
1311 2787 1422 2873 posuit
1441 2809 1513 2854 cum
1532 2810 1603 2853 nar-
1616 2812 1644 2853 ro

365 2893 484 2958 rationi
512 2893 643 2958 adderet
665 2893 836 2958 collocavit
858 2898 964 2960 tamen
989 2894 1081 2977 quasi
1104 2916 1204 2960 unum
1227 2895 1350 2981 duplici
1373 2895 1481 2961 officio
1505 2896 1604 2961 inser·

365 3002 456 3065 viens
484 3002 519 3065 in
546 3000 651 3066 media
679 3002 839 3066 sententia
866 3002 1093 3087 comparativa.
1130 3000 1182 3066 Ad
1211 3002 1348 3067 eundem
1373 3003 1507 3067 modum
1530 3024 1603 3069 con-

365 3108 504 3172 formata
527 3109 724 3192 comparatio
748 3111 797 3172 est
819 3108 854 3173 in
880 3108 993 3192 idyllio
1020 3110 1070 3193 12,
1089 3109 1109 3173 8

501 3218 624 3280 τόσσον
646 3211 696 3299 ἔμ’
724 3215 894 3300 εὔφρανας
916 3218 958 3281 τὺ
982 3219 1115 3300 φανείς,
1139 3217 1276 3302 σκιερὰν
1300 3214 1328 3281 d'
1356 3216 1422 3282 ὑπὸ
1447 3219 1558 3301 φανόν
1599 3198 1602 3205 ’

501 3322 614 3387 ἀελίου
639 3323 829 3408 φρύγοντος
853 3322 1029 3404 ὁδοιαόρος
1052 3320 1227 3407 ἔδραμον
1250 3324 1293 3401 ὥς
1316 3347 1376 3400 τις.

364 3427 491 3513 Nempe
509 3428 546 3493 ds
562 3428 664 3493 seille
679 3428 758 3494 dicit
773 3431 910 3513 σκιερὰν
924 3428 989 3494 ὑπὸ
1005 3432 1115 3512 φανὸν
1130 3429 1244 3496 ἀελίου
1257 3431 1446 3514 φρύγοντος
1455 3428 1603 3517 ἔδραμον

365 3536 475 3601 addita
503 3536 742 3619 comparatione
769 3537 813 3613 ὡς
842 3535 1019 3617 ὁδοιπόρος
1046 3560 1096 3613 τις
1123 3538 1236 3621 προέχει
1264 3537 1330 3603 ὑπὸ
1354 3540 1466 3623 φανὸν
1489 3538 1603 3633 ustrou

366 3644 568 3727 φρύγοντοςε
593 3643 639 3707 sic
662 3644 747 3707 enim
771 3643 828 3708 illo
852 3642 924 3709 loco
943 3642 1167 3727 explicuimus,
1191 3666 1263 3709 cum
1281 3646 1472 3728 interpretes
1491 3666 1510 3709 a
1528 3666 1603 3710 veru

365 3751 490 3815 ratione
517 3749 647 3835 longius
675 3750 883 3815 deerrassent.
924 3748 1069 3815 Verbum
1097 3750 1200 3836 igitur
1226 3774 1326 3817 unum
1350 3751 1437 3835 quod
1459 3751 1602 3836 positum

365 3860 428 3940 est,
454 3853 616 3941 ἔδραμον,
644 3879 726 3941 quae
747 3879 822 3944 pars
845 3861 895 3921 est
916 3857 1125 3942 narrationiS,
1149 3859 1255 3923 locum
1278 3858 1377 3923 habet
1399 3860 1435 3923 in
1458 3856 1601 3923 oratione
1615 3881 1643 3922 so

366 3963 591 4049 comparativa.
630 3964 775 4029 Tertium
798 3963 944 4029 addimus
967 3964 1082 4048 id17,
1105 3964 1166 4029 107

500 4070 541 4135 οὐ
564 4072 630 4152 μὰν
653 4070 782 4156 ἀχρεῖός
805 4094 843 4155 γε
866 4072 957 4159 δόμῳ
981 4070 1033 4137 ἑνὶ
1057 4074 1149 4137 πίονι
1172 4074 1296 4157 χρυσός

499 4179 681 4262 μυρμάκων
704 4180 760 4243 ἅτε
782 4182 925 4255 πλοῦτος
948 4178 1000 4244 ἀεὶ
1022 4177 1182 4264 κέχυται
1205 4181 1404 4262 μογεόντων.

366 4282 446 4350 Cum
480 4286 565 4350 enim
598 4285 638 4349 ad
667 4285 747 4349 haec
774 4285 837 4350 οὐκ
865 4284 994 4370 ἀχρεῖος
1022 4287 1144 4371 χρυσὸς
1172 4284 1209 4351 ἐν
1237 4287 1328 4374 δόμῳ
1355 4285 1490 4371 κέχυται
1518 4307 1603 4350 com·

365 4392 509 4477 parandi·
524 4414 619 4458 causa
641 4392 778 4457 addatur
801 4393 857 4457 ἅτε
879 4393 1063 4476 μυρμάκων
1085 4397 1229 4471 πλοῦτος
1253 4390 1303 4458 ἀεὶ
1324 4395 1516 4477 μογεόνιων
1534 4392 1601 4458 scil.

365 4497 487 4583 χέεται,
514 4520 625 4563 rursus
647 4499 795 4577 verbum,
823 4499 909 4582 quod
932 4521 1032 4563 unum
1056 4503 1119 4583 est,
1146 4499 1359 4586 intelligimus
1382 4499 1417 4565 in
1441 4522 1602 4585 compara-

455 4764 500 4833 ·4)
520 4762 679 4835 [Quaedam
686 4763 791 4817 similia
799 4780 833 4816 ex
840 4762 1009 4817 nostratium
1017 4780 1070 4816 usu
1078 4762 1379 4819 affertM.Rannowius
1387 4764 1417 4819 in
1424 4766 1600 4820 wochcnochr.

364 4856 386 4921 j.
401 4855 478 4909 cluss.
490 4854 559 4923 phil.
576 4857 646 4907 1895
660 4871 688 4907 κ,
703 4853 759 4924 49.]
