3967 5725
352 625 418 690 286
553 627 663 678 XLVII.
682 627 798 677 INDEX
816 625 1031 677 LECTIONUM
1049 625 1281 676 AESTIVARUM
1300 628 1378 677 1898.

351 791 403 854 vel
430 810 541 853 eorum
569 787 747 852 similitudo
776 787 869 852 docet
898 810 979 871 quae
1006 787 1040 850 in
1063 786 1188 852 Avibus
1212 787 1411 870 sycophanta
1435 787 1585 854 inductus

351 898 391 961 de
413 918 447 961 se
469 895 595 980 liquido
619 899 651 959 et
673 896 764 959 nullo
787 894 910 978 pudore
928 894 1071 979 exponit,
1095 917 1133 958 cx
1154 894 1270 977 quibus
1288 915 1392 978 pauca
1410 895 1584 982 seligimus.

353 1005 436 1069 1421
486 1007 559 1068 ΠΕ.
583 1014 655 1086 μῶν
678 1002 765 1067 εὐθὺ
790 1004 963 1085 Πελλήνης
985 1000 1145 1066 πέτεσθαι
1169 991 1336 1086 διαυοεῖη
1421 1067 1424 1072 ,

488 1114 558 1174 ΣΤ.
581 1110 627 1193 μά
649 1107 703 1174 Ac
732 1108 815 1173 άλλά
838 1111 961 1191 κλητήρ
985 1110 1051 1190 εἰμι
1076 1109 1271 1190 νησιωτικὸς

583 1214 638 1281 καλ
662 1216 875 1299 συκοφάντης

583 1321 638 1387 καὶ
661 1323 944 1408 πραγματοδίφης.
968 1315 1038 1387 εἶτα
1062 1320 1178 1406 δέομαι
1201 1323 1305 1406 πτερά
1329 1323 1441 1406 λαβὼν

353 1432 438 1496 1425
583 1431 694 1517 κύκλῳ
717 1431 904 1514 περισοβεῖν
927 1428 985 1504 τάς
1007 1431 1121 1506 πόλεις
1143 1429 1347 1510 καλούμενος
1372 1468 1414 1476 -
1438 1469 1480 1478 -

355 1592 438 1657 1431
487 1596 561 1656 ΠΕ.
586 1593 719 1666 νεανίας
743 1591 791 1654 ὢν
814 1601 1036 1673 συκοφαντεῖς
1059 1591 1137 1664 τοὺς
1160 1586 1289 1666 ξένουςς

353 1752 438 1817 1452
487 1756 557 1816 ΣΤ.
580 1760 737 1838 παππῷος
760 1750 777 1816 ὁ
801 1752 875 1832 βίος
897 1759 1123 1832 συκοφαντεῖν
1146 1749 1218 1814 έστί
1237 1775 1302 1834 μοι.

311 1887 338 1925 ιο
583 1858 667 1923 άλλδι
689 1857 813 1942 πτέρου
835 1880 876 1938 με
899 1855 1012 1939 ταχέσι
1035 1855 1089 1921 καὶ
1113 1857 1253 1941 κούφοις
1276 1869 1408 1944 πτεροῖς

584 1964 713 2051 έέρακος
735 1963 755 2047 ή
778 1965 975 2048 κερχνῇδος,
999 1964 1043 2040 ὡς
1066 1962 1108 2029 dv
1131 1966 1209 2040 τοὺς
1233 1963 1348 2043 ξένους

352 2072 439 2139 1455
583 2073 804 2153 καλεσάμενος
825 2062 896 2156 κᾷτ’
924 2068 1128 2155 ἐγκεκληκὼς
1151 2069 1271 2136 ἐνθαδὶ

582 2178 658 2244 κατ’
681 2173 724 2243 αὖ
747 2177 894 2262 πέτωμαι
917 2178 1021 2243 πάλιν
1044 2176 1157 2243 ἐκεῖσε.
1181 2183 1253 2243 ΠΕ.
1273 2182 1445 2264 μανθάνω.

582 2285 644 2352 ὡδὶ
669 2285 787 2367 λέγεις·
811 2284 901 2362 ὅπως
924 2284 967 2350 dv
990 2286 1127 2371 ὠφλήκῃ
1152 2287 1249 2370 δίκην

583 2393 705 2458 ἐνθάδε
728 2392 808 2476 πρὶν
830 2392 925 2475 ήκειν
947 2391 964 2457 ὁ
989 2391 1090 2470 ξένος.
1125 2398 1193 2458 ΣΤ.
1215 2394 1305 2458 πάνυ
1328 2397 1521 2480 μανθάνεις.

485 2506 558 2566 ΠΕ.
582 2497 715 2565 κᾶπειθ’
743 2498 761 2565 ὁ
784 2495 846 2582 μὲν
868 2504 944 2564 πλεῖ
966 2501 1078 2585 δεῦρο,
1102 2502 1144 2565 σὺ
1168 2498 1198 2564 δ’
1225 2500 1329 2568 ἐκεῖσ’
1354 2497 1396 2568 αὖ
1419 2502 1510 2570 πέτει

353 2608 439 2672 1460
574 2607 802 2691 ἁρπασόμενος
824 2607 865 2669 τά
888 2605 1021 2691 χρήματ’
1051 2607 1165 2673 αὐτοῦ.
1198 2612 1267 2673 ΣΥ.
1291 2607 1386 2675 πάντ’
1413 2607 1507 2696 ἔχεις.

349 2715 397 2781 Ut
423 2715 591 2781 mittamus
620 2715 684 2779 alia
711 2734 794 2797 qnae
817 2713 887 2777 eius
911 2715 1038 2799 generis
1063 2715 1229 2799 complura
1252 2721 1329 2780 sunt
1351 2717 1437 2802 apud
1459 2717 1584 2784 Aristo-

352 2824 497 2909 phanem.
534 2821 638 2889 Nobis
662 2821 741 2887 satis
764 2825 814 2886 est
836 2820 1015 2887 ostendisse
1033 2844 1074 2888 ne
1093 2823 1134 2888 ab
1153 2823 1213 2889 hac
1232 2823 1362 2909 quidem
1380 2847 1414 2891 re
1433 2826 1584 2893 restituto

310 2957 337 2996 ao
351 2932 456 2996 ordini
479 2953 630 2996 versuum
653 2930 753 2994 ullam
778 2928 856 2993 oriri
879 2928 1112 2995 difficultatem.

438 3038 606 3103 Postremo
634 3059 675 3101 ne
703 3036 781 3120 quid
807 3037 1102 3120 praetermittamus
1132 3060 1196 3122 quo
1224 3044 1335 3105 nostra
1358 3039 1585 3107 corroboretur

351 3147 471 3231 opinio,
495 3145 582 3231 quod
604 3144 729 3209 librarii
753 3144 926 3209 oscitantia
948 3166 967 3207 a
990 3142 1053 3208 καλ
1077 3156 1212 3222 σκοπεῖς
1229 3144 1325 3233 (264)
1349 3147 1390 3211 ad
1410 3148 1474 3212 κάν
1491 3144 1583 3235 (κήν)

349 3252 410 3318 τιν’
439 3251 534 3339 (261)
559 3252 737 3318 aberrantis
761 3251 841 3315 duos
864 3273 974 3315 versus
997 3252 1083 3315 inter
1106 3253 1309 3318 scribendum
1333 3253 1482 3339 omissos,
1510 3254 1585 3321 dein

350 3360 516 3445 suppletos
543 3381 610 3424 non
637 3381 728 3424 suam
755 3358 925 3442 pristinam
953 3358 1062 3423 sedem
1090 3380 1264 3443 occupasse
1292 3360 1478 3446 statuimus,
1505 3362 1585 3445 quid

349 3469 384 3531 in
416 3489 453 3532 ea
482 3490 516 3531 re
543 3470 594 3531 cst
621 3466 708 3550 quod
735 3465 787 3529 vel
814 3465 1013 3530 severissime
1041 3466 1197 3531 iudicanti
1223 3468 1411 3533 incredibile
1438 3457 1585 3535 videatur

350 3579 407 3639 aut
429 3596 501 3640 cum
520 3574 649 3639 illorum
668 3573 801 3637 audacia
819 3571 1005 3637 conferatur
1022 3573 1079 3656 qui
1097 3573 1251 3638 littelulis
1269 3574 1432 3640 liberrimo
1450 3578 1584 3642 mutatis

350 3681 412 3746 sibi
440 3682 503 3746 visi
531 3684 607 3746 sunt
635 3679 720 3765 quod
747 3678 916 3764 probabile
940 3680 983 3742 sit
1007 3682 1145 3744 assecuti
1168 3702 1244 3745 esse.
1283 3680 1432 3747 Ceterum
1454 3683 1489 3747 in
1511 3706 1584 3767 pro-

349 3790 462 3874 patulo
486 3793 548 3873 est,
576 3792 609 3852 et
630 3787 692 3853 hac
714 3792 747 3852 et
769 3786 826 3851 illa
848 3786 901 3851 via
924 3786 1115 3851 emendandi
1137 3809 1232 3871 posse
1255 3790 1395 3873 peccari,
1418 3794 1451 3855 et
1474 3792 1584 3855 omnia

349 3897 488 3982 pendere
514 3919 533 3959 a
555 3895 766 3960 moderatrice
788 3893 902 3957 harum
927 3914 1033 3956 rerum
1056 3894 1190 3959 ratione.
1226 3892 1339 3979 ltaque
1362 3900 1399 3961 ut
1421 3896 1478 3961 illa
1502 3920 1584 3981 quae

310 4030 337 4069 so
350 4003 455 4068 adhuc
478 4003 727 4086 disceptavimus
749 3999 955 4083 manspositis
974 4000 1120 4065 versibus
1139 4002 1243 4067 sanari
1263 4003 1463 4090 confidimus,
1485 4004 1532 4069 ita
1549 4008 1584 4069 in

351 4112 547 4175 contrarium
570 4108 810 4193 transponendo
835 4106 912 4191 quid
935 4108 1045 4171 noceri
1063 4108 1166 4191 possit
1186 4110 1296 4174 statim
1316 4110 1417 4176 altero
1437 4112 1582 4197 exemplo

351 4239 391 4281 ex
412 4216 588 4301 Equitibus
611 4218 713 4302 petito
738 4214 898 4279 declarare
921 4213 1118 4279 conabimur.

439 4324 518 4390 Inde
541 4346 561 4387 a
582 4346 611 4388 v.
632 4322 675 4388 80
698 4343 802 4387 sermo
826 4321 961 4385 duorum
986 4320 1182 4387 famulorum
1205 4323 1251 4389 ita
1274 4326 1428 4409 procedit.

396 4431 439 4496 80
495 4435 558 4496 NI.
581 4431 757 4515 κράτιστον
781 4424 843 4493 οὖν
866 4436 932 4515 νῷν
955 4426 1150 4494 ἀποθανεῖν.
1184 4436 1260 4495 ΔΗ.
1284 4431 1367 4497 ἀλλὰ
1391 4436 1506 4499 σκόπει

583 4537 671 4613 ὅπως
695 4535 737 4600 dv
760 4536 984 4615 ἀποθάνωμεν
1009 4534 1247 4621 ἀνδρικώτατα.

494 4648 558 4708 ΝΙ.
580 4656 649 4721 πῶς
672 4645 755 4727 δήια
777 4654 847 4719 πῶς
870 4640 998 4723 γένοιτ’
1020 4640 1063 4707 άυ
1087 4642 1328 4725 άνδρικώτατα;

583 4751 755 4834 βέλτιστον
778 4748 857 4833 ἡμῖν
880 4738 959 4831 αἷμα
982 4750 1139 4833 ταύρειον
1163 4763 1262 4818 πιεῖν.

584 4855 602 4922 ὁ
628 4855 888 4937 Θεμιστοκλέους
911 4859 974 4940 γάρ
998 4856 1144 4934 θάνατος
1168 4860 1391 4948 αἱρετώτερος.
