3967 5725
406 630 475 697 322
623 633 721 685 xm
738 633 855 684 naun
872 632 1088 684 memorauit
1104 633 1340 685 smmum
1357 635 1436 685 leae.

404 795 493 860 omni
515 814 633 881 genere
654 793 818 880 perditum
838 794 937 858 ivisse
954 796 1073 880 arguit,
1095 799 1152 859 aut
1170 793 1343 859 Catilinam
1360 795 1528 873 adium
1550 795 1639 878 quod

402 901 475 966 fieri
500 923 568 966 nou
592 901 716 986 potuit,
742 901 796 968 cui
821 901 898 966 illos
924 900 1031 965 simile
1055 900 1111 965 sed
1133 902 1266 988 gravius
1288 905 1491 985 perpetrasse
1513 905 1640 966 senten·

401 1009 521 1074 tiaruru
548 1029 644 1073 cursu
669 1007 820 1094 exigitur.
855 1005 940 1084 Quid
966 1028 1046 1094 ergo
1073 1007 1145 1072 est?
1175 1007 1360 1094 Madvigius
1387 1009 1444 1092 qui
1470 1009 1641 1074 adium

401 1136 589 1200 perversum
611 1136 681 1180 esse
703 1115 810 1198 evicit,
831 1113 873 1178 ad
894 1113 1157 1198 interpolationis
1175 1116 1311 1180 salutem
1330 1114 1491 1200 confugit:
1515 1113 1639 1180 Cicero-

401 1243 476 1288 nem
498 1220 578 1286 baec
600 1222 685 1286 iuter
706 1242 741 1286 ae
763 1222 946 1304 copulasse,
970 1219 1082 1307 (uoluit
1102 1220 1171 1308 alle)
1192 1223 1227 1285 oi
1247 1228 1361 1286 terrere
1376 1222 1539 1303 putrium
1561 1222 1641 1304 pisid

401 1327 553 1395 cetratis
573 1328 749 1394 minutatur
766 1333 886 1411 pectam
902 1330 972 1394 siae
987 1327 1112 1393 armis?
1135 1333 1169 1393 et
1187 1329 1264 1412 quia
1280 1329 1419 1393 formam
1436 1329 1639 1415 figuramque

403 1435 559 1502 orationis
585 1435 633 1500 ita
654 1439 825 1519 mutasset,
851 1439 890 1499 ut
910 1456 971 1518 pro
993 1435 1210 1501 affirmatione
1233 1433 1300 1521 (voa
1321 1438 1430 1500 monia
1451 1437 1554 1502 armis
1572 1455 1639 1518 pes

401 1540 503 1630 astu)
534 1542 822 1629 interrogationem
849 1545 998 1626 poneret,
1028 1541 1183 1608 accidisse
1210 1545 1248 1606 ut
1275 1543 1394 1627 aliquis
1420 1543 1478 1626 qui
1505 1542 1638 1607 eandem

402 1671 476 1714 cum
504 1649 725 1734 superioribus
751 1648 905 1714 membris
928 1649 1083 1713 orationis
1106 1649 1244 1713 formam
1266 1650 1444 1733 requireret
1465 1671 1527 1714 nec
1550 1648 1638 1732 quod

362 1755 577 1842 requaerebat
606 1755 642 1820 in
671 1755 743 1840 ipsa
768 1756 1020 1842 interrogatione
1047 1758 1152 1820 inesse
1180 1755 1459 1840 animadverteret,
1491 1757 1637 1841 ineptum

401 1862 484 1929 illud
505 1883 560 1930 coa
581 1863 749 1930 adficietis
770 1863 997 1948 interponeret.
1033 1860 1143 1946 Atque
1165 1863 1201 1928 in
1224 1885 1261 1927 ea
1282 1886 1318 1928 re
1342 1862 1508 1948 Madvigio
1531 1884 1638 1930 receu-

401 1969 501 2036 tiores
523 1969 664 2036 editores
684 1969 892 2034 oboedienter
909 1972 1094 2054 paruerunt.
1132 1967 1220 2035 Haec
1239 1991 1369 2054 quoque
1387 1970 1490 2035 oeulis
1509 1969 1638 2036 subiici-

401 2099 475 2143 mus
485 2075 620 2163 :purat
636 2075 712 2142 rilis
731 2075 851 2160 charta,
869 2076 965 2141 modo
983 2076 1065 2142 baec
1083 2098 1166 2160 quae
1183 2077 1333 2142 volumus
1351 2077 1521 2161 perspicua
1534 2075 1641 2163 fiantl..

449 2187 454 2194 ’
668 2183 768 2250 cobet
792 2183 847 2249 elle
873 2181 1048 2270 (Cattlirsa)
1073 2189 1217 2251 sommus
1243 2184 1430 2265 interficere:
1456 2205 1511 2250 voa
1536 2190 1639 2250 uma·

402 2341 449 2380 w,
469 2325 617 2379 adim„
670 2291 773 2368 liatie‚·
808 2290 888 2373 tepea
922 2290 1106 2356 incendere:
1141 2310 1195 2356 vos
1230 2290 1422 2373 muana
1459 2293 1492 2355 oi
1526 2297 1639 2356 terrere

671 2394 828 2483 (interm)
849 2398 1012 2479 patriam:
1039 2397 1118 2478 quid
1143 2402 1188 2462 est
1212 2397 1298 2463 robes
1324 2395 1499 2464 madeas
1519 2404 1638 2481 gestam

670 2505 739 2570 etue
761 2502 886 2568 ermis?

403 2607 482 2687 Quis
505 2613 556 2675 est
577 2609 689 2696 igitur,
711 2611 768 2695 qui
787 2631 859 2675 cum
876 2609 957 2676 haec
974 2608 1072 2695 legat,
1094 2631 1160 2675 uon
1179 2608 1213 2675 id
1232 2611 1383 2695 patiatur,
1406 2610 1495 2696 quod
1511 2609 1637 2678 Aristo-

402 2715 482 2783 teles
509 2719 727 2803 προσπταίειν
756 2715 835 2781 dicit
862 2716 917 2782 διὰ
944 2718 1008 2800 τὴν
1035 2715 1265 2801 dvrlxpovccv:
1293 2717 1373 2783 adeo
1402 2719 1487 2783 enim
1511 2718 1637 2783 duobus

362 2851 389 2895 ro
402 2824 555 2891 membris
578 2823 783 2909 comparibus
806 2824 1003 2911 praegressis
1027 2823 1132 2889 affecti
1156 2846 1276 2908 sumus,
1299 2828 1336 2889 ut
1359 2824 1394 2891 in
1412 2825 1509 2891 tertio
1529 2825 1637 2891 subito

401 2931 514 2997 relicta
537 2930 693 2997 orationis
715 2930 828 3019 figura,
852 2952 947 3015 quam
969 2953 1037 2995 non
1060 2935 1246 3016 poteramus
1264 2953 1332 2998 nou
1350 2937 1545 3018 exspectare,
1568 2955 1638 3019 gra·

402 3038 485 3105 viter
513 3038 727 3121 offendamur,
754 3060 827 3103 cum
854 3038 1056 3123 praesertim,
1083 3038 1181 3104 etiam
1208 3039 1237 3103 si
1264 3039 1436 3105 affirmatio
1465 3044 1551 3109 esset
1576 3062 1638 3125 pro

401 3145 665 3232 interrogatione,
686 3165 739 3212 voa
760 3147 869 3211 omnia
891 3148 993 3211 armis
1014 3147 1159 3228 persistes,
1183 3167 1224 3209 ne
1247 3145 1293 3211 sic
1317 3146 1447 3230 quidem
1469 3146 1570 3213 initae
1588 3170 1636 3211 ra-

401 3252 484 3319 tioni
499 3252 701 3319 satisfactum
716 3251 888 3317 rideretur.
909 3250 1043 3317 Adeone
1054 3250 1241 3317 Ciceronem
1255 3274 1275 3317 a
1288 3274 1324 3317 se
1337 3254 1446 3337 ipsum
1459 3253 1637 3319 defecisse?

402 3358 504 3444 Atqui
525 3380 592 3425 nou
615 3359 661 3424 ita
683 3359 763 3425 haec
786 3359 906 3443 scripta
928 3363 1005 3424 sunt
1027 3360 1061 3423 in
1083 3358 1186 3441 libris,
1209 3358 1266 3423 sed
1288 3358 1398 3425 addita
1418 3359 1536 3425 nonin
1555 3382 1637 3425 mar·

402 3468 478 3553 gine
504 3466 561 3531 sed
588 3485 646 3531 suo
674 3465 746 3531 loco
771 3466 916 3531 oratioue
939 3466 1067 3550 qualem
1091 3465 1266 3531 desiderari
1288 3466 1443 3551 diximus,
1469 3468 1503 3531 oi
1525 3472 1640 3532 terrere

395 3575 558 3657 pubium:
576 3592 629 3640 oca
646 3574 822 3641 ademistis.
856 3572 949 3649 Quod
968 3574 997 3638 si
1009 3570 1072 3639 hoc
1087 3572 1329 3657 interpolatoris
1343 3573 1500 3639 beneficio
1514 3573 1637 3639 factum

401 3684 464 3767 eat,
491 3684 529 3746 ut
555 3680 639 3747 adsit
667 3680 754 3767 quod
781 3681 892 3746 abesse
917 3702 985 3746 uon
1007 3701 1102 3765 posse
1124 3680 1279 3765 vidimus,
1306 3702 1418 3746 rursus
1441 3680 1638 3747 laudandum

402 3808 471 3855 esse
500 3788 587 3854 huuc
613 3786 878 3873 interpolatorem
907 3786 1058 3871 dicimus,
1088 3787 1144 3869 qui
1172 3786 1249 3870 quia
1275 3786 1336 3851 hac
1357 3791 1449 3872 parte
1473 3785 1638 3853 Ciceronis
1692 3822 1694 3827 ·

361 3894 569 3981 roperiodum
599 3895 763 3961 labascere
789 3893 897 3961 noluit
925 3916 983 3959 suo
1011 3893 1154 3978 periculo
1183 3891 1320 3977 addidit,
1348 3894 1435 3978 quod
1463 3894 1638 3959 desiderari

401 4025 468 4069 non
490 4003 605 4069 debere
624 4001 793 4069 intellexit.
831 3999 953 4068 Verum
971 3999 1186 4086 interpolator
1204 3999 1291 4083 quod
1309 4002 1427 4085 potuit,
1451 4000 1638 4067 Ciceronem

401 4130 466 4174 nou
489 4109 656 4195 potuisse?
678 4107 724 4175 At
746 4109 892 4193 ineptum
917 4112 966 4173 est
988 4108 1165 4173 adiuvistis.
1202 4105 1264 4172 Est
1282 4128 1358 4172 vero
1376 4110 1533 4192 ineptum,
1556 4107 1637 4172 adeo

401 4220 438 4281 ut
460 4237 501 4281 ne
518 4214 744 4301 interpolatori
764 4215 893 4299 quidem
912 4215 1013 4281 tribui
1031 4236 1089 4299 par
1109 4213 1161 4299 sit,
1184 4213 1240 4298 qui
1260 4214 1362 4279 oratio
1383 4213 1460 4299 quid
1479 4213 1638 4279 desideret

401 4322 503 4407 probe
530 4322 738 4407 perspexerit
778 4321 869 4407 Ergo
895 4320 980 4385 nihil
1007 4321 1139 4406 prodest
1166 4320 1407 4403 interpolatoris
1435 4342 1529 4405 opem
1557 4322 1636 4387 asci-

401 4431 495 4515 visse,
518 4430 546 4495 si
568 4433 677 4495 tanuen
698 4430 767 4495 eius
784 4428 869 4495 rstio
889 4432 1036 4494 constare
1055 4449 1121 4492 non
1139 4430 1247 4511 potest
1265 4426 1330 4492 uisi
1349 4427 1545 4493 emendando
1564 4448 1635 4493 eam

402 4535 626 4603 sublevareris.
667 4534 782 4621 Itaque
813 4536 912 4601 missa
940 4535 1050 4601 fallaci
1077 4532 1288 4599 additamenti
1316 4534 1422 4618 specie
1450 4533 1634 4599 Ciceronem

309 4642 314 4651 ’
401 4641 508 4727 ipsum
531 4647 681 4729 putemus
703 4666 795 4709 susm
817 4642 986 4728 periodum
1009 4645 1094 4707 recte
1118 4642 1304 4706 exsecutum
1327 4662 1406 4725 esse,
1432 4639 1488 4705 sed
1509 4640 1636 4707 librarii

402 4748 481 4815 vitio
510 4749 718 4835 depravatum
745 4749 879 4815 verbum
906 4770 971 4833 quo
996 4768 1074 4813 usus
1101 4751 1178 4813 erat.
1216 4745 1309 4823 Quod
1337 4768 1374 4811 eo
1404 4746 1522 4812 certius
1549 4748 1636 4813 vide-

401 4860 464 4940 tur,
487 4874 551 4939 quo
574 4844 677 4941 megia
701 4858 835 4941 apparet
857 4856 890 4919 id
911 4854 998 4939 quod
1016 4876 1101 4919 nuno
1118 4855 1240 4940 legitur
1258 4853 1426 4919 adiecistis
1444 4875 1508 4918 nou
1528 4853 1636 4919 solum
