3967 5725
382 643 448 707 262
560 645 656 696 XLVI.
675 644 791 694 INDEX
809 643 1023 694 LEOTIONUM
1040 643 1281 694 HIBERNARUM
1301 640 1433 712 messes.

381 806 524 890 missum,
543 805 629 890 quod
647 808 847 870 momentum
864 805 969 869 facere
987 825 1082 888 posse
1101 805 1136 868 in
1154 804 1287 868 alteram
1304 807 1428 888 partem
1443 805 1612 869 videretur.

381 913 511 978 Etenim
530 912 648 998 quibus
667 913 773 977 verbis
792 910 878 996 apud
897 910 1051 976 Senecam
1071 908 1120 998 (in
1138 910 1273 976 Troasin
1289 907 1369 997 681)
1388 909 1613 977 Andromacha

380 1020 552 1087 Hectorem
577 1019 763 1085 defunctum
786 1020 929 1103 appellat

820 1146 931 1208 rumpe
950 1126 1092 1207 futorum
1115 1145 1232 1204 morea,

540 1234 660 1298 Metire
681 1239 793 1311 teras,
817 1233 943 1311 Hector,
966 1237 1002 1297 ut
1030 1230 1143 1299 Ulixen
1166 1232 1277 1297 domes.

547 1340 602 1405 Vel
623 1341 735 1404 umbra
758 1341 837 1404 sutis
859 1359 903 1418 es,

380 1469 418 1512 ea
440 1470 498 1512 sua
515 1446 726 1512 similitudine
744 1467 811 1509 uon
829 1449 965 1530 possunt
984 1467 1050 1509 non
1068 1444 1231 1530 Megaram
1252 1444 1424 1510 Herculem
1443 1469 1483 1511 ex
1501 1446 1613 1511 inferis

379 1556 565 1620 evocantem
588 1555 623 1617 in
645 1553 833 1617 memoriam
856 1571 1013 1614 revocare.
1050 1549 1102 1614 Ex
1126 1572 1189 1634 qua
1208 1551 1416 1616 similitudine
1434 1574 1500 1616 non
1520 1574 1612 1636 quae-

380 1661 442 1726 sita
469 1661 617 1725 consulto
646 1659 702 1724 sed
728 1659 831 1723 invito
859 1661 972 1742 poetae
999 1657 1113 1723 oborta
1136 1679 1195 1723 nos
1219 1658 1282 1724 duo
1307 1659 1504 1744 colligimus,
1532 1681 1613 1744 quae

339 1793 365 1834 ιο
380 1789 452 1831 cum
475 1765 536 1831 hac
558 1789 593 1830 re
617 1767 788 1831 coniuncta
811 1768 895 1849 sunt,
918 1765 1068 1849 primum,
1089 1763 1170 1828 haec
1192 1764 1291 1829 verba
1311 1764 1366 1830 καὶ
1387 1767 1463 1831 σκιὰ
1482 1763 1616 1850 φάνηθί

378 1898 435 1958 μοι
458 1875 492 1938 in
515 1896 616 1938 unum
639 1873 726 1938 coire
749 1877 782 1936 et
800 1872 854 1937 aut
872 1871 1087 1957 exaggerandi
1107 1872 1172 1936 vim
1190 1871 1316 1936 habere.
1354 1871 1387 1937 N
1388 1895 1439 1937 am
1458 1873 1612 1938 Wilamo-

379 1981 520 2065 witnius,
552 1980 608 2066 qui
639 1986 671 2046 et
699 1981 768 2065 ipse
795 1979 937 2065 primum
964 1981 1012 2044 sic
1039 1979 1279 2063 interpunctum
1307 2001 1434 2044 versum
1463 1979 1613 2064 ediderat,

379 2086 516 2173 ἄρηξον,
544 2087 638 2171 ἐλθέ,
666 2089 720 2153 καὶ
745 2088 821 2152 σκιὰ
844 2087 978 2169 φάνηθί
998 2108 1068 2169 μοι,
1091 2089 1205 2169 postea
1227 2085 1342 2150 maluit
1365 2087 1411 2150 ita
1434 2088 1612 2153 orationem

379 2195 565 2261 distinctam
592 2195 744 2260 exhibere
772 2194 908 2278 ἄρηξον,
937 2189 1017 2257 ἐλθὲ
1044 2191 1100 2257 καὶ
1128 2193 1219 2276 σκιά,
1246 2194 1380 2277 φάνηθί
1404 2219 1477 2278 μοι,
1506 2199 1538 2258 et
1561 2216 1612 2258 ex-

378 2304 496 2386 pressis
524 2303 630 2367 verbis
657 2301 720 2367 hoc
747 2323 859 2365 verum
887 2321 956 2364 esse
984 2299 1171 2383 affirmavit,
1199 2321 1239 2363 ne
1268 2300 1341 2382 quis
1368 2298 1423 2366 καὶ
1446 2299 1529 2365 falso
1552 2322 1611 2385 pro

377 2409 536 2494 particula
564 2409 747 2493 copulativa
773 2407 915 2472 haberet.
951 2405 989 2470 Id
1017 2405 1103 2490 quod
1131 2407 1186 2470 vix
1212 2406 1385 2471 verendum
1409 2411 1477 2471 erat
1500 2411 1613 2492 utpote

378 2516 450 2599 ipsa
470 2516 663 2600 prohibente
686 2515 858 2598 sententia,
887 2517 920 2578 et
942 2513 1029 2597 quod
1052 2513 1108 2577 ille
1131 2534 1373 2597 nonnumquam
1395 2516 1430 2578 in
1453 2535 1613 2579 commen-

377 2622 468 2687 tariis
487 2622 555 2686 suis
574 2621 653 2686 scite
671 2621 831 2704 admonet,
855 2624 892 2684 ut
909 2624 995 2684 recte
1013 2619 1232 2705 percipiantur
1251 2618 1364 2685 Graeci
1382 2624 1497 2705 poetae
1515 2621 1613 2686 verba

378 2731 466 2794 recte
494 2750 563 2792 esse
591 2731 624 2792 et
652 2749 691 2792 ex
714 2729 782 2793 suis
810 2727 1005 2812 ponderibus
1034 2727 1209 2810 recitanda,
1236 2727 1270 2790 id
1297 2729 1331 2800 in
1358 2727 1420 2792 hoc
1450 2750 1543 2793 versu
1567 2729 1613 2793 ita

340 2863 367 2904 ac
380 2836 485 2902 valere
509 2835 692 2920 opinamur,
715 2838 760 2919 ut,
782 2834 878 2902 modo
899 2839 985 2900 recte
1007 2835 1206 2920 pronunties,
1229 2834 1304 2899 non'
1318 2836 1423 2920 possis
1445 2835 1510 2901 nisi
1532 2835 1650 2911 hacce

378 2943 434 3008 aut
456 2944 532 3008 σκιὰ
556 2943 689 3027 φάνηθί
710 2966 766 3026 μοι
790 2964 855 3008 una
876 2944 1022 3008 oratione
1041 2942 1222 3027 complecti,
1246 2964 1319 3007 cum
1337 2943 1526 3027 praesertim
1544 2966 1613 3009 rer-

378 3050 456 3114 bum
483 3051 605 3136 ipsum,
633 3071 827 3133 quamquam
855 3072 922 3114 non
948 3050 1110 3114 nescimus
1138 3049 1272 3115 subinde
1297 3050 1337 3114 ad
1361 3051 1538 3135 simplicem
1561 3072 1612 3116 re-

377 3157 487 3222 niendi
505 3155 555 3243 (in
573 3160 780 3241 conspectum
798 3154 962 3244 veniendi)
981 3156 1047 3221 vim
1066 3178 1135 3221 esse
1154 3157 1348 3241 depressum,
1367 3161 1480 3243 suapte
1497 3162 1613 3223 natum

377 3264 501 3329 nullam
525 3264 632 3348 aptius
656 3285 752 3347 quarn
776 3286 849 3329 cum
872 3269 950 3350 σκιᾷ
971 3263 1152 3328 iuncturam
1176 3264 1258 3327 inire
1282 3264 1438 3349 potnerit3
1462 3264 1518 3329 illa
1537 3288 1612 3331 vero

380 3370 446 3435 duo
470 3369 603 3454 ἄρηξον,
627 3368 709 3435 ἐλθέ
729 3375 761 3435 et
784 3370 951 3435 commode
974 3370 1154 3455 composita
1177 3377 1261 3454 sunt,
1285 3371 1555 3455 quemadmodum
1578 3374 1612 3437 in

379 3476 551 3563 Sophoclis
574 3476 705 3541 Electra
729 3475 823 3565 (115)
851 3474 975 3560 ἔλθετ’,
1004 3474 1157 3562 ἀρήξατε,
1185 3480 1217 3541 et
1239 3477 1330 3543 nulla
1355 3500 1390 3543 re
1413 3477 1522 3543 addita
1544 3501 1613 3543 sen-

378 3585 498 3649 tentiae
522 3583 732 3648 satisfaciunt.
769 3582 918 3649 Alterum
942 3583 998 3648 sed
1022 3605 1094 3649 cum
1115 3584 1221 3669 primo
1241 3584 1448 3650 coniunctum
1468 3586 1554 3671 quod
1573 3608 1612 3651 ex

378 3692 442 3756 istc
455 3690 698 3755 Andromachae
712 3689 905 3756 Annaennae
925 3692 1069 3757 oratione
1088 3690 1236 3756 concludi
1254 3712 1349 3775 posse
1368 3692 1612 3778 arbitrabamur,

377 3796 441 3864 hoc
468 3800 530 3880 est,
558 3798 632 3875 ἅλις
654 3797 734 3884 γάρ,
762 3799 847 3864 sicut
870 3798 949 3864 olim
972 3800 1158 3878 statuimus,
1186 3820 1283 3865 unam
1307 3803 1463 3864 ettotam
1487 3800 1613 3865 efficere

338 3931 364 3971 so
378 3906 587 3988 sententiam,
615 3927 749 3990 eamque
776 3906 817 3969 cd
845 3904 914 3969 sola
940 3906 1038 3969 verba
1064 3903 1118 3969 καὶ
1148 3907 1225 3970 σκιὰ
1253 3905 1384 3991 φάνηθί
1411 3930 1467 3989 μοι
1492 3908 1612 3972 referri.

380 4009 459 4075 Cum
484 4012 569 4078 enim
593 4034 633 4077 ex
651 4013 722 4097 ipsa
739 4034 774 4077 re
794 4014 984 4097 suppleatur
1003 4013 1076 4089 ἅλις
1094 4013 1156 4098 γάρ
1176 4010 1243 4100 (σε)
1262 4011 1318 4078 καὶ
1338 4016 1435 4081 σκιὰν
1455 4023 1612 4099 φανῆναι,

378 4117 470 4182 velut
490 4117 671 4201 Aeschylus
695 4120 791 4203 plena
809 4118 955 4184 oratione
974 4118 1054 4185 dicit
1072 4117 1175 4206 (Sept.
1195 4118 1275 4208 662)
1296 4120 1422 4205 ἄνδρας
1436 4119 1614 4207 Ἀργείοισι

378 4225 570 4308 Καδμείους
593 4226 666 4301 ἅλις
689 4224 723 4302 ἐς
745 4236 856 4311 χεῖρας
880 4224 1004 4309 ἐλθεῖν,
1029 4226 1068 4289 ad
1091 4227 1148 4291 illa
1169 4227 1253 4291 nihil
1277 4231 1345 4292 crat
1368 4227 1455 4311 quod
1478 4232 1534 4292 aut
1552 4229 1614 4292 uti-

376 4331 453 4396 liter
475 4333 531 4396 aut
553 4333 732 4396 necessario
755 4331 933 4397 adderetur.
971 4331 1060 4409 Quae
1084 4333 1221 4398 sirecte
1244 4334 1449 4420 collegimus,
1473 4336 1537 4400 iam
1561 4357 1614 4420 ap·

377 4442 471 4523 paret
498 4437 576 4521 quid
606 4444 827 4524 consequatur.
865 4438 990 4524 Nempe
1019 4461 1101 4524 quae
1128 4441 1343 4523 insequuntur
1370 4441 1468 4507 verba
1495 4462 1611 4509 novam

378 4544 492 4608 afferre
520 4546 725 4629 seutentiam,
753 4569 773 4610 a
800 4545 1021 4630 superioribus
1044 4551 1222 4632 separatam
1246 4552 1279 4612 et
1302 4570 1383 4633 quae
1407 4548 1613 4615 inferioribus

377 4651 578 4716 fundamenti
605 4654 677 4717 loco
701 4654 750 4717 sit.
789 4652 877 4730 Quae
901 4653 1031 4737 quidem
1056 4654 1214 4717 sententia
1237 4654 1316 4739 quid
1339 4656 1426 4720 aliud
1449 4656 1613 4721 continere

377 4759 495 4843 potuit,
519 4780 615 4842 quam
640 4758 726 4843 quod
750 4762 827 4825 olim
851 4782 916 4824 una
935 4759 1046 4824 littera
1063 4764 1187 4825 mutata
1206 4759 1333 4847 (ἱκανὸς
1352 4784 1389 4826 ex
1411 4764 1527 4829 ἰκανὸν
1545 4764 1613 4827 effi·

379 4860 514 4952 cientes)
546 4864 734 4930 refinximus
766 4865 878 4931 ἐλθὼν
911 4866 1025 4941 ἱκανὸς
1057 4864 1098 4929 dv
1128 4866 1241 4949 γένοιο
1269 4870 1320 4933 σύ.
1360 4868 1445 4933 Nam
1473 4874 1506 4935 et
1532 4870 1614 4935 haec
