3967 5725
485 647 795 701 ΑΘΕΤΟΥΜΕΝΑἸΝ
815 647 1009 702 CICERONIS
1028 649 1186 702 suamc
1204 650 1453 702 PHILOSOPHIS.
1527 647 1593 714 339

359 810 400 874 ad
412 794 496 874 hanc
515 810 671 875 cratonis
690 809 827 874 formam
847 809 925 894 quid
942 812 1077 895 propius
1094 810 1244 876 ‘accedere
1262 815 1370 897 potest
1388 833 1483 896 quam
1505 811 1594 896 quod

358 916 478 1003 legitur
501 916 540 981 de
563 916 752 1000 republica
774 934 800 981 11
819 917 876 1001 29,
894 915 936 982 51
959 919 1072 999 primo
1094 920 1137 984 so
1158 918 1232 984 baec
1251 918 1358 1000 forma
1379 924 1409 985 ct
1430 921 1543 1001 spectes
1565 925 1594 986 ct

357 1026 443 1106 oripo
474 1025 613 1106 tyram
653 1023 700 1088 Et
731 1044 826 1109 saepe
853 1024 937 1089 solet
964 1026 1013 1118 in,
1026 1024 1113 1090 huuc
1140 1025 1272 1090 modum
1300 1026 1497 1111 tripertitam
1525 1048 1594 1091 ora·

357 1131 480 1196 tionem
512 1131 676 1216 geminata
707 1131 933 1196 coniunctione
966 1131 1181 1216 conformare,
1213 1134 1302 1197 velut
1335 1132 1373 1197 dc
1401 1154 1436 1198 re
1463 1132 1594 1218 publica

357 1253 395 1302 vl
415 1237 455 1301 17
480 1239 595 1304 scribit
616 1240 663 1304 sot
683 1239 804 1318 chamot,
829 1239 894 1304 aaa
917 1245 946 1303 ct
960 1241 1110 1322 princeps
1132 1245 1161 1304 ct
1178 1240 1353 1306 moderator
1371 1239 1528 1306 lamismm
1546 1261 1593 1307 rc·

357 1344 530 1427 bammum
560 1346 599 1410 de
621 1346 676 1409 fin.
701 1345 790 1431 120,
809 1345 852 1410 65
881 1345 976 1412 multo
1004 1348 1107 1429 magis
1133 1348 1199 1412 cita
1226 1351 1254 1412 et
1278 1347 1374 1428 factis
1401 1353 1429 1412 et
1456 1347 1595 1413 membres

357 1452 576 1536 comprobavit,
606 1453 730 1538 cf.16,
752 1454 806 1538 193
834 1466 893 1536 pro
917 1451 1023 1518 Deiot.
1044 1453 1079 1537 3,
1097 1453 1117 1518 8
1135 1474 1195 1536 per
1217 1453 1312 1536 fidem
1334 1459 1363 1520 ct
1385 1456 1592 1526 constantiam

357 1565 385 1624 et
411 1559 604 1625 clementiam
631 1566 719 1625 taam
745 1560 852 1626 labero.
889 1559 1037 1644 Denique
1064 1582 1104 1625 ne
1132 1560 1211 1646 quid
1239 1560 1409 1628 omittatur
1437 1561 1523 1646 qued
1551 1560 1592 1628 ad

357 1687 424 1731 rem
446 1667 616 1751 pertineat,
638 1666 702 1733 hoc
724 1666 860 1733 dumus
882 1689 949 1733 non
971 1689 1045 1732 raro
1065 1668 1164 1732 simili
1183 1667 1370 1734 condicione
1390 1671 1423 1732 et
1441 1666 1592 1734 omissam

356 1779 385 1838 et
402 1773 593 1857 particulam
612 1778 644 1839 et
662 1773 799 1838 fidenter
817 1795 835 1838 a
855 1773 975 1840 criticis
990 1776 1177 1859 repositam,
1195 1777 1232 1840 ut
1246 1774 1285 1840 de
1299 1775 1350 1840 off.
1366 1791 1379 1840 1
1396 1775 1447 1859 17,
1462 1775 1505 1842 54
1518 1795 1592 1842 sam·
1607 1797 1632 1842 u

354 1881 464 1962 quiuis
476 1883 648 1948 coniunctio
662 1887 691 1945 ct
703 1881 910 1946 immolentis
924 1882 1058 1948 devincit
1069 1882 1209 1948 hommes
1223 1880 1283 1966 [et]
1296 1881 1441 1960 mactatu
1456 1881 1490 1948 in
1500 1879 1592 1946 Verr.

358 1991 418 2051 act.
437 2005 463 2051 11
481 1986 537 2052 lib.
556 2005 569 2051 1
586 1986 639 2072 33,
654 1985 697 2052 85
716 1989 783 2052 cim
799 1989 846 2052 cci
864 1989 956 2053 cuca
973 1995 1002 2053 ct
1019 1994 1157 2054 caderes
1176 1987 1235 2073 [et]
1249 1989 1411 2071 primitias
1426 1989 1532 2070 fuisse,
1552 1988 1590 2054 al.

445 2093 606 2160 Nolumus
629 2094 692 2160 hoo
715 2098 940 2181 argumentum
960 2094 1107 2178 quamvis
1127 2094 1269 2180 amplum
1287 2093 1436 2180 persequi
1452 2093 1591 2181 longius,

358 2201 414 2264 sed
442 2206 550 2264 tamen
578 2201 798 2266 similitudinis
827 2223 922 2267 causa
949 2223 1051 2266 unum
1079 2203 1177 2266 etiem
1204 2203 1311 2268 locum
1338 2203 1592 2290 perstringemus

357 2307 457 2392 brevi,
479 2329 553 2374 eum
576 2307 661 2373 unde
679 2306 861 2394 Madvigius
885 2308 924 2373 de
948 2309 1002 2374 tin.
1021 2311 1041 2374 l.
1062 2331 1086 2376 e.
1111 2330 1221 2376 ausam
1244 2309 1340 2393 petiit
1362 2308 1445 2374 hanc
1466 2331 1533 2375 rem
1553 2307 1592 2374 ed

358 2416 510 2480 amussim
533 2414 727 2500 disputandi.
764 2413 911 2481 Dicimus
935 2415 1034 2481 verba
1056 2414 1136 2482 haec

492 2523 579 2587 Tuas
601 2521 655 2587 itte
673 2522 832 2589 Poenulus
854 2573 861 2587 .
882 2572 888 2587 .
908 2573 915 2588 .
939 2543 1068 2590 causam
1088 2543 1152 2589 mm
1170 2522 1309 2590 obducas
1326 2527 1517 2605 rcpapuamte
1534 2544 1593 2588 aa

490 2634 563 2694 tma
584 2630 677 2694 aerbo
698 2649 822 2696 casoro
842 2632 938 2713 coepit
955 2636 984 2696 ct
995 2632 1140 2712 mmmm
1158 2631 1248 2698 mbas
1265 2630 1308 2696 iis
1325 2650 1404 2712 qaas
1422 2650 1478 2696 aas
1496 2629 1593 2696 boesas

490 2737 625 2802 diamasa
646 2740 792 2804 coacessit
813 2744 848 2803 at
869 2738 1055 2804 haberemur
1077 2743 1169 2820 aptos
1190 2737 1308 2804 babilas
1330 2743 1358 2802 ct
1380 2738 1425 2804 ad
1442 2743 1592 2804 mamam

408 2859 411 2867 ‘
490 2845 745 2911 accommodatae.
1606 2868 1633 2911 se

357 2949 406 3026 De
428 2950 480 3016 his
502 2952 688 3037 postremis,
717 2973 800 3036 quae
824 2953 870 3017 sic
893 2953 1015 3037 scripta
1038 2956 1113 3017 sunt
1136 2952 1171 3017 in
1193 2952 1300 3036 libris,
1323 2950 1480 3039 Madvigii
1503 2951 1593 3017 varia

356 3057 488 3122 fuerunt
510 3060 599 3124 vario
622 3062 767 3144 tempere
789 3058 922 3125 indicia:
945 3059 1085 3145 primum
1109 3060 1193 3125 enim
1217 3061 1353 3125 alterum
1376 3060 1520 3125 ctinseri
1538 3081 1592 3124 vo·

356 3165 428 3248 luit,
451 3165 602 3248 quoniam
624 3163 704 3231 haec
726 3167 790 3231 tria
811 3169 919 3231 essent
942 3168 975 3230 et
997 3166 1068 3251 pari
1092 3166 1203 3232 ordine
1226 3187 1261 3230 se
1284 3166 1479 3251 exciperent,
1500 3172 1593 3248 aptos

359 3270 419 3357 [et]
437 3271 555 3337 buttes
572 3278 601 3337 ct
617 3273 664 3337 od
678 3278 830 3338 maru
848 3274 1110 3350 accommodatam
1130 3277 1243 3357 postea
1259 3271 1378 3339 tabdcs
1397 3272 1478 3337 ‘tota
1493 3270 1592 3357 signi-

357 3378 507 3444 ficatione
539 3400 620 3463 quae
652 3379 693 3443 ad
724 3380 851 3445 fusilem
884 3381 1108 3446 tractationem
1139 3380 1326 3464 pertineret’
1360 3378 1400 3445 ab
1429 3378 1492 3445 hoo
1519 3377 1591 3445 loco

357 3486 498 3550 alienum
530 3507 600 3551 esse
626 3490 716 3551 ratus
743 3486 873 3553 Baitero
901 3487 981 3551 duce
1010 3484 1218 3574 (quamquam
1246 3486 1332 3553 idem
1359 3486 1423 3552 iam
1453 3484 1591 3552 Orellius

356 3591 583 3680 proposuerat)
610 3593 695 3659 hanc
719 3616 832 3659 vocem
855 3616 913 3679 pro
937 3592 1090 3658 additioia
1112 3592 1229 3660 habuit
1251 3614 1386 3678 samque
1408 3594 1443 3659 in
1466 3592 1591 3657 duabus

357 3699 552 3765 editionibus
575 3701 667 3765 uncis
690 3700 846 3766 inclusam
869 3700 1031 3785 exhibuit;
1054 3700 1192 3785 denique
1209 3700 1267 3766 ubi
1285 3699 1423 3767 Heinius
1441 3722 1482 3764 ex
1499 3704 1593 3781 aptae

258 3820 263 3829 '
355 3806 474 3871 babilas
504 3807 709 3872 efficiendum
741 3830 810 3873 esse
841 3808 1051 3873 aestimabiles
1078 3808 1217 3875 coniecit
1245 3805 1528 3895 (quemadmodum
1557 3804 1592 3870 in

357 3911 548 3997 quibusdam
581 3914 746 3979 codicibus
777 3915 925 3996 optabiles
955 3915 1053 3979 scribi
1080 3937 1139 3998 pro
1167 3921 1259 3999 aptae
1285 3914 1403 3981 liabitas
1429 3908 1591 3999 traditur),
1606 3934 1632 3977 sc

356 4020 441 4085 hanc
467 4020 684 4085 coniecturam
710 4021 910 4106 ingeniosam
938 4026 971 4086 et
998 4021 1198 4107 probabilem
1226 4044 1295 4087 esse
1320 4020 1508 4104 affirmavit,
1536 4019 1592 4085 sed

355 4127 405 4191 uti
424 4148 462 4191 ea
479 4128 513 4190 in
532 4126 761 4193 conformando
780 4117 873 4192 textu
892 4150 987 4194 ausus
1007 4151 1073 4193 non
1092 4134 1154 4213 est3
1173 4128 1386 4196 confidentior
1404 4148 1473 4193 eam
1490 4126 1592 4193 Mucl-

355 4234 443 4298 lerus
465 4256 524 4300 sua
541 4233 683 4299 editione
700 4235 830 4320 recepit.
861 4234 932 4300 Nos
950 4236 990 4300 ab
1009 4235 1073 4299 hoo
1091 4240 1254 4320 postremo
1274 4234 1436 4321 progressi
1456 4238 1493 4300 ut
1511 4232 1591 4300 haec

261 4394 269 4403 .
356 4342 525 4405 conamina
542 4362 818 4427 recognoscamus,
837 4342 1041 4427 ingeniosum
1060 4364 1130 4407 esse
1148 4343 1238 4407 illum
1255 4340 1444 4407 emendandi
1460 4340 1590 4405 modum

354 4446 450 4512 facile
463 4449 677 4532 concedimus,
691 4447 891 4532 probabilem
906 4452 940 4513 et
950 4472 1064 4513 verum
1079 4453 1116 4513 ut
1128 4448 1304 4514 habeamus
1316 4469 1382 4513 uon
1394 4447 1590 4512 adducimur.

354 4552 440 4619 Nam
463 4556 524 4619 etsi
547 4576 614 4620 non
632 4577 691 4618 nos
709 4556 805 4642 fugit
827 4557 1028 4641 propositam
1048 4576 1159 4621 vocem
1178 4554 1317 4621 stabiliri
1337 4554 1476 4639 quodam
1494 4552 1590 4620 modo

354 4662 396 4727 iis
419 4683 501 4745 quae
523 4667 581 4727 aut
598 4661 735 4727 Heinius
758 4664 869 4727 attulit
891 4668 948 4728 aut
970 4663 1077 4727 afferri
1096 4666 1242 4746 possunt,
1260 4660 1350 4729 velut
1368 4683 1451 4747 quae
1470 4660 1592 4745 scripta

355 4769 766 4852 suntdetinsv21,58
793 4771 903 4834 comm
928 4790 1009 4852 pesae
1036 4770 1205 4835 mammea
1232 4774 1382 4835 mamaea
1408 4769 1473 4834 stat
1499 4768 1591 4835 aesti-

354 4876 492 4940 matione
513 4876 624 4958 uticam
646 4877 746 4958 dipem
768 4896 863 4958 capue
873 4898 936 4957 pro
954 4897 996 4955 oo,
1019 4882 1171 4959 gammam
1189 4878 1225 4942 ta
1243 4896 1360 4958 quoquc
1376 4877 1419 4943 sit
1430 4876 1590 4958 ponderat,

1322 4980 1375 5033 m*
