3967 5725
709 639 759 688 DE
777 637 975 690 THEOCRITI
992 639 1142 690 IDYLLIO
1162 641 1222 690 VII.

299 818 338 874 12
488 797 560 864 οὐδ’
589 800 653 883 ἄρα
676 801 828 883 Μηδείης
850 800 960 882 θυμὸς
982 798 1121 884 τράπετ’
1144 801 1224 866 ἄλλο
1249 809 1382 884 νοῆσαι,

489 905 695 991 μελπομένης
717 928 779 992 περ
804 906 904 989 ὅμως·
927 917 1030 972 πᾶσαι
1054 906 1093 972 δέ
1114 908 1157 990 οἱ,
1181 906 1286 990 ἥντιν’
1314 907 1439 993 ἀθύροι

486 1011 666 1101 μολπήν*),
690 1014 751 1080 ούκ
774 1012 828 1079 ἐπὶ
852 1015 957 1098 δηρὸν
980 1015 1206 1099 ἐφήνδανεν
1229 1012 1425 1099 ἑψιάασθαι,

352 1121 398 1186 sic
426 1122 511 1186 enim
539 1119 728 1205 ἐφήνδανεν
754 1121 831 1186 libri
859 1143 997 1207 quorum
1024 1121 1104 1187 fides
1133 1124 1182 1186 est
1208 1143 1268 1187 nec
1295 1122 1383 1187 tenti
1404 1122 1587 1187 faciendum

353 1228 441 1313 quod
463 1229 498 1293 in
520 1229 632 1313 paucis
655 1228 848 1313 ἐφήνδανον
870 1229 1055 1315 exhibetur,
1082 1228 1173 1294 verbi
1195 1229 1300 1294 forma
1321 1250 1388 1294 non
1410 1229 1451 1294 ad
1474 1239 1588 1313 πᾶσαι,

353 1339 439 1419 quod
471 1335 655 1420 oportebat,
687 1336 743 1401 sed
775 1336 815 1400 ad
848 1337 882 1400 id
915 1336 1002 1422 quod
1029 1336 1163 1422 propius
1191 1341 1260 1400 erat
1286 1357 1404 1401 nomen
1431 1336 1588 1422 singulari

352 1464 486 1508 numero
516 1444 635 1526 ἥντινα
662 1447 794 1528 μολπήν
821 1444 1094 1529 accommodatum
1126 1447 1183 1508 aut
1210 1445 1244 1508 in
1272 1443 1383 1509 eodem
1409 1444 1493 1508 libro
1524 1442 1588 1508 190

354 1571 426 1614 cum
449 1549 530 1616 haec
551 1549 705 1637 legrmtur
1130 1628 1132 1632 ¹

648 1657 666 1722 ὃ
691 1655 728 1723 δὲ
750 1661 809 1722 καί
829 1655 908 1723 ποτ’
931 1657 1085 1742 ἀμύμονα
1111 1656 1237 1742 Φρίξον
1259 1654 1374 1723 ἔδεκτο

486 1773 648 1849 μητρυιῆς
671 1766 840 1850 φεύγοντα
863 1765 965 1830 δόλον
987 1767 1112 1846 πατρός
1135 1789 1169 1830 τε
1192 1763 1338 1850 θνηλύς,
1602 1791 1629 1832 ιο

487 1871 608 1949 πάντες
630 1870 701 1938 ἐπεὶ
723 1871 830 1958 πύντή
853 1874 909 1937 καλ
932 1873 1002 1949 ὅτις
1023 1870 1112 1956 μύλα
1134 1872 1296 1948 κύντατος
1319 1871 1454 1956 ἀνδρῶν

489 1979 625 2052 ,Ξεινίου
649 1981 821 2045 αἰδεῖται
848 1980 955 2062 Ζηνὸς
977 1977 1080 2063 θέμιν
1103 1977 1155 2061 ἠδ’
1183 1978 1369 2062 ἀλεγίζει,

354 2087 446 2170 quasi
470 2086 596 2151 nullum
618 2091 702 2152 esset
724 2086 845 2164 πάντες
864 2085 1022 2151 enuntiati
1039 2086 1167 2151 relativi
1184 2086 1322 2151 formam
1342 2085 1429 2170 quod
1447 2083 1589 2149 medium

354 2198 403 2257 est
425 2192 495 2270 ὅτις
513 2193 675 2270 κύντατος
692 2192 828 2278 ἀνδρῶν
847 2196 1028 2278 sequuntur
1045 2193 1144 2257 verba
1163 2193 1314 2276 αἰδεῖται,
1333 2191 1483 2276 ἀλεγίζει,
1507 2213 1589 2276 quae

352 2321 419 2365 non
450 2304 517 2364 tam
549 2300 645 2366 facile
675 2299 834 2384 pluralem
866 2321 1037 2364 numerum
1070 2321 1167 2383 quam
1201 2298 1390 2384 ἐφήνδανεν
1419 2299 1588 2383 recipiunt.

353 2406 417 2472 Sed
441 2429 478 2471 ea
499 2396 674 2472 Merkelius
698 2408 744 2470 ait
763 2407 888 2471 diversa
911 2428 980 2471 esse
1003 2407 1044 2471 ab
1068 2427 1106 2470 eo
1129 2406 1212 2490 loco,
1236 2408 1275 2471 de
1299 2427 1363 2492 quo
1386 2407 1527 2492 agimus3
1556 2409 1589 2470 et

353 2518 430 2578 sunt
452 2514 582 2597 quidem
607 2514 740 2597 diversa,
764 2515 819 2579 sed
842 2517 879 2577 ut
903 2513 1035 2578 eandem
1059 2535 1132 2578 cum
1151 2513 1209 2578 illo
1228 2512 1492 2578 consuetudinem
1512 2535 1589 2596 prae

353 2643 387 2686 se
410 2621 524 2707 ferant,
548 2643 612 2704 qua
630 2619 743 2686 Graeci
766 2643 785 2685 a
809 2622 965 2686 severiore
990 2620 1149 2685 enuntiati
1171 2624 1332 2685 structura
1350 2619 1518 2705 paululum
1538 2621 1588 2684 de-

351 2729 517 2792 flectentes
540 2727 712 2792 verborum
734 2727 855 2792 formas
879 2749 952 2792 cum
975 2728 1016 2792 iis
1041 2750 1122 2813 quae
1140 2729 1289 2812 proxima
1307 2732 1383 2792 sunt
1401 2727 1588 2793 coniunctas

353 2857 422 2902 esse
446 2834 570 2901 volunt.
608 2833 678 2912 Quo
702 2835 807 2922 magis
830 2833 982 2901 credibile
1007 2838 1055 2900 est
1077 2840 1206 2921 poetam
1230 2835 1327 2901 etiam
1351 2835 1386 2899 in
1408 2833 1465 2899 illo
1490 2834 1589 2901 simili
1602 2861 1630 2903 so

352 2945 465 3027 μίμνει
487 2943 621 3008 verbum
644 2964 717 3008 cum
739 2942 855 3007 vicinis
878 2943 1075 3027 conciliasse,
1099 2965 1294 3027 quamquam
1318 2943 1465 3027 superior
1484 2944 1587 3009 oratio

353 3050 460 3115 stabat
482 3050 679 3136 imperfecta.
716 3048 820 3126 Quem
843 3071 965 3115 morem
990 3048 1199 3133 Graecorum,
1221 3054 1259 3115 ut
1280 3050 1344 3115 hoc
1367 3071 1469 3137 genus
1494 3071 1588 3115 omne

352 3157 598 3242 amplectamur,
625 3156 677 3221 vel
705 3159 738 3221 in
764 3157 805 3222 iis
829 3178 984 3243 agnoscas
1009 3180 1090 3243 quae
1114 3161 1190 3222 sunt
1213 3159 1298 3241 apud
1320 3156 1530 3222 Aristotelem
1554 3158 1588 3221 iu

353 3268 421 3329 arte
449 3265 576 3349 poetica
599 3287 624 3330 ο.
646 3264 688 3328 14
706 3287 736 3349 p.
758 3263 871 3329 1453b
886 3265 927 3329 27
956 3262 1027 3329 ἔστι
1054 3265 1116 3349 μὲν
1143 3266 1206 3350 γ’διρ
1235 3264 1322 3329 οὕτω
1346 3266 1503 3349 γίνεσθαι
1526 3266 1588 3348 τήν

351 3370 484 3453 πρᾶξιν,
507 3371 617 3456 ὥσπερ
639 3373 671 3437 ol
690 3370 825 3438 artosol
844 3370 983 3437 ἐποίουν
1003 3373 1131 3449 εἰδότας
1149 3370 1204 3436 καὶ
1223 3371 1481 3455 γιγνώσκοντας,
1506 3394 1587 3455 quae

353 3478 432 3543 olim
459 3501 558 3562 prava
585 3479 844 3563 interpunctione
872 3479 1043 3544 obscurata
1070 3478 1111 3543 ad
1138 3500 1230 3542 suam
1257 3478 1415 3544 rationem
1438 3500 1588 3544 revocare

352 3585 563 3670 Platonisque
582 3586 728 3671 exemplo
748 3585 892 3651 stabilire
911 3585 1106 3671 studuimus3
1126 3586 1245 3650 etenim
1263 3583 1348 3650 nihil
1366 3608 1480 3651 curans
1499 3608 1590 3670 pree-

443 3743 488 3814 ⁶3)
507 3743 705 3799 Memorabilia
723 3744 794 3798 haec
813 3746 879 3797 sunt
896 3744 950 3798 hoe
968 3759 1081 3813 quoque
1099 3743 1225 3809 nomine,
1249 3742 1324 3811 quod
1344 3758 1361 3795 a
1379 3752 1469 3798 πᾶσαι
1487 3759 1588 3798 nomen

353 3832 512 3888 seiunctum
529 3833 561 3888 in
579 3833 637 3887 alis
655 3832 790 3887 orationis
808 3835 890 3903 parte
908 3833 1033 3903 positum
1052 3834 1103 3887 est.
1136 3832 1216 3898 Quod
1231 3849 1320 3903 genus
1333 3832 1460 3903 tragicus
1473 3832 1589 3902 ignotus

353 3920 397 3992 (fr.
413 3927 464 3975 392
479 3922 588 3977 Nauck
603 3922 647 3978 ed.
662 3926 694 3993 τι)
713 3922 785 3977 dixit

599 4008 754 4082 Ἀργεῐοςῆ
776 4014 913 4083 Θηβαῖος
934 4012 969 4066 ού
987 4011 1041 4082 γὰρ
1061 4011 1177 4083 εύγομαι

603 4108 693 4170 μιᾶς·
713 4099 790 4163 ἅπας
807 4121 855 4171 μοι
873 4101 979 4170 πύργος
993 4098 1136 4169 Ἑλλήνων
1154 4098 1290 4170 πατρίς;

353 4207 405 4246 nec
424 4190 550 4261 disparia
569 4193 635 4245 sunt
652 4190 724 4245 haee
742 4189 882 4260 Propertii
900 4196 984 4257 1126,
1000 4193 1033 4244 κδ

602 4297 669 4334 aava
687 4296 747 4334 νιια
765 4296 826 4335 cum
844 4280 955 4347 recitat,
974 4280 1043 4335 dicit
1059 4296 1087 4335 se
1105 4278 1192 4335 ούιεοι
1211 4281 1314 4334 beatos:

639 4371 766 4423 carmina
784 4376 841 4424 tom
858 4375 952 4424 sancte
969 4370 1050 4424 nullo
1066 4368 1161 4438 proella
1179 4368 1258 4435 colit,-

353 4464 425 4513 1124
453 4464 487 4513 bb

431 4501 438 4527 ’
603 4537 634 4586 ια
652 4547 713 4585 awa
730 4546 872 4600 compones
890 4536 915 4585 et
933 4529 1007 4585 dices
1027 4530 1114 4597 ‘osso,
1133 4531 1274 4597 Properti,

637 4620 703 4691 boec
721 4624 771 4674 tua
788 4626 861 4674 amr.

354 4707 445 4777 μολπή
464 4710 559 4762 antem
577 4725 688 4776 nomen,
708 4724 725 4761 a
743 4715 832 4763 πᾶσαι
851 4709 1023 4777 separatum,
1042 4708 1119 4775 quod
1138 4723 1168 4762 se
1186 4707 1223 4761 ad
1241 4707 1353 4763 relativi
1372 4708 1514 4763 enuntiati
1532 4708 1588 4763 for-

353 4812 430 4850 mam
444 4796 609 4867 applicavit,
624 4814 705 4853 exeo
719 4813 822 4869 genere
836 4799 888 4866 est,
903 4796 939 4851 de
953 4812 1009 4867 quo
1024 4814 1109 4867 supra
1123 4796 1242 4851 dicimus
1256 4795 1288 4851 in
1300 4798 1444 4867 prooemio
1458 4796 1587 4851 Enniano

354 4904 381 4955 p.
401 4891 449 4954 44,
473 4885 601 4956 exempla
626 4885 817 4941 Callimachea
839 4886 869 4941 in
889 4884 1064 4941 Callimacho
1088 4902 1138 4941 suo
1157 4884 1315 4941 Meinskius
1341 4884 1457 4957 collegit
1478 4902 1505 4955 p.
1526 4890 1586 4940 145.
