3967 5725
512 643 809 694 OBSERVATIONES
829 643 998 693 CRITICAE
1017 644 1055 694 IN
1075 642 1275 693 SOPHOCLIS
1292 642 1499 717 Ehucrnnm
1553 638 1617 703 165

385 804 561 868 studiosius
584 804 849 887 pertemptavarit
866 805 1068 887 maximeque
1087 825 1151 887 qua
1168 826 1204 867 re
1215 826 1243 867 a
1261 802 1443 869 Germanici
1462 804 1618 868 sermonis

385 932 474 976 more
498 911 660 975 discedant
685 911 865 977 attenderit.
906 910 1081 994 Euripides
1104 909 1270 975 Phoeniss.
1289 912 1333 975 46

918 1018 961 1094 ὡς
985 1016 1015 1082 θ’
1043 1016 1189 1103 ἐπεζάρει

546 1122 655 1210 Σφὶγξ
680 1123 859 1207 ἁρπαγαῖσι
883 1127 997 1206 πόλιν,
1021 1123 1112 1205 ἐμός
1135 1124 1163 1189 τ’
1190 1126 1261 1190 οὐκ
1284 1120 1331 1207 ἦν
1353 1126 1484 1207 πόσις,
1603 1160 1605 1163 f

544 1230 664 1313 Κρέων
688 1230 832 1313 ἀδελφὸς
854 1230 939 1315 τάμὰ
962 1232 1121 1315 κηρύσσει
1145 1230 1221 1315 λέχη

384 1338 438 1403 sed
462 1337 581 1402 ibidem
604 1360 633 1403 v.
653 1337 696 1401 36
1381 1397 1383 1401 Α

858 1446 960 1522 Λάιός
983 1444 1034 1528 θ’,
1056 1447 1158 1528 οὑμὸς
1180 1450 1291 1528 πόσις,

544 1555 602 1617 τὸν
626 1551 804 1617 ἐκτεθέντα
827 1553 931 1617 παῖδα
954 1554 1128 1637 μαστεύων
1150 1560 1288 1638 μαθεῖν,

544 1660 577 1723 εἰ
600 1657 728 1742 μηκέτ’
754 1666 822 1742 εἴη.

383 1764 507 1829 Helena
525 1766 591 1830 686

545 1876 613 1937 ΕΛ.
660 1873 730 1938 οὐκ
753 1870 862 1938 ἔστιν
885 1874 1024 1959 μάτηρ·
1047 1874 1209 1958 ἀγχόνιον
1232 1878 1357 1960 βρόχον

660 1979 710 2044 δι’
732 1977 789 2063 ἐμὲ
812 1981 1014 2064 κατεδήσατο
1038 1982 1207 2064 δύσγαμος
1230 1983 1380 2067 αἰσχύνᾳ.

542 2090 620 2152 ΜΕ.
658 2088 760 2171 ὦμον
778 2087 1002 2171 θυγατρὸς’ό’
1026 2086 1233 2173 Ἑρμιόνης
1255 2086 1365 2154 ἔστιν
1388 2091 1488 2171 pilum

382 2192 421 2259 In
445 2192 614 2277 Sophoclis
637 2193 768 2258 Electra
791 2195 863 2278 ipsa
886 2194 951 2257 822
1467 2229 1470 2236 ·

838 2302 882 2378 ὡς
905 2301 1000 2386 χάρις
1021 2298 1084 2384 μὲν
1105 2301 1149 2385 ἢν
1171 2303 1307 2387 κτύνη,

506 2456 508 2461 ·
542 2410 628 2491 λύπη
653 2406 682 2473 d'
711 2408 769 2473 ἐὰν
792 2412 848 2487 ζῶ·
872 2417 941 2474 τοῦ
964 2411 1055 2490 βίον
1079 2406 1109 2472 d’
1136 2406 1272 2485 οὐδεὶς
1293 2412 1421 2485 πόθος
1450 2451 1452 2458 -

380 2516 411 2579 h.
431 2538 457 2579 e.
481 2525 541 2580 τοῦ
565 2518 643 2599 βίον
666 2514 778 2580 οὐκέτι
796 2517 914 2597 πόθος,
938 2518 970 2578 et
988 2519 1117 2599 poterat
1135 2515 1198 2580 hoc
1215 2538 1318 2579 unum
1338 2516 1520 2601 exemplum
1539 2516 1618 2581 Mei-

380 2623 512 2686 nekium
541 2623 568 2687 si
596 2623 785 2687 attendisset
813 2622 853 2687 ab
882 2622 1079 2687 emendando
1107 2624 1208 2688 altaro
1237 2623 1383 2687 retinere,
1415 2623 1527 2690 ¹Porro
1551 2624 1616 2689 876

541 2732 651 2795 πόθεν
674 2731 694 2794 d
702 2729 710 2754 '
733 2729 775 2794 ἂν
800 2729 911 2811 εὕροις
934 2738 1002 2795 τῶν
1025 2725 1115 2812 ἐμῶν
1138 2733 1180 2795 σὺ
1203 2729 1362 2813 πημάτων
1450 2765 1452 2771 ·

541 2834 671 2923 ἄρηξιν,
695 2826 744 2913 οἷς
768 2837 859 2902 ἴασιν
883 2836 945 2902 οὐκ
968 2832 1072 2902 ἔνεστ’
1102 2837 1196 2902 ἰδεῖν.
1511 2885 1530 2901 -.
1630 2861 1658 2902 ao

381 2943 469 3021 Quae
492 2945 569 3029 quia
590 2944 674 3008 hanc
695 2944 761 3008 vim
783 2943 907 3008 habent
929 2942 1003 3025 ‘fair
1025 2943 1077 3007 die
1098 2943 1184 3007 nicht
1201 2944 1342 3026 Ηωόακγ
1365 2945 1451 3008 νιύιν
1473 2946 1616 3019 να,εο1ικ’

380 3052 529 3116 certatim
551 3050 713 3134 advolant,
736 3047 779 3114 ἔτ’
808 3047 874 3114 ἔστ’
903 3050 1134 3132 coniectantes,
1163 3052 1254 3115 cuius
1278 3053 1456 3134 scripturae
1479 3053 1617 3138 vestigia

380 3158 537 3242 quaedam
565 3159 628 3222 iam
657 3158 691 3222 in
723 3157 888 3221 codicibus
917 3178 1069 3240 expressa
1097 3163 1186 3242 sunt,
1214 3159 1332 3242 quibus
1357 3157 1439 3222 nihil
1461 3159 1618 3242 probatur

379 3267 443 3330 nisi
475 3265 540 3329 iam
569 3265 646 3336 olim
676 3265 775 3329 fuisse
803 3264 859 3348 qui
887 3261 935 3329 ἔτι
964 3265 998 3328 in
1025 3263 1086 3328 hac
1109 3265 1273 3329 sententia
1302 3264 1530 3331 desiderarent
1572 3266 1617 3330 ut

381 3394 462 3456 quac
487 3371 552 3436 925
575 3372 729 3458 leguntur

540 3478 718 3562 τέθνηκεν,
742 3475 767 3543 ὦ
791 3477 946 3562 τάλαινα,
968 3478 1124 3543 τάκείνου
1148 3478 1187 3544 δέ
1208 3496 1262 3544 σοι

541 3584 672 3669 σωτήρι’
701 3582 803 3671 ἔρρετ’
827 3581 950 3668 μηδὲν
974 3583 1008 3661 ἐς
1030 3588 1143 3649 κεῖνόν
1166 3582 1195 3667 γ’
1223 3586 1286 3670 ὅρα

326 3707 366 3762 10
380 3694 532 3777 quoniam
560 3693 606 3756 sic
632 3692 793 3756 reddenda
821 3697 897 3757 sunt
926 3693 1023 3757 ‘nicbt
1051 3691 1129 3756 blicis
1153 3694 1216 3775 auf
1227 3694 1322 3775 γὀκοκ
1345 3694 1452 3777 mebr',
1475 3714 1541 3757 non
1564 3693 1616 3757 de

383 3800 516 3864 fuerumt
554 3803 633 3886 (tres
670 3804 835 3864 enumerat
866 3798 1033 3864 Michaelis
1067 3798 1249 3885 diligentia)
1282 3801 1337 3883 qui
1369 3798 1486 3883 μηκέτ’
1518 3800 1617 3866 scribi

379 3905 575 3993 iuberent*).
618 3905 742 3983 Quibus
771 3929 808 3971 eo
837 3907 944 3971 minus
973 3905 1068 3970 fidem
1096 3906 1265 3989 habemus,
1293 3906 1369 3989 quia
1391 3905 1443 3969 vel
1465 3905 1516 3970 his
1539 3930 1616 3990 pau·
1629 3929 1656 3970 ω

379 4014 460 4078 culis
488 4013 644 4098 exemplis
674 4013 831 4092 videmus,
864 4014 950 4097 quod
978 4014 1126 4097 plurimis
1155 4015 1306 4098 cognosci
1334 4016 1454 4097 potest,
1487 4014 1615 4079 criticos

379 4119 462 4184 nihil
494 4120 557 4185 nisi
590 4119 778 4185 emendandi
811 4121 1011 4185 occasionem
1040 4125 1192 4185 venantes
1222 4143 1303 4205 quae
1331 4120 1426 4184 facile
1454 4121 1616 4185 emendari

378 4230 516 4311 possunt
548 4227 729 4310 emendare,
766 4249 848 4310 quae
879 4249 946 4292 non
977 4231 1128 4312 possunt,
1166 4229 1311 4312 quamvis
1344 4228 1509 4292 simillima
1541 4229 1615 4311 sint,

379 4334 636 4417 praetermittere
660 4355 797 4398 securos.

469 4439 498 4504 5.
523 4439 612 4505 Haeo
629 4440 804 4506 levidensis
818 4445 893 4505 sunt
907 4440 1092 4505 admodum:
1111 4442 1207 4524 paulo
1223 4442 1359 4506 fortasse
1374 4442 1522 4526 graviora
1535 4441 1615 4505 haec

380 4567 461 4630 quae
488 4546 637 4631 deinceps
661 4547 897 4632 disputabimus
921 4547 960 4611 de
981 4547 1089 4612 verbis
1112 4548 1251 4612 multum
1275 4549 1404 4631 quidem
1428 4549 1613 4631 disceptatis

379 4653 514 4718 necdum
539 4654 580 4718 ad
603 4654 804 4738 probabilem
827 4657 985 4720 rationem
1008 4655 1166 4718 revocatis
1191 4676 1271 4737 quae
1294 4656 1328 4718 in
1352 4655 1481 4719 Electra
1499 4678 1527 4718 v.
1549 4653 1611 4718 797

461 4811 532 4881 Ι*80)
551 4811 647 4882 [Apud
666 4810 884 4881 Aristophanem
908 4830 1020 4881 quoque
1039 4813 1085 4865 hic
1104 4811 1164 4865 illic
1184 4810 1229 4880 (cf.
1244 4810 1338 4878 idquit.
1355 4817 1420 4878 6993
1444 4809 1612 4880 lbesmoph.

379 4903 443 4970 aab)
468 4900 508 4956 ἔτι
530 4899 688 4968 particulae
711 4903 823 4969 praeter
846 4900 933 4955 libros
957 4905 985 4956 et
1004 4903 1116 4970 praeter
1135 4900 1333 4956 necessitatem
1351 4901 1445 4955 locum
1463 4899 1612 4968 fecerunt]
