3967 5725
708 632 1011 685 couraovnasnn
1028 633 1244 685 1515115511.
1532 628 1598 693 555

364 798 436 861 istic
448 797 594 879 prodesse
612 845 619 860 .
639 844 645 858 .
659 815 758 877 posse.
795 793 880 859 Nam
898 795 1042 881 utillud,
1064 795 1161 860 modo
1180 798 1266 858 recte
1285 793 1469 878 accipiatur,
1487 814 1599 857 verum

365 924 435 967 esse
453 901 661 988 intelligitur:
679 902 825 986 loquitur
845 907 952 967 autem
971 900 1093 986 Cicero,
1114 899 1384 985 quemadmodum
1403 899 1532 963 locutus
1550 903 1600 963 est

365 1008 404 1072 de
427 1008 480 1073 fin.
500 1026 526 1071 11
547 1009 598 1093 15,
616 1008 659 1073 48
682 1011 829 1074 atenim
852 1010 1035 1075 consuetudo
1058 1009 1201 1091 15551555,
1229 1009 1267 1073 id
1287 1008 1386 1073 solnm
1410 1007 1526 1071 dioitnr
1548 1006 1600 1071 55-

363 1120 484 1181 nestum
498 1117 580 1197 5555
588 1137 649 1193 -;
664 1116 704 1181 ad
720 1138 857 1200 quorum
871 1137 1017 1181 normam
1033 1115 1111 1181 olim
1125 1115 1326 1180 restituimus
1341 1112 1380 1178 de
1394 1115 1455 1200 leg.
1471 1104 1545 1198 115,
1554 1112 1600 1177 44

364 1244 441 1287 nom
468 1228 495 1287 51
523 1226 559 1287 55
582 1225 754 1289 commanis
778 1223 983 1305 inteliipcntio
1005 1223 1094 1288 nobis
1115 1228 1206 1287 notas
1227 1241 1277 1287 res
1299 1221 1395 1303 5551555
1418 1270 1452 1285 ..
1474 1220 1600 1286 mnan

365 1332 400 1395 in
423 1330 534 1395 viriato
549 1336 675 1412 ponant
715 1382 721 1396 .
759 1328 841 1394 Item
865 1325 903 1393 de
926 1352 993 1414 rep.
1012 1347 1049 1393 VI
1070 1329 1120 1410 15,
1142 1328 1182 1392 15
1205 1330 1355 1410 qnoniam
1372 1328 1448 1392 5555
1464 1329 1599 1406 5555155,

364 1443 404 1501 55
425 1438 619 1519 Africcmrm
642 1438 738 1503 undio
762 1438 879 1514 diccrc;
909 1433 1217 1521 (15551155224
1240 1441 1283 1500 555
1305 1436 1401 1514 enim,
1428 1441 1468 1499 nt
1490 1436 1599 1499 moliri

363 1543 544 1611 Scaevolam
572 1545 684 1623 dicero,
712 1550 786 1609 5555
808 1545 874 1608 ocri
896 1543 993 1607 Brnti
1015 1542 1105 1621 libri;
1134 1540 1399 1626 5155555515.
1421 1542 1475 1625 17,
1494 1542 1537 1605 49
1560 1547 1599 1606 55

364 1672 401 1716 coc
423 1652 473 1716 bis
489 1652 680 1733 propinquis
697 1652 764 1716 eins
782 1651 887 1729 undio,
910 1671 974 1715 non
992 1656 1026 1714 55
1046 1651 1080 1714 in
1097 1652 1156 1715 isto
1174 1650 1310 1733 oniificio
1328 1650 1518 1715 accusatorio
1536 1648 1599 1713 col-

364 1758 468 1823 lidior.
492 1756 585 1833 Quod
599 1779 700 1844 genus
715 1756 877 1841 loquendi,
892 1778 1087 1841 quamquam
1102 1756 1283 1823 aCicerone
1298 1779 1364 1822 non
1377 1779 1445 1821 5555
1457 1757 1598 1821 alienum
1613 1778 1640 1819 10

311 1872 348 1926 11
363 1864 523 1949 videmus,
554 1865 725 1950 praecipue
756 1864 914 1929 familiare
941 1863 1042 1928 fuisse
1070 1868 1196 1929 constat
1225 1864 1420 1929 comicorum
1449 1864 1598 1949 sermoni,

364 1970 494 2055 Plauto,
521 1971 686 2054 Terentio,
715 1994 754 2036 ex
781 1971 897 2055 quibus
919 1969 1086 2036 Bentleius
1110 1971 1211 2035 multa
1234 1970 1381 2055 exempla
1404 1970 1537 2057 collegit
1559 1972 1599 2036 ad

365 2077 506 2143 Terentii
529 2078 757 2144 Phormionem
776 2079 922 2163 113,21.
959 2077 1030 2144 Nos
1053 2100 1156 2163 pauca
1178 2078 1339 2143 afferimus
1363 2078 1403 2141 ab
1427 2077 1485 2143 illo
1509 2092 1598 2163 prae·

364 2187 473 2269 terite,
501 2208 564 2270 quo
593 2186 696 2272 magis
725 2186 793 2250 eius
820 2185 996 2250 locutionis
1021 2186 1069 2249 vis
1093 2191 1126 2250 et
1147 2188 1264 2249 natura
1286 2188 1451 2269 appareat:
1480 2183 1597 2269 Amph.

365 2293 430 2356 670
454 2294 578 2357 dcccmo
597 2298 669 2374 posi
690 2314 804 2372 mense,
832 2298 868 2357 55
888 2294 1042 2358 rationem
1065 2298 1093 2358 55
1115 2293 1241 2356 doctore
1265 2291 1412 2373 inicilapo.
1446 2290 1598 2357 Bacchid.

364 2399 429 2463 218
453 2400 655 2479 Mnesiloche,
678 2406 717 2465 55
739 2400 908 2466 bonorem
929 2406 1041 2465 notam
1064 2399 1216 2482 intdicpo,
1239 2399 1322 2481 qnod
1343 2419 1429 2463 omes
1444 2405 1599 2480 paratam

364 2513 414 2571 cst.
447 2505 584 2590 Adelph.
606 2507 668 2571 749
687 2509 832 2573 atriden
850 2514 937 2573 trram
956 2528 1008 2589 epo
1026 2508 1187 2589 ineptiam,
1208 2507 1367 2588 fcdnrnm
1385 2507 1482 2571 credo
1511 2505 1599 2571 Hau·

364 2614 528 2679 55115859
552 2615 603 2679 Nc
625 2620 658 2679 tn
675 2616 866 2697 propediem,
889 2621 928 2679 55
949 2616 1045 2680 istam
1063 2635 1129 2680 rem
1146 2613 1243 2692 rideo,
1265 2614 1358 2679 istius
1375 2614 1598 2680 obsotnrobere.

453 2720 505 2786 Ab
533 2722 573 2786 iis
602 2726 708 2787 autem
733 2744 814 2806 quae
839 2722 959 2806 scripta
982 2725 1058 2786 sunt
1081 2722 1114 2785 in
1137 2721 1231 2786 libris
1253 2722 1375 2786 venires
1395 2708 1425 2786 si
1448 2721 1598 2786 donatam

362 2852 460 2914 quam
478 2852 581 2916 prope
599 2829 707 2894 absint
725 2828 804 2896 haec
823 2851 904 2916 quae
918 2828 1045 2895 restitui
1061 2830 1230 2894 suademus
1243 2830 1379 2896 venires:
1397 2828 1435 2893 id
1447 2829 1596 2908 omittam,
1612 2850 1639 2890 ac

360 2937 521 3002 neminem
546 2939 742 3022 praeteribit,
766 2938 822 3023 qui
844 2937 1034 3022 praesertim
1058 2937 1120 3001 sibi
1139 2937 1246 3001 animo
1266 2936 1449 3001 informarit
1466 2934 1545 2999 haec
1563 2928 1598 2998 in

363 3048 491 3109 vetusto
520 3047 628 3129 aliquo
657 3046 765 3111 codice
795 3046 840 3110 515
866 3048 996 3108 exarata
1018 3044 1118 3109 fuisse
1142 3045 1275 3108 reniresi
1298 3044 1461 3121 domitam,
1490 3064 1598 3126 quem-

361 3152 536 3216 admodum
568 3173 663 3237 soepe
695 3153 730 3216 in
761 3152 875 3216 harum
909 3150 1119 3236 epistolarum
1151 3149 1315 3214 codicibus
1343 3147 1484 3231 litterae,
1516 3170 1598 3232 quae

361 3259 572 3344 geminandae
601 3262 705 3341 erant,
733 3258 832 3322 semel
859 3258 984 3340 positae
1012 3265 1101 3341 sunt,
1129 3259 1166 3318 55
1194 3257 1272 3319 atico
1299 3253 1450 3318 scribitur
1477 3258 1510 3318 et
1535 3254 1597 3318 hoc

361 3366 493 3449 quidem
512 3386 615 3449 saepe,
638 3366 749 3446 opidis,
770 3365 934 3446 olobropcs,
953 3364 1121 3441 omrsnrns,
1141 3362 1204 3426 alie
1222 3361 1329 3445 plura:
1352 3365 1518 3445 praeterea
1534 3360 1598 3426 hoc

362 3471 632 3536 reminiscendum
656 3475 717 3554 est,
745 3470 835 3535 nullo
859 3491 976 3557 genere
999 3469 1199 3553 frequentius
1223 3469 1257 3532 in
1281 3468 1332 3532 his
1356 3467 1503 3552 epistolis
1525 3489 1597 3552 pec·

361 3579 428 3643 cari
452 3600 549 3661 qnam
569 3578 654 3661 quod
671 3577 798 3642 litterae
817 3577 1023 3662 syllabaeque
1042 3579 1097 3640 aut
1115 3575 1197 3640 falso
1216 3574 1430 3660 diiunguntur
1448 3579 1504 3640 aut
1523 3596 1597 3640 con·

362 3684 542 3770 iunguntur
564 3685 660 3770 fals03
685 3684 792 3768 qualia
811 3689 894 3764 sunt,
916 3705 957 3748 115
976 3682 1054 3766 quid
1073 3682 1212 3766 exempli
1231 3682 1436 3766 desideretur,
1458 3682 1597 3747 55551555

360 3793 432 3872 qnia
454 3811 591 3856 summos
613 3788 1062 3878 (5.555555551555)115,3;
1090 3809 1127 3854 cc
1149 3790 1325 3871 opilionem
1349 3786 1596 3876 (Amtdimmm)

362 3898 424 3981 14,
446 3899 477 3981 13
497 3899 636 3978 potentio
659 3900 714 3981 555
736 3898 828 3964 illam
851 3897 983 3985 (potent.
1002 3894 1183 3984 Aquiliam)
1203 3914 1216 3960 1
1236 3898 1270 3981 1,
1291 3897 1322 3981 13
1346 3896 1452 3978 orpnit
1473 3916 1490 3961 5
1511 3895 1598 3960 ionic
1610 3917 1637 3957 so

360 4004 451 4086 55555
475 4001 670 4091 (Arpilctoni
692 4005 846 4092 aedificii)
864 4024 878 4069 1
899 4006 949 4087 14,
970 4007 998 4070 7.

452 4110 588 4176 Restant
616 4115 781 4198 superiora
808 4113 960 4178 15555555
986 4117 1022 4176 55
1047 4110 1158 4177 scribis
1184 4111 1396 4193 sipnificmem
1423 4115 1458 4174 55
1482 4109 1527 4173 od
1548 4129 1597 4173 me

358 4221 488 4286 5551555.
525 4217 564 4284 In
592 4221 709 4304 quibus
738 4218 920 4305 Madvigius
949 4219 1018 4282 iure
1044 4218 1176 4304 negavit
1202 4238 1298 4302 posse
1325 4215 1596 4297 1555555555-

358 4329 461 4394 corim
489 4327 599 4410 scribi,
628 4328 715 4411 quod
742 4326 846 4391 adhuc
869 4324 1072 4413 vulgabatur.
1109 4323 1183 4409 Ipse
1206 4325 1294 4408 quod
1316 4323 1462 4408 reposuit
1482 4322 1597 4387 scilicet

359 4436 418 4500 5555
444 4442 480 4500 55
504 4435 615 4500 scribis
638 4435 856 4517 cipnidccrom
878 4439 913 4498 55
936 4433 981 4498 od
1002 4433 1203 4511 merenies,
1231 4431 1265 4494 in
1289 4451 1327 4494 5ο
1350 4430 1464 4496 scilicet
1486 4449 1596 4493 conce

359 4543 456 4606 dendi
481 4543 545 4606 vim
568 4540 685 4606 habere
708 4540 821 4624 voluit,
845 4562 917 4605 oum
941 4541 988 4604 ita
1006 4539 1271 4622 interpretaretur
1289 4558 1352 4602 non
1369 4537 1494 4602 inimic
1512 4536 1596 4599 Atti-

358 4669 430 4712 cnm
457 4648 587 4713 scribere
613 4653 706 4712 55555
733 4649 770 4711 id
792 4670 812 4713 o
837 4646 981 4713 Cicerone
1008 4646 1220 4728 5951555555
1243 4664 1312 4710 esse.
1349 4643 1497 4726 Eamque
1520 4641 1595 4706 scri-

359 4759 489 4840 pturam
512 4758 545 4819 et
568 4754 816 4838 explicationem
839 4753 894 4818 ille
912 4752 1069 4817 Muellero
1093 4752 1251 4837 probavit,
1274 4750 1331 4834 qui
1353 4771 1457 4834 nuper
1479 4747 1593 4812 harum

359 4862 568 4946 epistolarum
588 4861 692 4926 editor
711 4861 844 4926 exstitit.
877 4859 946 4924 Nos
966 4859 1000 4923 in
1019 4857 1070 4923 his
1083 4880 1149 4924 non
1163 4863 1230 4924 tam
1242 4858 1356 4924 scilicet
1370 4856 1595 4921 addubitamus
