3967 5725
758 586 808 635 DE
827 585 1002 637 VERSIBUS
1020 585 1203 637 arsurus,
1555 584 1600 648 49

364 746 411 822 εἰς
429 746 492 828 τὴν
517 744 691 831 Ἐρυθρὰν
709 744 938 829 ἐξερεύγονται
956 748 1139 829 θάλατταν,
1158 748 1224 829 alii,
1243 752 1275 811 et
1294 748 1374 812 haec
1391 748 1489 812 verba
1507 770 1600 830 capo

309 848 349 904 18
365 856 397 916 et
419 850 555 935 ἐρεύγω,
579 874 774 937 quamquam
797 874 891 917 nemo
915 854 1019 918 nescit
1040 855 1125 918 inter
1147 854 1207 918 has
1225 854 1347 919 formas
1367 856 1445 939 quid
1463 855 1600 938 intersit,

364 982 383 1023 a
402 980 435 1023 se
454 960 652 1046 segreganda
669 982 733 1023 non
754 964 838 1043 sunt,
856 960 1023 1025 fatendum
1041 964 1091 1025 est
1108 962 1246 1026 fortasse
1263 962 1371 1027 Ennio
1391 960 1499 1046 ipsum
1517 961 1600 1027 illud

361 1067 462 1147 fontes
483 1068 595 1148 qrcibas
616 1068 754 1149 excrepit
776 1088 877 1149 oquae
895 1068 942 1132 vis
960 1067 1130 1151 placuisse.
1167 1066 1231 1133 Sed
1249 1067 1312 1135 hoc
1330 1073 1405 1133 utut
1423 1073 1481 1151 est,
1504 1070 1599 1135 nobis

241 1256 243 1261 ι
357 1174 522 1259 agendum
547 1178 596 1238 est
620 1174 658 1237 de
681 1196 791 1239 versus
815 1175 975 1238 sententia
998 1179 1031 1239 et
1054 1174 1135 1240 loco.
1182 1174 1285 1252 Quam
1308 1197 1376 1240 rem
1395 1179 1516 1240 vetusti
1535 1177 1599 1241 edi-

363 1285 451 1345 tores
483 1303 550 1346 non
576 1280 768 1367 tetigerunt3
798 1303 879 1365 quae
908 1304 983 1346 vero
1012 1281 1051 1345 Ε.
1075 1279 1361 1369 Spangenbergius
1393 1284 1599 1369 excogitavit,

362 1388 485 1453 absona
508 1392 598 1471 sunt,
627 1389 683 1471 qui
708 1388 852 1474 legentes
876 1388 916 1451 ad
938 1386 1055 1452 Nilum
1084 1392 1117 1453 et
1139 1388 1323 1475 Aegyptios
1345 1387 1416 1454 Nili
1442 1390 1598 1456 beneficio

361 1496 502 1559 fontium
523 1498 761 1579 contemptores
780 1493 916 1580 relegat3
936 1496 992 1560 sed
1005 1495 1151 1579 proxime
1166 1495 1327 1582 Bergkius
1342 1497 1377 1560 in
1390 1496 1490 1561 Ennii
1503 1519 1598 1561 versu

364 1600 560 1686 Capitolium
589 1625 608 1666 a
631 1601 706 1667 'Pito
730 1601 824 1667 Tatio
854 1602 1023 1667 obsessum
1050 1602 1187 1673 indicari
1216 1603 1279 1668 sibi
1307 1603 1511 1687 asseclasque
1538 1626 1598 1667 suo

363 1711 533 1793 persuasit.
581 1709 640 1774 Oui
666 1710 751 1793 quod
775 1710 816 1773 ab
840 1708 955 1775 Ovidio
978 1712 1013 1774 in
1036 1709 1143 1775 Fastis
1164 1707 1639 1798 (1269)1anusrepeeinasa

361 1818 534 1882 eiaculatus
566 1838 679 1899 opace,
712 1817 746 1880 in
777 1815 1085 1902 Metamorphoseon
1116 1817 1204 1882 libro
1228 1835 1289 1881 XIV
1313 1815 1408 1904 (787)
1437 1818 1599 1903 nymphae

360 1944 459 1989 aenos
490 1930 517 1989 et
548 1925 685 2005 flaccina
714 1926 813 2005 fontis
844 1926 896 1989 sai
927 1924 1081 1989 elidentes
1108 1925 1321 2009 praeclusisse
1350 1924 1411 1987 iter
1440 1924 1599 2008 dicuntur,

357 2030 500 2115 ‘Tarpeia
524 2052 652 2114 quoque
675 2030 888 2114 Propertiana
911 2028 962 2117 (Ν
976 2031 1008 2108 4,
1021 2028 1080 2117 48)
1105 2030 1234 2095 Tatium
1258 2031 1348 2095 iubet
1375 2032 1486 2097 rorida
1513 2037 1599 2114 terpa

357 2139 431 2221 ¹{eryt
453 2158 566 2217 cocae,
591 2138 667 2222 quia
690 2140 743 2202 ria
765 2143 896 2203 tacentes
918 2138 1047 2203 Follcci
1070 2139 1142 2202 celet
1164 2138 1263 2203 tinette
1285 2159 1405 2220 seraper
1427 2160 1535 2219 opaca
1559 2160 1598 2201 ex

353 2246 403 2317 iis
422 2244 583 2330 ingeniosi
601 2244 749 2309 homines
768 2246 914 2309 efficiunt
933 2245 1040 2309 fontes
1059 2242 1262 2329 Capitolinos
1282 2267 1352 2310 esse
1370 2266 1453 2328 quos
1471 2244 1598 2310 Ennius

361 2352 463 2435 dicat,
496 2352 537 2417 ob
567 2372 700 2435 eamque
729 2374 857 2416 causam
885 2350 1061 2437 Bergkius,
1093 2355 1130 2415 ut
1158 2351 1223 2415 sibi
1252 2356 1399 2416 constare
1426 2351 1597 2434 videretur,

361 2462 463 2542 capit
484 2460 620 2543 perfecti
643 2460 779 2523 formam
803 2480 872 2523 esse
893 2459 1210 2543 voluitversumque
1229 2458 1382 2524 eomodo
1402 2480 1497 2543 quem
1517 2459 1599 2521 dixi-

362 2588 436 2630 mus
465 2566 665 2631 deformavit.
713 2565 774 2630 Sed
802 2566 837 2630 hi
864 2567 926 2630 riri
957 2566 1044 2630 docti
1071 2566 1111 2630 ab
1140 2567 1212 2631 istis
1240 2565 1386 2629 fontibus
1417 2565 1534 2630 divinis
1561 2570 1598 2629 ut

363 2674 490 2737 videtur
513 2674 729 2757 obstupefacti
753 2674 834 2737 illud
857 2695 923 2737 non
947 2676 1100 2737 curarunt
1124 2673 1211 2756 quod
1234 2694 1396 2737 summum
1419 2676 1496 2756 erat,
1525 2672 1596 2755 quis

361 2802 467 2864 quave
495 2782 533 2845 de
560 2804 596 2845 re
628 2781 908 2865 contempsisse
940 2780 1048 2843 fontes
1081 2780 1248 2844 diceretur.
1303 2779 1395 2856 Quod
1428 2780 1492 2843 nisi
1524 2782 1637 2864 quises

360 2888 486 2973 liquido
515 2889 795 2970 demonstraverit,
824 2909 919 2974 aegre
941 2888 1038 2952 fidem
1061 2890 1266 2952 nanciscetur
1289 2887 1327 2951 de
1351 2887 1494 2971 reliquis.
1539 2886 1598 2951 At·

362 2997 421 3079 qui
451 2996 546 3060 nobis
579 2995 662 3059 hanc
695 2997 871 3059 orationem
905 3017 978 3059 cum
1011 3017 1087 3059 cura
1114 2994 1406 3079 pertemptentibus
1435 2994 1486 3058 his
1516 3017 1597 3078 quae

360 3107 459 3186 poeta
482 3104 561 3167 dicit
583 3102 694 3184 quibas
717 3103 853 3185 caenon
875 3123 976 3184 opace
998 3103 1047 3166 eis
1069 3102 1210 3166 fontium
1227 3106 1343 3166 natura
1361 3100 1493 3188 depingi
1511 3102 1597 3165 vide-

359 3215 424 3293 tur,
446 3233 513 3274 non
537 3212 716 3274 ornamenti
740 3231 836 3274 causa
859 3211 893 3273 in
916 3209 1065 3293 speeiem,
1088 3209 1144 3273 sed
1163 3210 1239 3292 quia
1257 3210 1341 3274 forte
1361 3208 1596 3273 contrariorum

360 3319 452 3382 ratio·
474 3319 508 3381 in
535 3340 573 3381 ea
600 3339 634 3382 re
663 3317 727 3380 vim
756 3317 932 3382 sententiae
961 3316 1101 3400 positam
1129 3317 1241 3380 voluit.
1292 3314 1378 3380 Nam
1406 3315 1492 3398 quod
1523 3316 1595 3398 quis

360 3423 593 3508 contempsisse
624 3425 729 3488 fontes
760 3425 890 3509 dicitur,
922 3423 1040 3507 quibus
1074 3426 1181 3487 tamen
1214 3444 1316 3504 aquae
1344 3422 1438 3506 copia
1465 3425 1596 3506 accepta

359 3532 472 3614 fertur,
496 3554 566 3596 eam
588 3553 654 3595 non
677 3529 894 3595 narrationem
917 3551 986 3594 esse
1010 3529 1213 3612 arbitramur,
1237 3529 1294 3592 sed
1317 3529 1351 3592 id
1374 3527 1594 3592 similitudinis

363 3659 457 3702 causa
476 3638 516 3702 ad
535 3636 760 3703 declarandum
781 3636 869 3701 aliud
888 3640 920 3700 et
938 3637 1070 3721 gravius
1090 3636 1279 3700 adhibitum.
1318 3635 1354 3699 ld
1374 3639 1481 3698 tamen
1501 3633 1594 3717 quale

360 3748 445 3809 esset
467 3745 522 3809 vix
550 3767 704 3829 umquam
731 3744 1002 3808 intellexissemus
1030 3765 1089 3807 nec
1117 3743 1255 3826 probare
1279 3742 1351 3806 aliis
1374 3740 1594 3824 valuissemus,

361 3851 425 3916 nisi
449 3852 576 3916 aliunde
601 3852 678 3935 quid
702 3853 901 3932 accessisset,
930 3851 1017 3933 quod
1044 3849 1121 3914 huic
1149 3851 1255 3913 versui
1284 3850 1388 3912 lucem
1413 3869 1429 3911 e
1453 3847 1592 3910 tenebris
1608 3873 1635 3912 so

360 3958 473 4023 afferre
496 3959 666 4022 videretur.
712 3957 842 4022 Etenim
865 3954 1009 4021 lustinus
1028 3956 1063 4020 in
1086 3955 1186 4040 Trogi
1209 3953 1357 4040 Pompeii
1386 3955 1593 4019 historiarum

361 4063 616 4149 Philippicarum
635 4065 776 4148 epitoma
793 4064 848 4128 lib.
868 4081 955 4127 XXXI
975 4085 1000 4128 c.
1020 4063 1040 4127 5
1060 4061 1275 4126 Hannibalem
1295 4062 1392 4126 refert
1411 4083 1483 4125 cum
1501 4059 1594 4125 Anti-

361 4172 444 4236 ocho
468 4195 543 4258 rege
567 4173 606 4236 de
629 4171 707 4235 belli
731 4170 859 4257 gerendi
886 4193 958 4235 oum
981 4170 1136 4234 Romanis
1159 4170 1338 4233 rationein
1361 4169 1445 4233 hanc
1469 4173 1593 4232 senten-

360 4279 439 4344 tiam
468 4281 581 4364 egisse.
634 4280 766 4344 Veniam
794 4279 930 4343 libertati
952 4279 1120 4360 praefatas
1147 4277 1229 4340 nibil
1256 4297 1288 4341 se
1316 4282 1372 4340 aut
1393 4276 1593 4340 consiliorum

358 4391 417 4450 out
438 4393 610 4468 coeptorum
627 4388 843 4468 praesentiam
860 4386 997 4468 probare
1019 4386 1074 4462 ait,
1097 4404 1194 4465 caepae
1211 4384 1313 4448 sedem
1332 4383 1404 4447 belli
1425 4382 1592 4450 &maura

358 4494 421 4558 sibi
442 4494 580 4576 placere,
609 4514 677 4558 cam
705 4495 741 4558 ia
769 4493 869 4556 Italia
897 4493 1020 4557 uberior
1046 4492 1181 4555 raelaia
1208 4493 1266 4554 sc:
1294 4491 1407 4570 qaeppe
1433 4489 1594 4553 Rornms

359 4602 444 4665 vina
471 4621 535 4666 aaa
561 4602 627 4665 alsi
653 4602 755 4664 armis
781 4601 848 4665 sais
869 4619 962 4680 posse
989 4620 1044 4663 aec
1071 4598 1203 4662 ltaliam
1232 4597 1324 4661 aliter
1351 4581 1446 4677 qaam
1470 4581 1593 4659 Italicis

358 4707 480 4774 atrebas
506 4709 625 4791 sabipi:
656 4708 811 4790 siquidem
841 4707 997 4770 diversam
1026 4706 1131 4769 ceteris
1158 4704 1342 4768 rnataltbas
1368 4723 1431 4766 esse
1457 4702 1541 4765 illud
1565 4708 1593 4764 et

356 4815 521 4880 bominem
558 4821 586 4879 et
618 4815 689 4879 belli
719 4834 823 4897 penas.
861 4811 950 4876 Aliis
981 4812 1068 4876 bellis
1094 4812 1271 4892 plurimam
1305 4810 1452 4873 momenti
1483 4796 1593 4903 babere

412 4929 539 4970 varroni
554 4929 664 4980 opuscula
678 4930 709 4968 11.
1360 4917 1376 4962 4
