3967 5725
394 625 459 690 ‘222
596 629 692 680 επεν.
711 628 827 678 mnan
845 627 1059 680 uscmouuu
1072 627 1314 679 amsanssuu
1333 626 1464 696 rascsas.

390 789 511 854 nudato
540 811 674 874 corpore
697 792 860 854 exstantes
884 788 1086 873 spectarent?
1123 787 1170 854 Ut
1193 789 1426 877 duacensibus,
1453 810 1520 854 uon
1543 790 1626 875 plus,

390 897 500 981 posuit
522 894 716 983 Apollonius
739 895 1034 982 Argonauticorum
1056 896 1162 981 primo
1185 894 1250 961 547

524 1005 644 1081 πάντες
666 1001 696 1069 δ’
724 1002 916 1088 οὐρανόθεν
939 1008 1084 1068 λεῦσσον
1106 1001 1183 1068 θεοὶ
1205 1005 1322 1088 ἤματι
1345 1005 1460 1091 κείνω

524 1120 588 1195 νῆα
612 1109 666 1176 καὶ
690 1108 841 1195 ἡμιθέων
864 1108 1000 1194 ἀνδρῶν
1021 1107 1134 1193 με’νος,
1158 1111 1191 1174 οἳ
1213 1107 1280 1175 τότ’
1308 1111 1440 1195 άριστοι

523 1221 649 1283 πόντον
672 1216 911 1283 ἐπιπλώεσκον·
934 1214 984 1281 ἐπ’
1012 1216 1211 1302 ἀκροτάτῃσι
1235 1213 1272 1282 δέ
1294 1217 1425 1301 νύμφαι

414 1324 481 1392 550
526 1324 693 1408 Πηλιάδες
716 1333 906 1410 κορυφῇσιν
929 1323 1099 1408 ἐθάμβεον
1122 1326 1319 1408 εἰσορόωσαι

524 1429 627 1516 ἔργον
643 1429 818 1515 Ἀθηναίης
834 1432 1047 1516 Τριτωνίδος
1070 1427 1129 1515 ηδέ
1152 1430 1207 1496 καὶ
1230 1430 1353 1507 αὐτούς

525 1539 635 1624 ἥρωας
657 1541 824 1623 χείρεσσιν
846 1536 1108 1621 ἐπικραδάοντας
1131 1535 1265 1623 ἐρετμά,

393 1646 448 1711 sed
480 1647 508 1710 is
541 1644 671 1730 quidem
702 1645 737 1710 in
767 1667 805 1709 ea
831 1645 1015 1710 narratione
1044 1667 1107 1728 qua
1134 1643 1225 1728 Argo
1254 1647 1349 1709 eunte
1377 1645 1508 1709 deorum
1535 1649 1663 1727 nym-l)

353 1779 379 1818 ιο
392 1752 593 1837 pharumque
618 1751 863 1816 admirationem
887 1751 1047 1836 depingit,
1074 1772 1140 1816 non
1164 1753 1198 1815 in
1221 1773 1271 1835 ea,
1299 1773 1395 1836 quam
1419 1749 1563 1817 Catullus
1587 1750 1627 1815 iis

393 1858 540 1924 versibus
568 1859 755 1941 exsequitur
781 1859 837 1943 qui
859 1857 953 1923 nobis
977 1863 1054 1923 sunt
1077 1860 1111 1922 in
1134 1857 1296 1937 manibus3
1323 1881 1364 1923 ne
1387 1859 1460 1942 quis
1483 1857 1539 1922 illa
1562 1879 1628 1921 non

392 1967 497 2052 magis
519 1966 669 2051 vulgatae
693 1965 838 2050 opinioni
863 1988 959 2049 quam
981 1965 1104 2029 nostris
1127 1965 1306 2031 rationibus
1330 1966 1492 2030 adversari
1511 1966 1627 2030 credat.

391 2071 469 2138 Non
492 2094 584 2138 secus
608 2073 713 2138 estin
736 2073 777 2136 iis
801 2093 882 2157 quae
905 2094 945 2136 ex
968 2072 1090 2156 hymno
1110 2070 1214 2138 Isiaco
1237 2071 1310 2138 οδ.
1330 2071 1480 2138 Kaibalio
1500 2074 1629 2159 egregia

393 2184 460 2245 arte
480 2183 617 2246 tractato
633 2176 759 2267 (Epigr.
775 2177 883 2244 Graec.
898 2201 928 2263 p.
943 2177 1025 2266 439)
1044 2179 1085 2243 ad
1100 2178 1264 2244 Catullum
1278 2179 1315 2244 R.
1330 2179 1466 2244 Ellisius
1481 2179 1628 2244 adhibuit

901 2286 1011 2371 πράτα
1033 2283 1064 2351 δ’
1092 2284 1142 2352 ἐνί
1166 2285 1301 2368 σε’λματι
1325 2286 1459 2369 δούρων

527 2395 701 2459 κολπωτάν
724 2392 880 2459 ὀθόναισι
904 2394 993 2459 θοάν
1017 2396 1138 2478 τρόπιν
1162 2393 1359 2475 ίθύνεσκον,

527 2493 627 2585 οἶδμα
650 2501 912 2582 καθιππεύοισα,
936 2499 1162 2584 δαμαζομένας
1185 2496 1223 2566 δέ
1245 2500 1419 2577 θαλάσσας

438 2605 481 2672 65
527 2603 716 2691 ὠκυπόροις
738 2606 869 2683 ἐλάταις
892 2604 1007 2671 ἐλιιιάν
1029 2603 1146 2672 ἐστασε
1169 2608 1304 2692 χορείαν

527 2713 683 2798 Δωρίδος
705 2712 853 2797 εὐλοχία·
876 2713 1095 2796 περιπάλλετο
1119 2710 1149 2777 δ’
1177 2711 1215 2778 ἐν
1238 2711 1337 2797 φρεσί
1360 2713 1491 2797 θάμβος

354 2848 381 2890 so
529 2821 675 2906 είρεσίαν
693 2819 839 2905 άδάητον
862 2816 905 2885 ἔτ’
935 2821 1061 2905 όθμασι
1083 2822 1346 2898 παπταινοίσαις.

394 2928 483 2993 Haec
506 2927 593 2992 anim
616 2927 734 3011 quibus
752 2926 884 2992 Doridis
906 2931 1000 2993 natas
1024 2927 1114 2992 chori
1136 2927 1239 2993 instar
1257 2927 1497 3014 obstupefactus
1516 2949 1631 2991 navem

393 3035 532 3120 primam
559 3056 700 3120 aequora
727 3035 947 3101 decurrentem
976 3035 1228 3101 circumstetisse
1255 3035 1408 3119 traditur,
1436 3056 1631 3121 quamquam

394 3142 489 3208 facile
512 3142 626 3207 damus
649 3141 767 3206 bonam
790 3146 915 3226 partem
938 3143 1112 3207 memoriae
1136 3143 1287 3207 carminis
1306 3140 1482 3207 Catulliani
1500 3146 1633 3227 accepta

394 3251 481 3335 ferri,
504 3254 612 3315 tamen
634 3271 701 3315 non
724 3249 828 3335 magis
852 3271 948 3334 quam
971 3271 1083 3314 versus
1102 3247 1271 3333 Apollonii
1290 3249 1323 3314 id
1341 3252 1541 3314 momentum
1560 3271 1632 3314 nar-

395 3357 530 3423 rationis
545 3355 746 3421 Gatullianae
765 3357 939 3442 attingunt,
958 3356 992 3423 in
1012 3378 1075 3441 quo
1089 3378 1149 3423 uos
1163 3356 1332 3422 haeremus
1346 3356 1499 3441 ambigui.
1526 3354 1631 3421 Immo

396 3464 457 3528 hoo
479 3464 648 3548 proprium
672 3467 722 3527 est
741 3460 871 3546 Catulli,
894 3462 981 3547 quod
1005 3485 1079 3529 cum
1101 3462 1236 3528 referret
1257 3461 1473 3549 nympharum
1496 3462 1633 3528 admira

395 3572 518 3636 tionem
541 3570 632 3635 navis
656 3570 797 3655 divinae,
822 3592 888 3635 non
912 3571 1059 3636 substitit
1082 3571 1116 3635 in
1140 3592 1190 3653 aa,
1218 3571 1273 3635 sed
1296 3569 1358 3636 hoc
1381 3570 1517 3653 addidit,
1546 3568 1633 3654 quod

396 3700 469 3742 oum
498 3678 548 3745 sui
571 3678 722 3743 carminis
746 3681 935 3763 argumento
959 3678 1074 3743 intime
1097 3678 1303 3742 coniunctum
1327 3681 1389 3761 est,
1416 3683 1487 3743 tum
1509 3677 1632 3742 factum

396 3807 474 3871 esse,
496 3788 534 3849 ut
555 3783 657 3850 nudas
681 3784 841 3869 nymphas
864 3784 1005 3849 marinas
1024 3782 1285 3870 Argonautarum
1304 3784 1390 3850 oculi
1409 3783 1563 3850 viderent.
1594 3782 1634 3849 In

356 3918 383 3959 ao
397 3914 435 3957 ea
457 3913 533 3956 varo
556 3914 591 3956 re
614 3891 669 3955 ille
691 3893 739 3957 ita
762 3894 906 3957 versatus
930 3896 988 3977 est,
1012 3892 1040 3956 si
1059 3890 1188 3975 quidem
1207 3882 1398 3975 sciipturam
1417 3895 1567 3957 testatam
1587 3913 1633 3956 se

397 4000 535 4083 qnimur,
558 4000 610 4063 vel
632 3998 722 4063 illam
744 4002 894 4082 quaeest
912 3998 945 4063 in
965 3997 1074 4064 codice
1093 3996 1361 4085 sangermanensi
1380 3999 1439 4064 illa
1457 4005 1548 4082 utque
1565 3999 1634 4063 otia

395 4108 541 4173 ciderunt
567 4106 645 4185 tuce,
672 4105 724 4170 vel
751 4126 848 4188 quam
875 4126 936 4170 nos
958 4105 1055 4170 huius
1079 4105 1215 4191 vestigia
1238 4110 1434 4189 prementes,
1462 4105 1633 4171 adiurante

397 4215 499 4279 altero
524 4213 646 4296 codice,
673 4212 899 4278 constituimus
921 4213 982 4278 illo
1005 4214 1073 4278 clio
1096 4218 1187 4295 ιιίηαο
1209 4212 1277 4276 clio
1300 4213 1445 4278 ciderunt
1466 4214 1544 4296 luce,
1567 4234 1634 4277 non

397 4325 435 4384 ut
457 4319 513 4384 illa
535 4341 601 4384 una
622 4320 694 4385 luce
718 4341 781 4404 qua
804 4319 911 4405 coepit
929 4317 1020 4408 Argo
1045 4341 1174 4385 cursum
1197 4323 1358 4403 spectatas
1377 4342 1446 4385 esse
1464 4320 1634 4405 nymphas,

399 4426 454 4491 sed
482 4431 610 4511 praeter
637 4448 707 4492 sam
734 4424 837 4491 multa
864 4426 928 4491 alia
954 4426 1018 4492 hoc
1043 4425 1127 4490 idem
1151 4425 1305 4491 accidisse
1328 4425 1495 4512 scriberet3
1522 4430 1555 4491 et
1578 4424 1634 4509 qui

399 4533 592 4599 liberarem
616 4533 736 4599 iudicio
759 4534 920 4619 aestimat,
944 4534 1097 4617 quoniam
1119 4531 1199 4597 haec
1222 4533 1382 4598 sententia
1405 4536 1560 4598 nontam
1584 4554 1635 4597 su·

399 4641 527 4726 periore
554 4638 675 4706 claudit
698 4663 795 4726 quarn
817 4644 988 4726 praeparat
1010 4640 1226 4724 insequentia,
1254 4638 1409 4705 fatebitur
1431 4660 1497 4704 non
1520 4638 1635 4705 inscita

399 4746 461 4812 hoc
483 4751 613 4832 poetam
637 4746 829 4833 instituisse,
857 4747 944 4831 quod
966 4745 1121 4812 Nereides
1144 4769 1211 4812 non
1234 4746 1291 4811 illo
1316 4745 1366 4810 die
1390 4747 1459 4812 solo
1484 4767 1547 4831 quo
1571 4746 1635 4833 pri·

399 4876 489 4919 mum
515 4855 647 4919 fremitu
674 4854 813 4920 volantis
840 4854 932 4920 navis
960 4854 1118 4920 excitatae
1142 4876 1180 4919 ax
1204 4852 1271 4919 alto
1295 4856 1493 4919 emerserunt
1516 4854 1571 4919 sed
1594 4852 1635 4917 ab
