3967 5725
575 607 626 656 DE
644 606 820 659 VERSIBUS
838 608 1049 660 NONNULLIS
1066 609 1216 662 PACUVII
1233 611 1389 670 TRAGICI.
1536 612 1602 677 487

370 767 432 832 hac
450 767 540 833 verbi
559 767 674 851 forma,
692 789 757 852 qua
774 776 869 853 saepe
887 770 1118 854 grammaticus
1137 771 1172 835 in
1190 774 1369 857 praeceptis
1384 775 1603 859 grammaticis

370 875 483 958 utitur,
506 873 660 939 oscitanti
681 873 815 940 librario
838 874 941 941 videri
962 879 1091 960 poterat
1113 877 1193 945 haec
1213 901 1288 964 pers
1308 881 1464 946 orationis
1477 882 1601 948 claudi:

368 983 455 1066 filios
471 981 533 1047 sabi
548 1001 730 1064 procreasse
748 983 871 1047 dicitu.
907 981 977 1048 Nec
995 982 1077 1048 illud
1095 985 1215 1050 mirum
1234 990 1293 1070 est,
1316 987 1402 1072 apud
1422 986 1603 1054 Charisium

369 1088 537 1174 praeteriri
564 1087 700 1154 verbum
727 1089 796 1155 sine
824 1109 889 1173 quo
918 1090 1022 1154 oratio
1051 1094 1083 1156 et
1111 1093 1271 1156 sententia
1298 1097 1444 1160 constare
1467 1099 1602 1178 poterat.

370 1198 419 1262 De
445 1198 548 1262 metro
577 1198 685 1260 autem
714 1195 741 1260 si
770 1196 948 1280 quaeritur,¹
976 1197 1041 1262 diu
1067 1219 1274 1264 numerorum
1302 1201 1508 1265 continuitati
1535 1205 1603 1266 tam

369 1327 435 1369 non
459 1304 647 1368 adversatur
668 1305 705 1366 ut
727 1302 778 1366 rel
801 1302 940 1368 maxime
964 1326 1034 1368 eam
1058 1304 1214 1370 stabiliet:

504 1387 609 1476 Filios
625 1409 687 1474 sibi
698 1429 879 1491 procreasse
894 1409 960 1474 diei
976 1412 1107 1476 eundem
1126 1432 1187 1494 per
1206 1411 1410 1497 Calypsonem
1429 1420 1602 1480 autumant.

370 1517 432 1594 Qui
460 1522 509 1583 est
531 1516 695 1602 perfectus
717 1519 918 1600 pentameter
941 1517 1138 1604 trochaicum
1169 1519 1225 1583 sed
1249 1540 1313 1605 quo
1337 1519 1440 1606 magis
1464 1521 1529 1587 dici
1550 1521 1603 1585 fir·

370 1625 453 1690 mari
480 1627 647 1708 appareat,
675 1622 732 1707 qui
758 1622 822 1688 hoc
844 1644 946 1709 genus
970 1644 1044 1689 cum
1067 1623 1248 1691 Ribbeekio
1271 1631 1461 1710 aspernatur
1483 1629 1604 1712 poterit

370 1733 495 1797 secluso
517 1731 601 1813 filios
624 1729 825 1795 octonarium
848 1729 1023 1796 iambicum
1049 1732 1255 1798 describere:¹
1408 1715 1414 1728 ²
1615 1763 1644 1804 ro

1334 1841 1418 1924 filios

501 1943 573 2010 Subi
588 1964 770 2026 proueasse
791 1945 856 2009 dici
877 1945 1009 2010 eundem
1025 1965 1086 2027 per
1110 1944 1313 2030 Calypsonem
1337 1953 1511 2013 antumant.

367 2050 431 2118 Sed
453 2073 513 2117 nos
536 2051 581 2116 ita
604 2051 640 2116 in
662 2052 805 2116 animum
823 2051 1018 2136 induximus,
1040 2073 1108 2117 non
1125 2074 1190 2118 uno
1209 2039 1339 2118 nomine
1357 2055 1602 2139 praeferendum

366 2181 437 2226 esse
463 2163 711 2244 pentametrum
741 2159 798 2242 qui
824 2158 1013 2243 praesertim
1036 2181 1133 2224 unam
1156 2164 1314 2224 ettotam
1338 2161 1530 2226 sententiam
1554 2161 1601 2228 ita

367 2267 594 2352 complectitur
612 2270 650 2331 ut
667 2265 766 2330 verba
783 2265 926 2330 numeris
938 2264 1139 2350 pedibusque
1154 2288 1187 2330 se
1202 2268 1330 2353 egregie
1345 2268 1601 2352 accommodent3

368 2378 507 2438 metrum
534 2377 651 2456 eutem,
681 2394 745 2456 quo
769 2371 911 2436 Ennium
934 2394 1028 2437 usum
1052 2393 1120 2438 esse
1144 2374 1222 2438 olim
1245 2372 1446 2441 intellectum
1469 2379 1518 2440 est
1541 2397 1601 2440 nec

367 2484 476 2564 potest
499 2479 659 2567 denegari,
682 2483 714 2544 et
738 2479 829 2544 ouius
853 2501 914 2563 ope
937 2501 1040 2564 nuper
1064 2480 1246 2564 complures
1268 2502 1379 2546 versus
1402 2480 1494 2546 Accii
1517 2482 1601 2547 male

367 2587 496 2653 habitos
520 2586 561 2652 ad
584 2587 804 2673 integritatem
826 2607 976 2651 revocare
999 2587 1092 2651 licrrit
1114 2584 1166 2674 (ut
1189 2588 1356 2653 mittamus
1378 2610 1465 2654 nuno
1486 2587 1602 2656 Teren-

365 2692 474 2781 tium),
492 2715 559 2758 non
577 2697 627 2758 est
644 2693 790 2777 protecto
811 2693 898 2777 quod
916 2716 935 2757 a
951 2691 1092 2759 Pacuvio
1111 2693 1343 2779 abiudicemus,
1361 2696 1488 2762 etiamsi
1505 2696 1602 2762 hodie

366 2824 432 2868 non
455 2803 529 2887 plus
552 2820 617 2867 uno
641 2801 789 2887 exemplo
813 2804 977 2867 servatum
1000 2802 1051 2867 sit.
1616 2831 1643 2873 ro

455 2928 501 2974 Ν.
524 2908 563 2973 In
577 2931 737 2973 armorum
752 2908 870 2973 iudicio
885 2926 947 2973 xsv
961 2908 1160 2974 Ribbeckius
1173 2909 1234 2975 hos
1249 2911 1329 2975 duos
1343 2932 1454 2977 versus
1470 2908 1528 2999 (38
1540 2910 1602 2999 sq.)

368 3018 478 3102 posuit

501 3122 590 3188 Nam
621 3124 722 3202 canis
755 3123 880 3203 quando
909 3129 954 3187 est
979 3132 1130 3205 percussa
1164 3124 1281 3205 lapide,
1314 3146 1378 3190 uon
1410 3131 1476 3190 tam
1512 3124 1602 3190 illum

684 3289 687 3293 Δ
1326 3238 1329 3245 ’
1396 3231 1515 3312 adpetit

505 3312 572 3419 Qui
588 3358 652 3403 sese
673 3338 729 3402 icit
751 3356 846 3419 quam
868 3336 960 3400 illum
983 3356 1107 3417 eumpse
1129 3336 1275 3417 lapidem,
1297 3338 1353 3418 qul
1375 3338 1447 3418 apsa
1467 3337 1529 3401 icta
1548 3342 1599 3415 est,

1423 3444 1512 3523 petit.

368 3550 455 3627 Quae
477 3574 497 3616 a
519 3550 553 3617 N
555 3551 630 3615 onio
653 3574 685 3635 p.
702 3550 797 3635 1242
820 3550 866 3614 ita
888 3549 1061 3614 traduntur

502 3657 569 3722 ‘leit
595 3658 755 3741 sipnifieut
775 3657 922 3738 panum,
950 3656 989 3721 ab
1017 3657 1088 3721 ictu
1111 3655 1248 3721 Plautus
1272 3706 1278 3719 .
1302 3704 1311 3719 .
1334 3704 1341 3719 .
1364 3656 1526 3721 Pacuuius
1548 3678 1601 3721 ar·

502 3786 625 3830 morum
647 3766 783 3829 ludium:
806 3763 1017 3829 “nam‘canis
1034 3763 1159 3845 quando
1177 3768 1221 3827 est
1233 3782 1384 3857 percussa
1401 3763 1514 3844 lapide,
1538 3783 1601 3827 non

502 3878 569 3937 tam
592 3872 684 3937 illum
706 3872 832 3952 adpetit,
862 3870 971 3951 quise
993 3870 1049 3934 icit
1070 3890 1165 3951 quam
1187 3868 1279 3934 ullum
1301 3890 1371 3934 eum
1393 3870 1498 3951 upsum
1521 3869 1602 3950 lepl-
1617 3894 1643 3936 u

506 3980 584 4058 deun,
607 3980 662 4061 qui
684 3979 756 4060 ipsa
779 3978 843 4042 icta
865 3983 917 4061 est,
937 3976 1067 4060 petua?

367 4084 408 4150 In
436 4086 555 4171 quibus
581 4086 719 4149 fortasse
746 4082 830 4148 nihil
856 4088 1021 4169 peccatum
1053 4086 1102 4149 eat
1129 4083 1193 4148 nisi
1220 4082 1381 4147 cumulata
1410 4082 1603 4166 pronomina

315 4203 356 4259 1⁰
368 4194 460 4259 cllum
478 4214 547 4258 eum
565 4194 679 4275 aputu,
703 4213 784 4275 quae
803 4192 850 4256 sic
868 4196 952 4255 certe
970 4191 1050 4255 terri
1067 4212 1133 4256 non
1151 4212 1246 4274 posse
1265 4192 1411 4273 apparet:
1435 4189 1514 4253 satis
1534 4193 1604 4253 erat

368 4304 425 4365 aut
455 4300 545 4366 illrum
573 4301 678 4382 upsum
706 4301 762 4362 aut
788 4319 858 4363 eum
884 4299 990 4380 ipsum
1017 4298 1172 4381 posuisse.
1218 4293 1332 4380 Itaque
1361 4295 1399 4360 de
1426 4293 1467 4361 Is.
1491 4294 1601 4361 Vossii

369 4408 553 4473 coniectura
585 4425 708 4487 eumpse
738 4405 877 4470 formam
907 4404 1086 4488 antiquitus
1112 4423 1172 4487 pro
1199 4404 1304 4485 ipsum
1330 4400 1484 4467 usitatam
1512 4403 1604 4467 resti·

370 4517 515 4578 tuerunt:
546 4534 628 4597 quae
651 4535 692 4577 ex
714 4511 828 4578 iisdem
851 4510 1097 4595 pronominibus
1120 4531 1190 4576 eum
1212 4512 1317 4591 ipsum
1339 4509 1469 4594 inipso
1492 4508 1604 4573 limine

372 4620 618 4704 compendiosae
642 4618 805 4683 doctrinae
828 4616 873 4704 (1,
892 4615 950 4703 20)
970 4619 1157 4700 recuperata
1175 4620 1225 4681 est
1242 4616 1276 4679 in
1294 4614 1440 4681 versibus
1460 4613 1604 4681 Caecilii:

373 4727 420 4791 ‘in
451 4732 602 4792 senectute
632 4727 688 4791 loc
719 4726 829 4807 deputo
861 4725 1086 4805 miserrimum,
1117 4723 1231 4789 sentire
1262 4744 1299 4787 ea
1329 4728 1438 4787 aetate
1458 4742 1605 4804 eumpse

370 4854 435 4899 esse
457 4834 598 4900 culusum
621 4831 732 4897 alteri?
771 4830 834 4896 Sed
856 4830 1025 4896 novissimi
1047 4829 1148 4895 Nonii
1172 4828 1310 4895 editores
1333 4833 1461 4913 recepta
1483 4849 1606 4911 eumpse
