3967 5725
557 600 562 606 ·
634 599 685 648 na
703 596 862 651 umacus
880 598 1076 653 aurneina
1095 599 1358 657 cenomania.
1548 605 1615 673 229

378 766 517 825 caream
542 760 695 824 1111111111
721 758 795 844 [ael]
823 763 853 825 si
875 762 954 843 qaid
974 767 1019 827 est
1041 767 1145 829 ames
1166 767 1334 832 mcisamo
1357 771 1535 850 1111111111,
1559 772 1616 838 ubi

379 867 427 933 ael
461 887 531 932 esse
568 866 748 931 addendum
779 868 979 950 putabamus.
1023 867 1145 934 Gellius
1175 887 1249 936 xvn
1274 873 1375 957 19‚4
1404 880 1615 963 posteaquam

379 974 522 1058 Epicteti
544 973 644 1038 verba
666 973 778 1038 11111111
800 973 843 1057 ἣν
866 985 953 1061 σακῇ
976 972 1081 1061 οὖρον
1104 976 1124 1061 ἢ
1149 977 1223 1056 ὄξος
1245 979 1378 1062 γένοιτο
1401 983 1475 1067 ἢεῖ
1487 1007 1520 1049 τι
1538 986 1615 1049 τού-

379 1104 447 1147 των
474 1092 600 1166 χεῖρον,
632 1080 667 1144 in
693 1079 827 1146 Hensici
855 1080 1042 1148 Sehenlrelii
1070 1105 1154 1150 novo
1182 1082 1332 1170 Epicteto
1361 1112 1387 1154 a
1413 1089 1500 1154 1894
1527 1091 1614 1156 edito

378 1211 410 1273 p.
426 1188 508 1274 410,
535 1189 605 1273 ipse
631 1186 721 1252 illius
747 1189 941 1254 seutentiam
964 1191 1001 1254 in
1023 1190 1110 1256 hune
1132 1193 1264 1258 modum
1288 1215 1475 1262 conversam
1498 1197 1615 1264 extulit

378 1297 538 1362 doctrinas
560 1295 791 1378 philosophiae,
823 1315 893 1360 αικι
924 1297 961 1361 ia
989 1297 1147 1363 hominen
1172 1300 1291 1381 salsam
1318 1308 1410 1385 aicae
1438 1303 1615 1388 ἀορονααιι

379 1410 540 1485 taneqaam
565 1404 602 1467 ia
623 1423 681 1467 aaa
701 1419 849 1484 sperem
871 1409 963 1486 atace
978 1405 1134 1486 pollutam
1159 1407 1368 1488 inflammasset,
1395 1411 1475 1476 verti
1496 1413 1615 1478 madert

379 1511 536 1591 carrampi
563 1515 603 1593 11,
631 1507 713 1590 qaod
739 1511 805 1591 epse
827 1512 1052 1594 κυνικώτερον
1075 1514 1134 1593 ait,
1162 1516 1292 1580 arissam
1314 1517 1385 1599 11111
1407 1523 1463 1583 act
1485 1519 1616 1601 siquid

378 1623 423 1682 est
443 1618 541 1682 arina
561 1614 752 1703 speram).

467 1722 495 1787 E
520 1720 647 1787 Graecis
671 1723 821 1788 similiter
842 1721 970 1789 locutus
993 1729 1044 1790 est
1066 1726 1251 1812 Euripides,
1279 1749 1352 1796 cum
1375 1731 1422 1797 111
1444 1731 1556 1797 scribit
1579 1731 1614 1798 in
1628 1765 1655 1808 ιο

377 1831 558 1916 Hippolyto
583 1830 649 1895 360

325 1951 363 2006 11
873 1939 1007 2024 Κύπρις
1029 1940 1092 2005 οὐκ
1115 1939 1166 2026 ἄρ’
1193 1938 1236 2026 ἦν
1259 1946 1354 2027 θεός,

592 2042 665 2110 ἀλλ’
691 2051 725 2110 el
744 2067 776 2109 τι
799 2049 910 2127 μεῖζον
933 2047 1016 2112 ἄλλο
1037 2048 1186 2130 γίγνεται
1210 2055 1309 2134 θεοῦ,

379 2162 434 2227 sed
458 2161 637 2246 simplicius
659 2160 840 2245 Aeschylus
863 2163 898 2226 111
922 2160 1164 2248 anaphoras

1021 2267 1112 2334 τὸδ’
1140 2271 1308 2355 εὐτυχεῖν,

592 2374 661 2440 τόδ’
689 2375 726 2440 ἐν
747 2377 884 2457 βροτοῖς
904 2377 985 2452 θεός
1007 2397 1043 2441 τε
1065 2376 1121 2441 καί
1144 2383 1230 2442 θεοῦ
1253 2377 1364 2444 πλέον.

378 2491 454 2556 Pari
476 2491 572 2556 modo
596 2489 743 2556 Catullus
767 2511 840 2556 cum
865 2491 944 2557 dicit
967 2514 992 2556 e.
1012 2491 1086 2556 111

592 2605 656 2672 Ille
678 2609 723 2672 ναι·
739 2627 806 2689 par
828 2626 891 2673 esee
913 2605 968 2673 dee
991 2607 1125 2688 videtur,

593 2714 656 2794 ille,
679 2715 783 2796 sisae
805 2720 860 2794 est,
882 2735 1031 2798 seperare
1053 2716 1152 2796 dicas,

377 2832 446 2918 ipse
474 2852 532 2897 suo
561 2830 704 2917 periculo
727 2830 936 2917 amplificavit
958 2833 1166 2918 senteutiam,
1194 2856 1289 2920 quam
1313 2834 1491 2919 simplicem
1514 2832 1612 2899 habet
1626 2876 1653 2917 ,ο

377 2963 414 3005 ea
437 2960 538 3024 quam,
557 2924 714 3003 imitatus
727 2943 777 3003 est
800 2938 932 3024 Sappho
957 2934 1047 3025 (περὶ
1069 2938 1179 3018 ὕψους
1202 2941 1325 3030 1112)

560 3047 717 3131 φαίνεταί
737 3069 794 3131 μοι
817 3054 917 3128 κῆνος
941 3052 1013 3123 ἴσος
1035 3052 1170 3114 θεοῖσιν
1184 3044 1310 3132 ’Ἐμμεν
1334 3050 1433 3134 ὥνηρ.

378 3152 440 3217 Sed
462 3151 629 3239 Euripidis
653 3153 799 3237 exemplo
824 3175 921 3237 supra
943 3152 1042 3218 allato
1064 3154 1140 3220 licet
1159 3156 1216 3239 uti,
1239 3159 1276 3220 ut
1294 3153 1523 3239 Aristophanis
1542 3176 1610 3240 ver-¹

377 3282 441 3344 sus,
464 3281 560 3343 quem
583 3260 681 3347 vulgo
705 3260 897 3345 interpretes
920 3283 1035 3345 parurn
1058 3264 1143 3326 recte
1167 3261 1343 3346 accipiunt,
1366 3262 1405 3327 ad
1429 3283 1519 3327 suam
1543 3285 1612 3328 sen-

376 3367 519 3451 tentiam,
537 3367 601 3432 nisi
619 3366 703 3433 fallit
723 3368 842 3453 opinio,
860 3371 1037 3434 revocetur.
1069 3366 1108 3432 In
1128 3368 1290 3434 [tanarum
1308 3369 1467 3456 principio
1486 3373 1611 3455 postea-

377 3496 474 3557 quam
497 3474 661 3559 Dionysus
683 3497 713 3538 v.
733 3471 775 3539 68
800 3474 973 3539 affirmavit

560 3581 692 3657 κούδείς
713 3579 753 3663 γέ
773 3578 806 3664 μ’
834 3579 877 3644 διν
899 3582 1044 3646 πείσειεν
1067 3580 1258 3666 ἀνθρώπων
1281 3584 1318 3648 τὸ
1342 3584 1386 3667 μὴ
1410 3582 1472 3648 οὐκ

560 3686 675 3753 ἐλθεῖν
699 3686 748 3753 ἐπ’
776 3684 905 3754 ἐκεῖνον
929 3684 1132 3775 (Euripidem
1156 3687 1262 3777 dicit),

377 3793 531 3859 Hercules
555 3793 804 3859 admirabundus
828 3796 1006 3881 interrogat
1028 3798 1172 3879 πότερον
1195 3798 1242 3873 εἰς
1257 3793 1369 3861 Ἅιδου
1392 3796 1492 3879 adcon
1517 3798 1610 3879 eique

376 3898 540 3986 Dionysus
564 3902 736 3987 respondet
1626 3943 1652 3984 ω

560 4008 614 4075 καὶ
637 4011 679 4094 νὴ
700 4006 757 4074 Ac
786 4016 820 4074 εἴ
837 4011 872 4075 τί
894 4008 924 4093 γ’
950 4006 1044 4075 ἔστιν
1067 4006 1115 4075 ἔτι
1140 4015 1320 4094 κατωτέρω.
1483 4090 1485 4095 ,

377 4113 466 4191 Quae
493 4117 579 4181 euim
607 4116 652 4181 ibi
675 4114 820 4182 chkius
850 4139 922 4182 curn
950 4114 1023 4181 aliie
1047 4118 1085 4182 de
1109 4114 1242 4182 Tartaro
1266 4120 1375 4180 narrat
1398 4114 1456 4200 qui
1478 4112 1611 4181 inferior

377 4223 420 4287 sit
441 4222 562 4307 inferis,
586 4225 705 4308 quique
728 4223 874 4287 homines
897 4223 1060 4288 maleficos
1084 4224 1221 4288 maxime
1243 4221 1382 4287 nefarios
1406 4222 1611 4308 eomprehen-

377 4352 429 4395 sos
456 4335 578 4413 teneat,
607 4353 744 4415 quorum
771 4331 806 4394 in
833 4352 966 4395 numero
990 4328 1163 4415 Euripides
1192 4351 1320 4413 quoque
1348 4328 1465 4415 dignus
1488 4329 1531 4395 sit
1555 4329 1611 4415 qui

377 4440 602 4522 commoretur,
625 4437 704 4503 haec
727 4439 835 4502 omnia
856 4435 950 4501 nobis
969 4436 1121 4523 videntur
1139 4458 1157 4500 a
1175 4441 1290 4521 poetae
1309 4458 1404 4500 sensu
1423 4436 1608 4523 abhorrere3

464 4684 481 4717 *
487 4685 514 4753 9)
533 4683 698 4738 Theocritus
717 4689 787 4737 1134

912 4773 945 4826 alr
965 4768 993 4827 δ’
1011 4768 1118 4839 ’Ἄρτεμι
1136 4772 1185 4825 καὶ
1203 4772 1253 4827 τὸν
1272 4772 1378 4841 ἀναιδῆ

591 4861 720 4929 κινήσαις
738 4859 766 4916 κ’
787 4860 936 4931 ἀδάμαντα
955 4861 1003 4914 καὶ
1022 4859 1051 4913 el'
1065 4858 1092 4914 τί
1109 4879 1161 4927 περ
1180 4858 1304 4929 ἀσφαλὲς
1321 4860 1396 4914 ἄλλο.
