3967 5725
379 605 447 669 416
573 608 644 658 LIV.
663 607 779 656 INDEX
798 604 1014 655 LECTIONUM
1031 603 1273 654 HIBERNARUM
1293 600 1425 669 1901fca.

379 770 465 835 idem
492 790 587 853 posse
613 768 719 832 valere
748 767 833 851 quod
863 768 962 848 fumus
986 767 1102 848 facere,
1135 786 1198 848 que
1225 761 1414 846 metaphora
1440 761 1612 828 Peniculus

378 881 492 962 postea
514 897 591 942 usus
615 878 664 939 est
687 874 726 939 de
749 874 876 938 sublato
901 873 1049 938 convivio
1073 893 1145 936 cum
1169 871 1214 935 ita
1238 869 1358 935 diceret
1377 867 1524 956 (492sq.)
1543 893 1613 955 per·

378 988 455 1068 apte
478 987 510 1047 et
533 983 689 1048 concinne

513 1091 630 1154 Fami·
650 1090 749 1171 fumus
772 1089 843 1152 ared
864 1087 986 1153 ubseate
1004 1087 1143 1169 praedio

515 1196 581 1262 Gur
603 1217 699 1262 ausus
719 1197 831 1278 facere,
854 1197 928 1277 quoi
949 1215 1002 1277 epo
1026 1214 1120 1275 aeque
1142 1193 1228 1257 berea
1250 1213 1345 1256 eram.

379 1304 474 1381 Quod
492 1326 568 1369 vero
587 1302 761 1388 Ussingiue
781 1302 823 1367 ob
843 1323 913 1366 eam
933 1321 1062 1365 causam
1081 1301 1255 1382 sepulerum
1278 1297 1318 1362 ab
1341 1300 1405 1364 hoc
1427 1298 1499 1364 loco
1519 1299 1613 1382 plane

379 1412 519 1476 alienum
543 1433 611 1475 esse
641 1409 818 1492 contendit,
846 1407 1019 1473 verendum
1044 1411 1156 1471 estne
1183 1405 1257 1490 plus
1285 1406 1493 1470 affirmaverit
1516 1428 1614 1489 quam

379 1523 541 1604 praestare
564 1518 719 1601 potuerit:
742 1538 817 1579 nam
841 1515 929 1580 illam
953 1517 1018 1580 vim
1043 1535 1123 1599 quae
1148 1513 1302 1597 quadrare
1326 1513 1360 1577 in
1382 1512 1466 1579 hanc
1489 1516 1613 1576 senten·

380 1627 457 1691 tiam
482 1628 610 1708 poterat
633 1625 659 1688 si
682 1620 855 1706 sepulerum
878 1623 1048 1687 habeamus
1069 1620 1260 1697 nonhabet,
1284 1619 1358 1703 quis
1377 1618 1438 1683 scit
1457 1642 1498 1683 an
1517 1619 1614 1684 aliam

341 1757 366 1796 ιο
379 1731 498 1797 habeat
522 1736 554 1796 et
578 1732 751 1796 meliorem.
797 1729 911 1813 Neque
934 1729 1038 1814 magis
1063 1727 1233 1811 Schoelli0,
1257 1727 1312 1810 qui
1336 1727 1371 1792 in
1394 1726 1531 1811 repetita
1549 1725 1615 1791 Me-

380 1837 610 1904 naechmorum
637 1837 779 1903 editione
806 1835 1027 1901 Ritscheliana
1058 1835 1209 1900 restituto
1237 1855 1389 1898 versuum
1417 1833 1529 1910 ordine
1559 1833 1614 1897 sed

379 1946 472 2011 hiatu
505 1965 606 2029 prope
638 1945 679 2008 ad
710 1942 880 2008 Ritschelii
912 1942 1095 2026 exemplum
1127 1941 1240 2006 relicto
1269 1962 1396 2005 versum
1428 1940 1490 2005 hoc
1518 1938 1613 2004 modo

379 2052 527 2118 exhibuit

515 2158 608 2224 Clam
631 2165 787 2224 uxoremst
810 2207 969 2222 ........

519 2267 584 2333 Ubi
596 2267 770 2348 sepulerum
784 2265 952 2330 babeamus
966 2271 1057 2345 atque
1070 2263 1195 2328 bilare
1208 2263 1289 2327 lium
1302 2263 1518 2328 comburamus
1531 2264 1614 2328 dmm

379 2373 593 2439 accedendum
617 2377 678 2457 eet,
707 2373 889 2458 opinamur,
921 2372 954 2435 in
982 2393 1020 2435 eo
1051 2371 1138 2454 quod
1161 2371 1196 2434 in
1218 2367 1405 2454 Appendioe
1429 2369 1551 2436 adiecta
1573 2369 1614 2433 ad

380 2482 466 2545 hunc
489 2503 618 2545 versum
642 2479 755 2545 scribit
780 2479 914 2561 sepedum
937 2500 1067 2542 sensum
1096 2475 1321 2562 explicandum
1345 2497 1414 2541 esse
1437 2475 1478 2540 ad
1501 2476 1615 2544 simili·

380 2589 526 2652 tudinem
548 2609 658 2652 eorum
677 2609 759 2669 quae
777 2587 811 2649 in
825 2584 986 2650 Pseudulo
1006 2586 1059 2650 hic
1078 2606 1187 2649 servus
1207 2584 1285 2648 dicit
1304 2584 1499 2649 confidenter
1518 2580 1613 2669 (410)

514 2694 618 2758 Erum
641 2713 741 2758 eccum
764 2693 852 2757 uideo
874 2691 934 2756 buc
957 2690 1115 2756 Simonem
1138 2693 1283 2756 incedere.

339 2825 368 2866 ao
515 2801 569 2866 Ea
590 2800 646 2865 boe
666 2799 804 2882 sepulcro
827 2805 923 2864 caere
944 2799 1058 2881 uipiuti
1080 2800 1186 2863 miuus

516 2908 681 2988 Effodiam
704 2928 756 2990 epo
778 2906 869 2971 bodie
891 2928 970 2989 quas
992 2908 1061 2971 dem
1083 2906 1156 2970 erili
1177 2906 1253 2987 filio,
1387 2958 1388 2963 1

401 3021 415 3080 t
444 3036 524 3099 quae
553 3014 594 3077 ad
620 3013 700 3079 haec
727 3013 903 3077 Lorenzius
931 3012 1138 3098 adscripserit
1161 3016 1339 3077 memorato
1367 3033 1461 3077 versu
1488 3010 1615 3077 Laberii

382 3120 464 3210 (123
475 3119 529 3207 R.)

517 3228 571 3293 Ita
594 3250 642 3293 me
663 3235 798 3295 vetusius
820 3228 965 3311 amplexu
988 3248 1144 3292 amacium
1167 3232 1285 3292 euocat:

516 3335 658 3417 Sepuieri
679 3336 796 3401 similis
817 3335 866 3400 aii
887 3337 953 3401 uisi
975 3356 1088 3400 uomeu
1110 3336 1232 3399 retineo.

382 3441 566 3526 Utrobique
589 3443 760 3507 vetustatis
782 3442 910 3507 notioni
937 3442 1072 3506 inservit
1096 3442 1238 3505 sednon
1262 3441 1358 3524 plene
1386 3439 1496 3504 eodem
1520 3439 1616 3505 modo

381 3550 515 3631 sepulcri
528 3550 802 3614 commemoratio:
822 3549 1016 3637 intelligitur
1035 3553 1142 3613 autem
1157 3551 1399 3613 monumentum
1421 3548 1456 3611 in
1469 3547 1616 3631 sepulcro

383 3659 535 3738 erectum,
559 3656 645 3740 quod
668 3677 786 3720 nomen
809 3655 892 3719 ferre
915 3654 1034 3739 sepulti
1054 3654 1188 3739 solebat,
1212 3654 1289 3719 alibi
1309 3656 1406 3721 etiam
1427 3656 1614 3719 thesaurum

382 3763 426 3827 ibi
457 3762 679 3827 absconditum
709 3764 859 3845 retinere,
888 3766 924 3825 ut
951 3761 1036 3845 apud
1060 3761 1244 3826 Terentium
1273 3763 1307 3826 in
1330 3761 1488 3825 Eunucho
1516 3784 1544 3826 v.
1567 3761 1617 3826 13.

340 3895 369 3935 so
383 3867 492 3952 Atque
510 3868 572 3933 hcc
590 3890 693 3956 genus
712 3870 931 3953 sepulcrorum
947 3890 1020 3933 cum
1032 3867 1135 3933 Varro
1154 3867 1300 3953 designet
1315 3869 1370 3952 qui
1386 3870 1423 3932 de
1442 3870 1462 3933 l.
1473 3867 1507 3933 L.
1523 3867 1617 3932 v149

383 3976 429 4040 sie
451 3976 650 4053 mouimeuta,
674 3974 789 4058 inquit,
815 3996 894 4056 quae
915 3976 951 4039 ia
973 3975 1170 4056 eupaterio,
1198 3978 1317 4041 elideo
1340 3976 1508 4042 secuudum
1531 3978 1618 4041 uiam

383 4103 442 4165 quo
459 4082 688 4163 praetereuntis
710 4081 900 4146 admoueant
922 4086 950 4144 a
971 4101 1004 4145 se
1023 4082 1123 4162 fuisse
1145 4088 1172 4146 et
1196 4082 1265 4148 ilios
1288 4104 1350 4148 esse
1373 4082 1524 4162 mortalis,
1547 4087 1618 4147 tum

384 4190 447 4254 alia
475 4210 556 4272 quae
589 4188 629 4253 ad
662 4186 867 4271 explicandos
893 4186 992 4251 Ennii
1022 4208 1132 4252 versus
1161 4186 1258 4273 (Arm.
1278 4188 1411 4273 411sq.)
1440 4189 1538 4272 Rupes
1558 4210 1619 4270 per

382 4318 514 4380 repaum
532 4301 711 4376 statuasque
726 4293 926 4377 sepulcraque
942 4300 1104 4377 quaeruut,
1124 4295 1302 4377 Aedificant
1319 4318 1431 4362 nomeu
1450 4295 1618 4361 attulimus

384 4404 419 4467 in
433 4402 599 4488 prooemio
615 4424 641 4465 a.
659 4398 796 4485 1886287
815 4398 888 4486 (Op.
904 4423 948 4465 ac.
961 4399 996 4464 P.
1007 4419 1018 4464 1
1029 4424 1059 4485 p.
1071 4399 1189 4489 aare).
1205 4400 1391 4470 Ciceronem
1407 4425 1543 4487 quoque,
1562 4402 1619 4486 qui

382 4510 418 4575 in
442 4514 584 4574 extremo
608 4508 691 4573 libro
714 4524 740 4570 11
764 4506 803 4570 dc
825 4506 952 4592 legibus
976 4509 1027 4572 ius
1049 4508 1258 4589 sqrulororum
1282 4510 1442 4594 explanat,
1466 4532 1539 4575 cum
1557 4510 1653 4579 bas?

382 4614 609 4696 amplitudines
625 4614 834 4695 sepulcrorum
850 4612 895 4699 (p.
912 4612 984 4693 156,
995 4610 1030 4699 3)
1050 4618 1106 4677 aut
1123 4615 1331 4697 sqmiermum
1352 4617 1619 4699 mapuifteeutiam

386 4719 431 4807 (p.
444 4720 557 4805 154,1)
569 4722 619 4784 vel
633 4741 703 4785 eam
714 4721 862 4802 funerum
876 4719 1144 4802 sepulcrorumque
1157 4723 1424 4806 mupuifieeutiam
1435 4722 1479 4807 (p.
1493 4722 1565 4806 157,
1574 4721 1620 4809 3),

383 4827 469 4892 unde
493 4826 656 4911 intelligas
684 4826 829 4877 aiamim
853 4831 885 4891 et
907 4846 958 4909 ser
1182 4850 1209 4893 *e
1234 4829 1460 4914 differentiam,
1491 4828 1619 4913 similia,
