3967 5725
673 622 723 672 DE
741 622 939 673 THEOORITI
957 622 1106 673 IDYLLIO
1126 622 1212 673 XVII.
1516 619 1557 683 17

330 782 397 849 Nec
425 782 596 848 dissimilia
622 780 715 847 Plato
743 782 778 847 in
804 781 946 868 Legibus
970 800 995 846 x
1012 806 1043 867 p.
1058 783 1138 867 219,
1151 783 1174 846 4
1187 781 1247 847 Bk.
1276 783 1317 847 οὐ
1348 785 1409 867 γάρ
1441 782 1560 866 άμείη-

331 894 430 975 θήσει
452 886 530 954 ποτὲ
553 886 606 954 ὑπ’
633 888 735 973 αὐτῆς
760 886 896 977 (δίκης)·
925 890 986 974 οὐχ
1014 889 1101 955 οὕτω
1126 888 1265 974 σμικρὸς
1288 890 1337 954 διν
1359 890 1454 954 δύσει
1477 891 1561 954 κατά

332 1000 369 1063 τὸ
391 1006 448 1080 τῆς
469 1005 530 1080 γῆς
552 997 661 1078 βάθος
684 994 752 1061 οὐδ
780 996 910 1081 ὑψηλὸς
931 998 1112 1081 γενόμενος
1139 997 1187 1073 εἰς
1218 997 1279 1061 τὸν
1306 996 1453 1081 οὐρανὸν
1480 996 1560 1062 άνα-

333 1106 453 1188 πτήσει.
490 1102 695 1187 Polymestor
717 1104 751 1167 in
770 1102 903 1168 Hecuba
922 1101 1041 1190 (1100)
1064 1125 1129 1187 quo
1148 1125 1240 1167 suam
1258 1102 1470 1189 ignominiam
1489 1103 1561 1168 abs-

332 1211 445 1277 condat
468 1210 596 1274 nescius
618 1209 814 1274 lamentatur

464 1327 522 1382 ποῖ
543 1318 725 1402 τράπωμαι,
749 1327 808 1382 ποῖ
830 1324 1003 1402 πορευθῶ;

464 1423 567 1508 αἰθέρ’
595 1422 841 1510 ἀμπτάμενος*)
865 1425 1027 1509 οὐράνιον

464 1526 620 1607 ὑψιπετδς
644 1532 691 1608 εἰς
713 1530 884 1616 μέλαθρον
907 1582 914 1596 .
937 1582 944 1595 .

704 1636 724 1721 ἢ
748 1639 808 1703 τὸν
831 1636 865 1714 ἐς
880 1636 971 1702 Ἀίδα

464 1748 697 1830 μελανόχρωτα
720 1745 876 1829 πορθμὸν
899 1744 965 1831 ictor
989 1746 1102 1824 τάλαςς

335 1852 377 1915 Εἰ
398 1856 434 1916 ut
455 1851 590 1917 Hecuba
613 1850 750 1916 Troasin
773 1853 818 1916 ait
841 1849 958 1938 (1320)

210 1952 212 2041 l
463 1961 555 2035 κόνις
578 1955 607 2021 δ’
636 1964 691 2023 ἰσα
714 1966 829 2046 καπνῷ
852 1957 990 2043 πτέρυγι
1014 1959 1097 2043 πρὸς
1120 1956 1226 2041 αἰθέρ’

281 2077 317 2131 lt
465 2067 583 2130 άιστον
606 2071 708 2130 οἰκων
731 2064 819 2147 ἐμῶν
841 2089 881 2146 με
904 2068 1003 2149 θήσει
1027 2064 1210 2151 (ο11298),

210 2160 211 2171 ἰ
333 2175 376 2237 ita
398 2173 592 2255 άμπτάμενα
614 2172 699 2257 πρὸς
721 2172 842 2255 αἰθέρα
866 2194 960 2256 saepe
984 2171 1135 2236 dicuntur
1158 2194 1240 2256 quae
1261 2172 1358 2236 inrita
1376 2173 1461 2236 facta
1480 2177 1564 2255 sunt,

333 2282 421 2345 velut
443 2278 614 2365 Iphigenia
637 2279 731 2344 Taur.
749 2278 815 2344 842

714 2387 839 2450 άτοπον
861 2386 991 2469 ἡδονάν
1014 2388 1147 2470 ἔλαβον,

715 2492 849 2557 δέδοικα
873 2490 901 2557 δ
929 2492 965 2558 ἐκ
988 2504 1096 2578 χερῶν
1117 2517 1157 2575 με
1180 2494 1224 2576 μὴ
1247 2494 1330 2577 πρὸς
1352 2492 1474 2578 αἰθέρα

715 2600 924 2683 ἀμπτάμενος
948 2602 1049 2686 φύγῃ.

332 2706 561 2773 Andromacha
586 2706 672 2771 1219
719 2706 913 2791 άμπτάμενα
936 2708 1071 2792 φροῦδα
1093 2708 1201 2773 πάντα
1224 2717 1338 2772 κεῖται.

332 2812 470 2880 Hecuba
493 2813 558 2880 334
864 2815 963 2900 οὑμοί
985 2811 1047 2897 μὲν
1070 2818 1164 2899 λόγοι
1188 2814 1271 2898 πρὸς
1293 2814 1415 2901 αἰθέρα
1580 2842 1607 2882 ιο

715 2923 862 3006 φροῦδοι
885 2923 992 3006 μάτην
1016 2921 1177 3006 ῥιφέντες.

330 3026 533 3104 Quibuscum
561 3030 617 3112 qui
645 3029 846 3094 contenderit
880 3051 962 3112 quae
984 3031 1020 3093 in
1042 3029 1179 3093 similem
1203 3028 1394 3093 sententiam
1417 3030 1452 3093 in
1473 3019 1567 3093 Euri-

330 3135 419 3219 pidis
442 3132 650 3219 Supplicibus
674 3136 825 3202 dicuntur
848 3133 965 3222 (1155)

329 3241 331 3246 ’
717 3247 827 3326 λόγων
850 3243 888 3308 δὲ
910 3238 1164 3327 παρακέλευσμα
1188 3255 1258 3308 σῶν

624 3355 626 3357 ’
716 3350 788 3434 άέρι
812 3353 1001 3435 φερόμενον
1024 3357 1147 3435 οἴχεται

330 3461 365 3521 et
390 3479 433 3520 ex
461 3458 560 3521 altera
586 3461 678 3541 parte
705 3457 784 3522 haec
812 3457 847 3522 in
869 3456 1009 3522 Hercule
1033 3454 1127 3544 (649)
1152 3455 1268 3541 quibus
1297 3458 1422 3522 tristem
1446 3457 1568 3521 abomi-

333 3567 454 3629 nantur
478 3567 674 3629 senectutem

807 3671 889 3735 κατὰ
911 3671 1068 3752 κυμάτων

468 3775 498 3840 δ’
523 3779 617 3861 ἔρροι
632 3828 638 3841 .
655 3828 683 3842 ..
706 3776 789 3845 ἀλλὰ
811 3774 877 3842 κατ’
903 3776 1006 3862 αἰθέρ’
1034 3776 1085 3842 άεί
1108 3787 1259 3862 πτεροῖσι
1282 3781 1454 3863 φορείσθω

334 3905 409 3947 cum
432 3885 473 3948 iis
498 3905 579 3967 quae
603 3888 678 3947 sunt
702 3887 733 3948 in
759 3883 896 3948 Troasin
920 3883 1000 3970 (418
1015 3883 1076 3970 sq.)
1582 3915 1610 3954 ao

718 3989 833 4076 Ἀργεῖ’
860 3991 972 4075 ὀνείδη
997 3993 1053 4056 καί
1079 3995 1226 4076 Φρυγῶν
1250 3990 1435 4069 ἐπαινέσεις

720 4098 853 4182 άνέμοις
877 4098 1043 4183 φέρεσθαι
1066 4099 1289 4182 παραδίδωμι,

333 4203 506 4290 intelliget,
529 4204 646 4269 variari
670 4207 824 4270 orationis
847 4207 995 4288 formam,
1018 4209 1055 4268 ut
1078 4207 1187 4269 tamen
1204 4204 1255 4269 his
1276 4205 1423 4270 omnibus
1443 4227 1570 4270 sursum

332 4299 443 4376 atleta
468 4312 624 4396 dicantur,
648 4334 729 4395 quae
753 4313 793 4376 ad
815 4313 953 4377 nihilum
978 4311 1106 4376 redacta
1130 4316 1206 4375 sunt
1228 4316 1285 4376 aut
1312 4334 1382 4376 esse
1408 4310 1569 4399 volunt*).

442 4522 489 4593 *7)
509 4523 620 4594 [πολιὸν
635 4520 731 4590 αἰθέρ’
749 4523 928 4593 ἀμπτάμενος
942 4522 1121 4578 Orest.13‘16.
1151 4519 1200 4576 ἀν’
1212 4524 1299 4593 ὑγρδν
1313 4521 1456 4593 ἀμπταίην
1466 4522 1570 4591 αἰθέρα

330 4611 391 4665 Ion.
409 4615 468 4664 796.

424 4613 488 4769 *(141)
507 4700 607 4756 Ventis
627 4700 781 4756 auferenda
800 4702 867 4756 dare
886 4719 959 4770 quae
977 4718 1050 4755 vana
1069 4704 1147 4767 sunt,
1166 4704 1199 4755 ut
1217 4701 1383 4756 Theocritus
1401 4701 1463 4767 ipse
1480 4699 1571 4767 loqui-

328 4792 381 4842 tur
405 4794 452 4855 22,
468 4795 538 4856 167,
566 4807 648 4845 nemo
671 4791 763 4845 nescit
784 4807 873 4861 genus
897 4790 1011 4844 dicendi
1034 4807 1095 4845 esse
1119 4807 1174 4858 quo
1198 4789 1270 4843 nihil
1293 4789 1462 4844 familiarius
1485 4788 1572 4841 fuerit

327 4877 426 4950 poetis
445 4877 588 4945 Romanis,
608 4879 728 4948 Catullo,
747 4879 869 4946 Tibullo,
887 4879 1043 4946 Propertio,
1062 4879 1136 4934 aliis.

391 4976 519 5017 Vahlent
533 4979 644 5026 opuscula
658 4980 689 5018 II.
1341 4972 1356 5017 2
