3967 5725
561 611 660 661 Acon
677 612 727 660 DE
747 611 946 662 COMOEDIIS
965 611 1157 662 PLAUTINIS
1176 611 1352 663 MEMORIA.
1508 610 1571 674 401

430 771 493 836 Sed
520 773 553 836 in
580 772 646 857 his,
679 793 760 856 quae
787 794 854 836 non
881 793 1037 856 negamus
1066 773 1144 835 scite
1173 750 1241 836 esse
1270 774 1467 859 excogitata,
1500 778 1575 838 sunt

336 886 447 943 tamen
468 902 549 962 quae
567 903 681 964 pamm
699 879 912 963 probabiliter
931 879 1088 963 disputari
1108 879 1202 944 nobis
1221 880 1397 944 videantur.
1434 879 1519 945 Nam
1537 886 1575 945 ut

338 988 505 1050 mittamus
533 987 661 1050 interim
690 1008 770 1074 quae
798 986 852 1050 ille
882 986 920 1051 de
948 987 1093 1071 prologis
1121 985 1279 1051 Plautinis
1308 987 1412 1072 magis
1436 989 1575 1072 sumpsit

339 1115 435 1176 quam
464 1093 626 1177 probavit,
657 1115 753 1177 quam
780 1093 910 1157 tertiam
939 1093 1074 1158 classem
1104 1093 1283 1158 fabularum
1312 1093 1428 1159 Plauto
1456 1095 1575 1158 iniuria

337 1199 572 1284 adscriptamm
600 1221 668 1264 esse
697 1200 806 1282 iussit,
838 1221 874 1263 ea
903 1198 1064 1283 quomodo
1093 1200 1198 1265 verbis
1228 1201 1379 1265 distincta
1407 1202 1461 1284 sit,
1491 1205 1528 1265 ut
1557 1225 1575 1266 a

338 1306 466 1391 legente
498 1310 583 1371 recte
616 1306 804 1390 accipiatur,
837 1306 1029 1392 ambigimus
1061 1329 1120 1370 nec
1154 1307 1231 1371 satis
1262 1311 1349 1371 certo
1378 1307 1574 1391 dispicimus,

339 1411 441 1477 Cuius
465 1414 511 1477 rei
531 1435 657 1477 causam
678 1413 765 1496 quod
783 1412 849 1478 Leo
869 1414 896 1477 si
915 1416 1000 1477 recte
1019 1414 1230 1498 intelligimus
1250 1437 1268 1478 a
1287 1436 1403 1500 genere
1421 1414 1575 1499 loquendi

339 1520 564 1584 a1tificiosiore
587 1519 794 1604 repetendam
818 1519 920 1604 duxit,
946 1519 984 1584 de
1008 1521 1190 1586 elocutione
1213 1544 1271 1586 nos
1295 1543 1386 1586 secus
1411 1523 1575 1587 sentimus.

340 1625 559 1692 Artificiosum
592 1629 677 1690 enim
705 1626 789 1692 hano
816 1649 885 1691 esse
914 1628 1093 1693 orationem
1121 1631 1176 1692 aut
1204 1629 1335 1693 insolita
1363 1629 1575 1694 collocatione

339 1734 512 1798 verbomm
540 1735 699 1820 insignem
726 1738 852 1798 tanturn
881 1735 971 1798 abest
993 1737 1031 1797 ut
1055 1734 1266 1800 concedamus
1290 1740 1326 1799 ut
1350 1737 1432 1800 nihil
1455 1737 1617 1820 simpli-10

340 1842 410 1906 cius
434 1863 502 1906 esse
525 1841 586 1905 hac
609 1843 768 1906 sententia
790 1862 886 1925 posse
909 1841 1115 1906 affirmemus.
1152 1841 1237 1907 Nam
1261 1863 1333 1906 cum
1355 1843 1435 1908 haec
1456 1844 1577 1909 diceret

341 1947 459 2013 Accius
483 1969 538 2012 nee
563 1947 692 2014 Gemini
714 1949 837 2013 imanes
858 1969 913 2012 nee
937 1947 1124 2013 Condalium
1149 1969 1203 2014 nec
1226 1949 1319 2015 Anus
1341 1971 1396 2015 nea
1418 1950 1479 2017 Bis
1497 1972 1577 2016 com·

334 2076 449 2138 presso
474 2075 530 2120 nec
551 2055 681 2120 Boeotia
705 2055 819 2120 Plana·
839 2077 989 2146 umquem
1016 2057 1092 2138 fuit,
1120 2056 1279 2139 prolixam
1303 2059 1577 2122 enumerationem

341 2162 522 2226 fabularum
545 2163 579 2226 in
604 2162 682 2226 duas
706 2163 804 2227 series
828 2162 990 2247 disposuit
1012 2184 1113 2246 paene
1136 2185 1238 2247 pares,
1261 2167 1298 2228 ut
1322 2185 1379 2227 sua
1401 2164 1441 2227 ad
1459 2167 1577 2229 utram-

343 2292 406 2352 que
429 2270 543 2334 seriem
566 2291 640 2354 pars
664 2269 848 2354 praedicati,
872 2269 959 2353 quod
980 2293 1080 2334 unum
1106 2273 1155 2335 est
1179 2269 1235 2334 sed
1258 2271 1336 2335 item
1355 2271 1390 2334 in
1409 2270 1487 2335 duas
1506 2294 1577 2355 par-

340 2378 456 2441 ticulas
488 2375 713 2460 distributum,
745 2379 919 2460 aptaretur.
961 2376 1055 2441 Unde
1086 2376 1166 2442 haec
1198 2381 1274 2440 nata
1305 2381 1354 2441 est
1388 2378 1490 2442 oratio
1522 2399 1577 2443 nea

342 2483 473 2549 Gemini
495 2483 616 2548 lenones
638 2503 693 2548 nec
713 2481 903 2548 Condalium
925 2504 981 2549 nee
1003 2484 1096 2549 Anus
1115 2483 1227 2549 Plauti
1250 2505 1304 2549 nea
1322 2484 1383 2550 Bis
1405 2505 1579 2568 compressa

339 2611 394 2655 nea
416 2590 546 2656 Boeotia
568 2611 718 2672 umquam
739 2592 828 2672 fuit·
850 2591 932 2655 Eam
955 2594 1063 2655 autem
1088 2591 1245 2656 orationis
1266 2592 1413 2675 formam,
1436 2614 1500 2676 qua
1518 2591 1579 2656 Ac-

342 2699 428 2761 cium
455 2719 549 2761 usum
577 2696 735 2782 videmus,
756 2703 949 2763 consuetam
978 2699 1134 2763 sermonis
1158 2698 1266 2762 Latini
1294 2703 1487 2763 stmcturam
1511 2721 1579 2765 esse

341 2805 561 2889 exemplorum
588 2804 667 2869 fides
692 2827 773 2889 quae
796 2829 872 2871 mox
896 2806 1069 2872 afferentur
1091 2805 1251 2891 probabit.
1289 2805 1423 2872 Interim
1445 2805 1508 2872 hoc
1533 2805 1579 2871 di·
1593 2833 1620 2873 ic

306 2931 322 2985 7
344 2914 444 2977 cimus
472 2912 591 2977 mirum
619 2934 687 2977 esse
715 2915 874 2978 neminem
905 2915 1062 2997 omnium,
1091 2914 1147 2997 qui
1172 2913 1224 2978 his
1249 2914 1355 2978 verbis
1379 2914 1579 2979 stabiliendis

342 3041 471 3103 operam
495 3024 663 3104 naverunt,
686 3042 788 3106 genus
811 3024 990 3085 structurae
1009 3024 1096 3086 recte
1115 3020 1310 3104 aestimasse,
1333 3025 1461 3104 praeter
1479 3043 1579 3085 unum

342 3126 480 3190 fortasse
502 3126 710 3213 Madvigium,
735 3128 790 3210 qui
815 3131 900 3192 certe
924 3127 1082 3191 abstinuit
1105 3128 1215 3210 inepta
1234 3127 1494 3212 interpunctione
1515 3150 1578 3210 qua

341 3236 440 3298 ceteri
463 3234 524 3316 usi,
547 3256 620 3299 cum
643 3237 719 3318 post
742 3234 854 3298 Plauti
877 3233 1122 3318 distinguerent,
1147 3233 1302 3298 orationis
1325 3235 1461 3298 formam
1482 3255 1579 3317 quam

341 3429 481 3497 Agroecm
503 3429 562 3482 und
586 3428 793 3482 Commorientes
813 3428 924 3480 Macci
947 3427 1024 3480 Titi.
1058 3428 1101 3481 Es
1123 3427 1188 3481 sind
1207 3428 1389 3496 Katepouien,
1414 3428 1458 3481 die
1477 3428 1579 3482 Accius

340 3518 429 3571 dureb
447 3519 491 3571 die
509 3518 621 3570 Numen
639 3515 699 3569 amd
717 3517 775 3570 ihre
793 3516 917 3585 Stellunp
936 3516 1092 3581 denominat,
1111 3522 1192 3570 etium
1205 3517 1323 3586 casnedi,
1341 3517 1471 3571 nieman
1485 3534 1512 3571 es
1526 3534 1579 3572 oon

341 3608 398 3660 ilem
421 3613 553 3660 erwarten
576 3622 657 3659 annes.
691 3606 736 3659 Er
757 3613 820 3676 sapt
841 3606 941 3659 damit:
966 3605 1084 3675 obpleicb
1107 3606 1150 3659 die
1170 3610 1187 3660 3
1205 3605 1302 3661 Sidete
1322 3606 1515 3661 ausdrdclclicb
1533 3608 1579 3661 des

342 3696 466 3750 Plautus
488 3696 547 3749 und
565 3696 609 3749 die
628 3695 723 3749 beiden
741 3696 849 3749 andern
867 3695 913 3748 des
932 3696 1049 3749 Maccus
1071 3694 1150 3749 Titus
1168 3696 1285 3761 linimen,
1308 3696 1373 3749 sind
1391 3697 1430 3749 sie
1448 3696 1516 3750 doeh
1534 3696 1580 3748 nie

341 3802 395 3839 oon
418 3787 473 3839 ihm
496 3801 628 3855 pewesem
653 3801 762 3838 moram
779 3785 861 3853 folet,
885 3785 950 3838 dass
968 3801 998 3838 er
1016 3785 1060 3838 dic
1079 3785 1193 3853 Proloye
1212 3784 1261 3850 sui·
1279 3785 1489 3852 unpluutinisoii
1506 3784 1579 3839 diali.

343 3875 525 3929 Daunischen
538 3876 628 3928 steiien
642 3874 710 3927 olim
724 3876 804 3927 einen
817 3891 870 3927 aon
884 3876 1005 3929 Plautus
1019 3874 1129 3928 Numen
1144 3874 1197 3927 Bis
1210 3890 1362 3941 compressa
1376 3874 1436 3927 amd
1450 3873 1581 3927 Boeotia:

342 3981 403 4016 nun
421 3965 518 4017 missen
536 3965 596 4028 mir,
615 3964 680 4016 dass
699 3963 743 4016 die
758 3964 875 4017 Boeotia
893 3966 979 4017 einem
998 3964 1118 4017 anderen
1132 3964 1247 4017 Dichter
1261 3962 1465 4033 aupescluieben
1478 3962 1580 4025 murale,

342 4053 403 4107 wad
426 4052 470 4105 die
494 4053 547 4106 Bis
570 4068 722 4119 compressu
745 4053 877 4106 eracheint
899 4053 1017 4121 nirpend
1040 4051 1150 4117 wieder,
1174 4069 1201 4105 es
1223 4053 1260 4105 ist
1282 4054 1340 4105 also
1359 4052 1435 4105 nicht
1452 4051 1580 4104 mamedu-

340 4142 496 4207 ecbeiniieh,
515 4141 580 4195 dass
597 4142 637 4195 sie
655 4148 736 4194 unta
753 4141 806 4193 den
824 4142 1007 4210 unbeaeupten
1022 4158 1087 4195 mur.
1117 4140 1153 4195 So
1168 4142 1286 4196 sabeidet
1298 4158 1327 4195 er
1340 4142 1385 4194 die
1399 4142 1480 4194 dritta
1494 4141 1580 4194 Kate-

342 4232 418 4301 9orie
437 4231 485 4284 der
503 4231 563 4284 dem
577 4231 697 4283 Plautus
715 4230 879 4283 willkdrlich
896 4231 1134 4300 aupescbriabenen
1153 4231 1213 4285 und
1230 4237 1297 4285 aetat
1314 4231 1365 4284 das
1378 4246 1531 4297 uinquam
1545 4246 1580 4283 au

343 4319 450 4386 diesen,
473 4320 522 4373 wie
545 4320 627 4373 adeo
649 4335 685 4372 aa
704 4319 842 4388 Agroecus
864 4319 924 4371 eund
944 4318 1164 4383 Commorientem
1188 4320 1247 4373 und
1270 4337 1335 4373 arian
1358 4335 1432 4373 muse
1449 4318 1580 4387 gestelen,

344 4410 410 4463 daea
431 4425 461 4462 er
483 4409 569 4462 duued
592 4409 651 4462 eina
669 4408 813 4476 unyemein
831 4409 981 4461 kdnstliche
1005 4408 1200 4479 Wortstelluny
1218 4408 1267 4474 [dr
1286 4408 1338 4462 den
1356 4408 1453 4473 Leaen,
1477 4407 1525 4461 der
1543 4408 1581 4459 im

345 4499 584 4567 Zmummenliana
605 4514 678 4563 mar,
703 4498 747 4551 die
772 4496 927 4565 scheidunp
949 4498 1067 4551 deutlich
1091 4498 1212 4566 pemuald
1233 4498 1289 4551 hat.
1324 4498 1386 4551 Min
1403 4498 1506 4551 sebaim
1524 4496 1581 4549 dies

344 4588 429 4657 odliip
448 4588 602 4653 beweicmd
621 4587 681 4640 und
694 4603 721 4640 eo
739 4587 826 4657 eryabt
842 4587 901 4640 sicli
915 4586 1021 4639 danaus
1035 4587 1145 4651 ainmal,
1160 4587 1224 4640 dass
1238 4587 1286 4640 der
1301 4588 1439 4655 Aproeeus
1452 4587 1510 4639 echi
1522 4602 1582 4656 mur

344 4677 395 4730 mie
417 4677 461 4729 die
480 4677 566 4729 durch
587 4676 687 4730 Terens
707 4678 848 4743 bazeupten
868 4675 1076 4729 Coenmorientes
1096 4717 1101 4727 .
1119 4695 1143 4740 .;
1166 4691 1227 4728 aum
1247 4676 1362 4741 andern,
1382 4676 1447 4730 dass
1461 4676 1583 4730 Plauti

345 4766 432 4819 medei·
454 4766 604 4835 umpesteilt
625 4766 694 4819 neele
716 4772 793 4819 sonat
810 4766 951 4835 corripiam
968 4766 1075 4819 werden
1093 4765 1171 4831 darf;
1196 4764 1304 4818 endiich
1322 4764 1388 4819 dass
1406 4782 1458 4819 eon
1483 4765 1582 4819 Versen

345 4855 405 4908 hier
422 4855 499 4908 l‘einc
518 4855 593 4909 Rede
610 4855 685 4907 mein
701 4856 761 4908 sein
779 4856 862 4908 daun.

400 4953 528 4993 Vanlani
542 4954 652 5001 opuscula
666 4954 697 4993 Π.
1332 4948 1366 4997 26
