3967 5725
407 646 410 649 ’
508 659 558 707 un
577 638 740 708 vnucmn
758 657 920 708 uramur
938 656 1124 708 nuconroo
1143 657 1218 707 vm.
1237 656 1327 706 urse.
1342 655 1377 706 11.
1515 651 1580 716 533

349 819 563 886 conformatio
586 840 687 903 paene
711 839 825 904 cogere
848 817 975 883 videtur
998 821 1035 882 ut
1058 817 1137 881 haec
1160 817 1194 880 in
1216 816 1303 881 huuc
1321 814 1452 879 modum
1471 796 1582 880 recite-

348 949 420 990 mus
442 925 676 991 Commerulorc
694 946 825 990 mamus:
843 924 978 990 crudelis
996 931 1030 989 tu
1048 945 1164 1006 quoquc
1182 929 1288 988 muter.
1310 921 1454 987 Crudelis
1471 927 1584 1005 muter,

348 1055 449 1116 eaque
472 1036 604 1116 apparet
626 1053 692 1096 non
710 1033 817 1096 minus
837 1036 933 1116 recte,
955 1033 1055 1096 immo
1074 1031 1189 1094 melius
1209 1030 1306 1094 etiam
1325 1051 1397 1093 cum
1416 1051 1453 1093 ea
1472 1049 1583 1094 versus

348 1141 452 1205 forma
475 1139 629 1223 coniungi
653 1160 749 1222 quam
772 1138 971 1203 Ribbeckius
996 1137 1195 1202 emendando
1220 1137 1400 1201 suscitavit:

485 1245 628 1311 Crudelis
650 1252 765 1329 muter,
788 1246 891 1328 mauis
913 1251 947 1310 ot
964 1265 1046 1326 puer
1068 1241 1227 1326 improbus
1248 1242 1310 1308 illc.

349 1353 412 1419 Sed
434 1354 513 1418 haec
536 1355 696 1419 sententia
717 1354 797 1438 ipsa,
822 1375 918 1436 quam
942 1374 1007 1416 una
1029 1352 1138 1416 littera
1162 1354 1286 1415 mutata
1310 1347 1434 1436 (cipro
1454 1349 1512 1434 uu)
1537 1371 1583 1412 re-

349 1461 528 1546 cuperavit,
561 1460 777 1545 quaerendum
809 1463 860 1523 est
888 1481 983 1543 quam
1012 1458 1226 1543 probabiliter
1251 1457 1402 1522 restituta
1429 1456 1585 1521 videatur.

348 1567 441 1633 Nihil
464 1568 601 1633 dicimus
624 1568 662 1630 de
687 1566 842 1631 orationis
865 1567 978 1650 forma,
1004 1588 1199 1650 quamquam
1222 1565 1321 1629 habet
1344 1563 1429 1648 quod
1454 1562 1586 1627 addubi-

348 1681 449 1759 tetur,
472 1674 528 1741 sed
550 1674 633 1739 illud
656 1673 780 1738 attendi
802 1673 967 1758 volumus,
989 1672 1052 1737 hoc
1074 1695 1169 1737 versu
1193 1672 1239 1737 ita
1262 1672 1383 1756 script-o
1406 1669 1583 1736 necessarie

349 1784 513 1866 consequi,
535 1786 573 1846 ut
596 1784 730 1865 quartus
755 1779 810 1864 qui
834 1785 883 1845 est
905 1780 1054 1845 inlibris
1078 1779 1243 1861 Improbus
1265 1779 1318 1844 illc
1334 1799 1428 1861 puer,
1451 1777 1584 1842 crudelis
1600 1799 1625 1839 ic

348 1897 383 1955 tu
400 1911 517 1972 quoquc
534 1895 634 1954 muter
647 1887 755 1952 locum
770 1909 863 1951 suum
879 1886 1025 1951 obtinere
1039 1889 1186 1970 nequeat.
1219 1885 1251 1951 N
1253 1909 1303 1950 am
1318 1885 1381 1950 hoo
1395 1884 1583 1969 ambiguum

349 2018 415 2060 non
439 2000 497 2081 est,
518 1995 579 2060 hos
604 1995 683 2059 duos
707 2016 819 2058 versus

486 2102 630 2168 Crudelis
653 2107 765 2180 muter,
789 2103 892 2184 magis
914 2106 954 2165 ut
969 2121 1052 2182 puer
1073 2101 1233 2182 improbus
1255 2100 1315 2166 illc.

484 2208 650 2291 Improbus
672 2209 725 2273 ille
740 2229 834 2288 puer,
859 2208 993 2272 erudelis
1016 2213 1049 2272 tu
1071 2229 1189 2290 quoquc
1211 2213 1310 2272 muter

350 2339 383 2381 se
407 2317 600 2399 excipientes
624 2316 702 2380 ferri
724 2337 791 2379 non
813 2336 917 2399 posse.
954 2312 1068 2399 Neque
1091 2313 1154 2380 hoc
1177 2313 1263 2401 fugit
1281 2314 1504 2399 Ribbeokium,
1528 2315 1587 2398 qui

349 2443 462 2487 eorum
494 2423 630 2488 alterum
664 2421 786 2485 indicta
813 2443 910 2488 causa
938 2421 1185 2487 condemnatum
1213 2422 1358 2486 exsulare
1387 2421 1489 2486 iussit.
1532 2421 1586 2485 En

312 2532 467 2595 aiterum
495 2528 558 2595 hoc
586 2529 915 2615 emendandigenus,
943 2527 1033 2593 cuius
1058 2529 1233 2594 sublestom
1257 2529 1352 2593 fidem
1376 2550 1472 2613 supra
1495 2532 1585 2593 nota

348 2639 460 2702 vimus.
498 2635 592 2701 Nihil
621 2636 786 2720 quaeritur
814 2636 899 2700 unde
927 2641 1039 2701 natum
1063 2635 1206 2701 dicamus
1229 2657 1357 2701 versum
1382 2657 1477 2720 quem
1500 2635 1583 2699 falso

349 2744 495 2809 additum
521 2743 769 2828 exstinguimus,
796 2765 901 2826 neque
923 2765 1001 2807 num
1025 2743 1102 2826 quid
1126 2744 1210 2807 forte
1233 2743 1267 2806 in
1291 2743 1363 2827 ipso
1386 2765 1484 2826 prave
1508 2743 1584 2807 sori-

347 2855 441 2937 ptum
469 2852 524 2936 sit,
553 2850 639 2935 quod
668 2851 908 2935 interpolatoris
936 2873 1066 2916 manum
1095 2851 1223 2935 prodat,
1256 2850 1312 2915 sed
1341 2850 1416 2935 quia
1444 2872 1516 2915 cum
1544 2872 1582 2915 eo
1598 2874 1625 2913 ro

348 2982 443 3023 versu
472 2981 566 3043 quem
590 2959 653 3043 ipsi
678 2960 873 3023 correximus
897 2962 930 3023 et
953 2960 1055 3042 ipsius
1080 2958 1287 3023 correctionis
1311 2981 1407 3024 causa
1430 2958 1584 3043 coniungi

347 3087 414 3131 non
437 3069 545 3150 potest
568 3066 800 3150 proscribimus
823 3067 1036 3131 innocentem.
1074 3064 1190 3130 Nonne
1211 3066 1315 3149 magis
1335 3068 1583 3130 consentaneum

347 3173 454 3256 fuerit,
482 3173 517 3236 in
540 3174 732 3237 contrariam
756 3176 881 3256 partem
904 3194 944 3235 ex
967 3193 1005 3235 eo
1031 3172 1086 3255 qui
1110 3172 1292 3254 insequitur
1314 3193 1408 3236 versu
1433 3169 1584 3255 colligere

349 3302 456 3344 veram
475 3300 541 3344 non
556 3301 624 3344 esse
639 3300 721 3363 quae
735 3278 838 3362 priori
852 3276 998 3341 adhibita
1012 3282 1061 3341 est
1075 3277 1279 3341 emendatio?
1309 3276 1371 3352 Qui
1384 3296 1495 3341 versus
1511 3276 1584 3357 duc,

349 3387 377 3450 si
395 3408 461 3450 non
479 3385 713 3469 detorquentur
730 3407 750 3447 a
763 3384 922 3448 sententia
936 3406 1003 3467 sua,
1021 3406 1090 3447 eam
1106 3384 1288 3447 iuncturam
1307 3385 1429 3465 ineunt,
1448 3386 1485 3445 ut
1502 3403 1584 3465 quae

350 3497 399 3557 est
417 3494 451 3557 in
469 3492 571 3557 altero
591 3491 813 3575 interrogatiO,
832 3491 872 3553 ad
892 3512 962 3554 eam
977 3489 1059 3553 alter
1072 3492 1181 3555 nescio
1198 3490 1275 3574 quid
1289 3489 1406 3555 habeat
1420 3489 1583 3573 responsi:

486 3598 630 3664 Crudelis
653 3603 752 3663 mara
773 3598 889 3680 magis,
912 3618 956 3661 aa
973 3618 1055 3678 puer
1077 3596 1236 3679 improbus
1258 3597 1334 3661 ille?

483 3706 648 3787 Improbus
669 3705 724 3769 illc
740 3726 834 3785 puer,
858 3704 991 3769 crudelis
1014 3709 1047 3768 tu
1069 3724 1186 3786 quoquc
1208 3710 1314 3769 muter.

437 3812 616 3877 Ribbeckio
646 3832 783 3896 sponsor
810 3833 875 3875 non
904 3810 1015 3874 defuit.
1052 3810 1254 3897 Ladewigius
1278 3812 1373 3892 enim,
1402 3810 1480 3874 olim
1502 3808 1583 3873 Her·

349 3920 457 3983 manni
481 3921 610 4003 assecla,
633 3941 660 3982 a.
687 3918 772 3982 1866
797 3919 913 3983 iterum
936 3918 1112 4004 recognitis
1131 3916 1268 4004 Vergilii
1290 3917 1486 3982 carminibus
1505 3915 1581 3979 Rib-
1596 3940 1622 3979 ao

348 4025 455 4089 beckii
469 4026 660 4109 scripturam
675 4048 788 4109 puram
807 4029 919 4108 putam
933 4024 1175 4109 exprimendam
1190 4025 1323 4107 curavit,
1338 4028 1370 4089 et
1383 4022 1583 4088 Ribbeckius

348 4134 487 4198 laetatus
515 4137 565 4196 est
592 4128 687 4216 (prol.
710 4155 741 4216 p.
762 4130 842 4219 363)
871 4154 904 4196 se
927 4132 1057 4197 tandem
1085 4131 1266 4216 Ladewico,
1293 4136 1330 4195 ut
1361 4130 1486 4213 scribit,
1513 4150 1583 4212 per·

350 4240 496 4304 suasisse.

439 4345 582 4410 Fuerunt
614 4346 710 4410 etiam
738 4343 877 4432 Vergilii
910 4345 1049 4410 editores
1082 4346 1138 4428 qui
1170 4345 1259 4409 illius
1292 4345 1444 4428 strophae
1472 4365 1582 4409 versus

350 4458 504 4537 quattuor
531 4452 700 4517 defendere
727 4458 928 4537 conarentur,
958 4452 1014 4516 sed
1037 4453 1061 4515 ii
1085 4473 1157 4517 cum
1181 4452 1366 4517 criticorum
1390 4450 1583 4515 offensiones

350 4562 417 4626 sive
436 4564 559 4625 mutata
578 4582 728 4624 versuum
747 4559 1018 4644 stropharumque
1037 4559 1119 4623 serie
1138 4560 1204 4623 sive
1220 4560 1377 4623 intentius
1392 4556 1582 4642 explicando

350 4668 463 4733 tollere
487 4667 661 4751 studerent,
688 4671 802 4752 poetae
833 4669 906 4751 plus
930 4666 1038 4732 damni
1062 4687 1158 4749 quam
1183 4666 1295 4730 salutis
1319 4665 1466 4730 attulisse
1488 4665 1582 4729 nobis

351 4774 508 4838 videntur.
545 4771 645 4839 Velut
668 4774 755 4839 hunc
778 4773 922 4839 ordinem
946 4797 964 4837 a
984 4772 1017 4838 0.
1037 4770 1200 4857 Schapero
1224 4773 1392 4836 inventum
1415 4794 1452 4837 ac
1474 4771 1582 4837 nescio

349 4902 407 4966 per
431 4885 512 4964 quot
534 4880 691 4946 editiones
714 4884 929 4967 propagatum
