3967 5725
378 1487 449 1560 XL.
478 1486 650 1559 INDEX
678 1486 996 1561 LECTIONUM
1023 1489 1393 1563 HIBERNARUM
1421 1488 1583 1565 1894l95.

327 1646 346 1701 3
373 1672 376 1689 ³
422 1660 426 1665 ’
454 1645 497 1709 Μ.
522 1643 633 1710 Cicero
665 1648 703 1709 ut
734 1644 921 1710 hominibus
950 1649 1146 1733 cognitionis
1172 1647 1381 1734 cupiditatem
1408 1653 1524 1715 natura
1549 1652 1596 1715 in·

362 1756 546 1839 generatam
578 1774 648 1817 esse
679 1752 797 1836 probet
827 1753 908 1817 hcec
940 1754 1054 1819 scribit
1084 1756 1119 1818 in
1147 1756 1262 1839 quinto
1289 1756 1329 1819 de
1356 1756 1475 1821 finibus
1503 1778 1529 1822 c.
1555 1755 1596 1821 18

363 1862 486 1925 Tantus
508 1866 552 1925 ast
573 1862 672 1943 iqitur
693 1862 824 1925 innatus
845 1862 882 1924 in
901 1861 995 1925 'nabis
1016 1864 1201 1943 coquitianis
1222 1884 1313 1927 amar
1334 1870 1364 1928 et
1384 1865 1539 1942 scientiae,
1562 1870 1598 1928 ut

362 1988 450 2032 nemo
473 1967 617 2031 dubitasse
633 1969 747 2048 possit,
772 1970 849 2049 quin
873 1968 918 2031 ad
939 1988 992 2033 eas
1013 1989 1064 2033 res
1084 1969 1248 2033 hominum
1269 1976 1387 2035 natura
1409 1972 1496 2036 nulla
1518 1992 1598 2036 enea-

362 2075 496 2140 lumento
514 2076 651 2139 incitata
667 2076 823 2156 rapiatur.
861 2075 1049 2158 Videmusne
1066 2082 1101 2139 ut
1111 2078 1208 2157 pueri
1224 2097 1264 2140 ne
1280 2078 1455 2143 calescas
1471 2080 1602 2161 quidem·

362 2204 384 2245 a
406 2182 652 2263 contemplandis
673 2182 764 2247 retus
779 2184 1060 2264 perquirendisque
1081 2184 1306 2264 deterreantur,
1333 2190 1369 2248 ut
1383 2185 1474 2267 pulsi
1495 2199 1598 2251 recur-'

360 2297 448 2369 rant,
475 2296 511 2355 ut
533 2290 658 2371 aliqmd
678 2292 758 2355 scire
779 2311 811 2355 se
831 2291 1003 2373 qaudeant,
1025 2290 1120 2354 ut‘id
1141 2290 1217 2355 aliis
1239 2312 1374 2356 narrare
1393 2294 1541 2376 qestiaut,
1563 2299 1599 2358 ut

355 2418 484 2479 pompa,
507 2398 593 2463 ludis
611 2404 702 2478 atque
719 2398 873 2462 eiusmodi
889 2397 1072 2478 spectaculis
1089 2403 1252 2462 teneantm
1268 2399 1305 2463 ab
1323 2420 1450 2480 eamque
1467 2421 1533 2464 rem
1550 2401 1598 2465 rel

359 2506 477 2585 famem
510 2510 538 2568 et
566 2506 653 2569 sitim
675 2504 862 2586 perferant?
904 2504 990 2585 Quid
1014 2525 1085 2569 aera
1112 2507 1168 2586 qni
1194 2507 1339 2588 inqenuis
1365 2507 1480 2572 studiis
1506 2514 1639 2589 atquem

362 2612 495 2677 animi.
509 2612 710 2690 delectantur,
738 2632 841 2677 nonne
867 2612 1009 2676 uidemus
1035 2632 1085 2677 aas
1111 2633 1168 2677 nee
1192 2612 1382 2679 calandinis
1403 2635 1458 2678 nee
1479 2616 1526 2678 rei
1545 2616 1598 2696 fa·

361 2719 500 2784 miliaris
522 2719 633 2783 habere
654 2720 808 2783 rationem
827 2720 993 2801 omniaque
1004 2722 1127 2801 perpeti
1146 2722 1217 2801 ipsa
1234 2721 1406 2802 eaqnitiane
1422 2727 1451 2785 et
1467 2723 1598 2786 scientia

361 2832 465 2908 captas
487 2832 515 2892 et
537 2846 606 2891 cum
629 2827 781 2891 maximis
802 2828 886 2892 curis
909 2832 938 2891 et
959 2826 1116 2893 labanius
1138 2848 1333 2908 compensare
1355 2849 1424 2893 eam
1446 2849 1542 2910 quam
1560 2848 1598 2894 ea

361 2935 505 2999 discendo
541 2935 671 3015 capiant
701 2933 913 3015 voluptatem?
955 2934 1045 2998 Multi
1076 2935 1201 3015 quidem
1232 2935 1389 3000 Homerus
1419 2937 1599 3001 huiusmodi

360 3042 513 3122 quiddam
540 3041 656 3106 cidisse
681 3041 804 3105 uidetur
831 3043 868 3104 in
895 3043 938 3106 iis
964 3063 1044 3123 quae
1067 3042 1104 3107 de
1128 3041 1274 3106 Sirenum
1297 3045 1439 3108 cantibus
1460 3045 1596 3126 finxerit.

360 3148 468 3228 Neque
485 3151 567 3212 enim
586 3167 693 3212 cocum
711 3151 865 3214 suauitate
877 3150 1024 3213 ridentur
1037 3155 1093 3213 aut
1105 3151 1240 3213 navitate
1253 3151 1391 3230 quadam
1405 3157 1434 3215 et
1446 3153 1596 3216 uarietate

360 3256 513 3320 cantandi
534 3275 676 3320 revocare
697 3276 746 3320 eos
768 3255 877 3320 solitae
898 3258 953 3337 qui
969 3257 1295 3338 praetermliebantur,
1322 3258 1377 3321 sed
1398 3260 1474 3339 quia
1497 3258 1597 3322 multa

359 3381 392 3426 se
413 3363 493 3426 scire
508 3362 745 3445 profitebantur,
768 3368 804 3426 ut
824 3363 963 3428 homines
981 3363 1026 3426 ad
1042 3384 1151 3428 earnm
1169 3384 1251 3428 saxa
1269 3364 1410 3428 dmmndi
1427 3365 1597 3445 cupiditate

360 3471 616 3536 adhaerescerent.
659 3470 713 3535 Ita
741 3473 824 3535 enim
850 3473 989 3536 inuitant
1017 3470 1139 3538 mmm
1168 3467 1258 3555 (nam
1285 3472 1363 3534 uerti
1384 3477 1420 3536 ut
1441 3472 1596 3553 quaedam

359 3577 493 3642 Homeri
514 3580 560 3643 sic
582 3580 677 3643 istum
699 3579 804 3659 ipsum
827 3576 940 3662 locum)
1608 3607 1635 3646 n

499 3685 526 3749 0
548 3686 639 3750 decus
661 3685 856 3766 Arqolicnm,
880 3686 957 3765 quin
973 3687 1110 3766 puppim
1132 3685 1241 3766 tledis
1271 3685 1394 3764 Ulixes,

493 3793 636 3857 Auribus
658 3798 693 3857 ut
715 3797 834 3856 nastros
850 3794 955 3872 possis
978 3813 1141 3874 aquascere
1162 3799 1279 3858 cantus.

493 3900 582 3964 Nam
604 3921 693 3964 nemo
715 3899 790 3963 laec
811 3919 961 3979 umquam
983 3905 1028 3963 est
1049 3905 1238 3964 transuectus
1261 3899 1386 3964 caenda
1409 3920 1514 3982 mrsu,
1559 3927 1562 3932 ·
1587 3932 1590 3936 ·

404 4017 452 4048 *⁵
498 4006 583 4087 Quin
599 4008 695 4088 prius
718 4007 874 4070 adstiterit
895 4026 1003 4071 uacum
1026 4006 1187 4071 dulcedine
1209 4012 1329 4087 eaptus,

494 4113 571 4180 Post
592 4115 694 4179 uariis
716 4115 809 4178 auida
831 4113 966 4178 satiatus
981 4119 1103 4194 perime
1125 4116 1224 4178 rnums
1286 4139 1288 4141 ·

492 4219 622 4286 Doctiar
644 4221 689 4284 ad
704 4223 833 4302 patrias
856 4219 964 4302 lapsus
979 4223 1157 4301 pervenerit
1178 4242 1259 4286 oras.

413 4381 414 4386 ,
496 4329 564 4392 Nos
584 4349 680 4410 qraue
701 4333 854 4392 cutamen
877 4327 948 4393 belli
969 4327 1147 4408 clademque
1169 4333 1305 4392 tenemus
1327 4383 1329 4387 .

496 4435 632 4500 Graecia
654 4456 749 4516 quam
773 4437 888 4500 Troiae
910 4435 1017 4498 diuina
1040 4436 1170 4499 numine
1190 4437 1285 4513 veuit,

497 4541 672 4623 Omniaque
693 4563 709 4607 e
731 4542 806 4607 latis
827 4563 933 4606 rerum
955 4544 1086 4624 vestiqia
1108 4544 1208 4606 terris.
1297 4548 1300 4552 ⁴

363 4649 454 4715 Vidit
476 4649 632 4720 Homaus
652 4649 786 4730 probari
810 4649 955 4731 fabulam
982 4669 1047 4713 nan
1067 4669 1172 4731 posse,
1199 4652 1229 4714 si
1255 4651 1464 4716 cantiunculis
1486 4658 1592 4717 tantus
1607 4678 1633 4716 so

357 4757 407 4820 uir
434 4757 574 4821 uretitus
600 4761 776 4833 mundare
794 4757 956 4820 seientiam
972 4755 1161 4838 pollicentur
1183 4777 1278 4837 quam
1298 4780 1364 4822 nan
1386 4763 1454 4823 erat
1476 4759 1593 4822 mirum

357 4863 532 4944 sapientiae
558 4863 669 4944 cupida
690 4865 803 4944 patria
829 4883 892 4928 esse
914 4865 1074 4927 cariorem.
1111 4863 1215 4944 Atque
1237 4868 1344 4929 omnia
1366 4865 1491 4946 quidem
1513 4866 1593 4928 scire
