3967 5725
619 589 845 640 venemens
863 589 1060 640 onsrmrus
1079 587 1342 640 osroenmusn.
1533 584 1599 650 223

362 773 402 815 eo
419 752 515 816 initio
533 752 695 835 proiectas
713 751 777 815 alio
796 754 894 834 atque
911 749 977 815 alio
997 749 1058 832 die,
1080 748 1158 814 dum
1175 749 1284 835 pergit
1303 747 1394 836 Argo
1412 747 1599 814 inehoetum

363 881 494 923 cursum
511 858 653 942 exsequi,
670 859 893 943 navigantium
910 857 1045 922 heroum
1064 856 1097 920 in
1115 859 1322 940 conspertum
1337 854 1463 921 venisse
1476 855 1599 940 prodit3

363 987 428 1049 quo
451 964 580 1030 facilius
603 965 638 1029 id
660 964 747 1048 quod
768 966 840 1050 agit
857 964 944 1029 effiei
961 965 1115 1050 potuerit,
1137 968 1175 1028 ut
1193 961 1339 1028 Thetidis
1357 983 1465 1028 amore
1484 961 1600 1029 Peleus

362 1072 595 1157 incenderetur,
612 1071 724 1136 Thetis
742 1075 850 1136 autem
868 1070 1014 1136 mortalis
1032 1071 1094 1135 viri
1114 1069 1275 1136 connubia
1287 1091 1353 1136 non
1367 1075 1599 1154 aspernaretur.

362 1177 477 1263 Itaque
506 1201 578 1243 eum
607 1183 705 1263 poeta
731 1179 868 1244 dueente
894 1178 958 1244 hoe
984 1178 1078 1242 nobis
1106 1179 1214 1243 animo
1245 1175 1469 1262 informemus,
1502 1175 1598 1243 Nerei

362 1287 446 1350 filias
468 1308 509 1350 ex
532 1309 671 1369 aequore
695 1283 894 1372 emergentes
916 1308 1018 1350 unum
1040 1289 1139 1370 atque
1161 1285 1298 1350 alterum
1317 1283 1401 1350 diem
1419 1283 1511 1350 navis
1530 1305 1599 1350 our

364 1415 436 1456 sum
459 1394 725 1459 circumsilientes
748 1394 905 1478 comitari,
928 1393 1102 1480 imaginem
1126 1391 1294 1476 sequimur
1316 1412 1375 1456 nee
1397 1392 1599 1458 invenustam

361 1521 422 1564 nee
456 1498 585 1564 Catullo
618 1500 783 1586 indignam
816 1504 873 1565 eut
903 1505 1072 1585 poeterum
1107 1498 1302 1565 Graecorum
1332 1520 1422 1565 more
1454 1497 1598 1564 alienum.

363 1605 479 1683 Qualia
501 1606 552 1672 rel
576 1607 634 1672 ille
656 1612 734 1672 sunt
756 1608 842 1694 apud
864 1606 1055 1692 Euripidem
1079 1608 1113 1672 in
1137 1607 1235 1673 ohoro
1259 1605 1407 1672 Electrae

523 1715 650 1780 κλειναδ
674 1724 761 1797 νᾶες,
784 1715 822 1779 αἲ
841 1713 921 1779 ποτ’
943 1711 1063 1799 ἔμβατε
1091 1715 1214 1799 Τροίαν
1615 1733 1641 1775 ιο

523 1833 593 1898 τοῖς
616 1820 811 1906 ἀμετρήτοις
833 1820 983 1907 ἐρετμοῖς

522 1926 711 2010 πέμπουσαι
734 1931 856 2014 χοροὺς
878 1931 959 2014 μετὰ
981 1930 1167 2016 Νηρῄδων,

411 2033 478 2098 435
523 2032 567 2099 ἵν’
595 2035 614 2101 δ
638 2037 802 2118 φίλαυλος
825 2039 944 2101 ἔπαλλε
968 2037 1040 2101 δελ-

523 2140 582 2225 φὶς
604 2140 749 2230 πρῴραις
771 2145 1012 2227 κυανεμβόλοις

523 2249 781 2334 εἰειλισσόμενος
804 2253 862 2314 κτλ

363 2352 414 2416 vel
436 2354 516 2420 haee
539 2357 625 2440 apud
648 2354 842 2441 Sophoclem
865 2357 900 2420 in
922 2354 1034 2441 Oedip.
1056 2355 1166 2422 Gelon.
1188 2356 1250 2422 716

294 2462 348 2516 Ἰθ
522 2461 543 2525 ἀ
566 2460 597 2527 δ’
624 2462 803 2547 εὐήρετμος
826 2460 960 2546 ἔκπαγλ’
988 2463 1065 2529 ἁλία
1088 2465 1180 2548 χερσὶ
1203 2461 1440 2548 παραπτομένα
1463 2463 1570 2528 πλάτα

522 2566 685 2654 θρώσκει,
708 2581 776 2635 τῶν
800 2568 1036 2655 ἑκατομπόδων

523 2674 694 2764 Νηρῄδων
717 2677 914 2755 ἀκόλουθος.

363 2777 556 2865 Apollonius
580 2788 687 2849 eutem
710 2783 832 2872 Argon.
851 2803 888 2848 1v
907 2784 982 2869 858,
1006 2806 1088 2869 quae
1111 2786 1239 2850 nuntiat
1262 2784 1374 2850 Thetis
1613 2807 1639 2850 ιο

899 2902 957 2976 τῆς
980 2894 1042 2977 γάρ
1069 2891 1225 2977 ἐφετμαῖς

522 3000 690 3085 πασσυδίῃ
714 3008 833 3085 κοῦραι
857 3001 1025 3085 Νηρηίδες
1049 2998 1228 3064 ἀντιόωσιν

522 3114 586 3189 νῆα
609 3104 653 3171 δι’
682 3104 718 3171 ἐκ
740 3105 877 3192 πέτρας,
900 3106 970 3171 αἵτε
995 3106 1167 3190 Πλαγκταὶ
1190 3106 1379 3189 καλέονται,

523 3212 720 3296 ῥυσόμεναι,

363 3337 400 3379 ea
422 3337 496 3381 oum
519 3322 633 3402 postea
656 3317 745 3405 (inde
768 3344 787 3385 a
810 3344 838 3384 v.
858 3319 939 3408 930)
964 3321 1049 3386 effiei
1072 3325 1196 3404 namet,
1219 3322 1266 3385 ita
1289 3318 1401 3387 scribit

521 3422 608 3491 ένθά
630 3441 715 3510 σφιν
738 3436 857 3512 κοῦραι
883 3429 1050 3512 Νηρηίδες
1073 3429 1222 3494 ἄλλοθεν
1245 3430 1342 3494 ἀλλαι
1396 3472 1400 3485 ·

523 3533 659 3615 ἤντεον,

361 3633 578 3721 Nereidesque
602 3639 687 3704 sieut
709 3639 878 3725 delphines
901 3641 976 3705 nari
1000 3662 1034 3706 se
1058 3640 1348 3707 circumfundentes
1371 3641 1463 3724 feeit,

410 3741 474 3807 937
522 3744 566 3821 ὣς
589 3748 625 3810 αἳ
646 3746 941 3832 ὑπεκπροθέουσαι
964 3746 1137 3833 ἐπήτριμοι
1161 3748 1347 3814 εἱλίσσοντο

519 3849 644 3940 Ἀργῴῃ
666 3852 743 3940 περὶ
766 3858 837 3939 νηί,
863 3853 960 3931 Θέτις
982 3853 1013 3919 δ’
1042 3861 1142 3921 ίθυνε
1165 3853 1371 3941 willendorff)
1612 3878 1637 3921 so

363 3954 518 4021 Similiter
535 3957 704 4025 Phoebum
723 3982 796 4027 eum
815 3961 887 4046 lyra
903 3983 1019 4027 navem
1038 3984 1057 4026 e
1072 3960 1266 4027 Colchorum
1281 3962 1416 4028 terrain
1431 3959 1598 4029 Greeeiem

361 4062 547 4129 redeuntem
571 4066 800 4132 comitaturum
824 4068 903 4134 dicit
925 4068 1043 4134 ohorus
1064 4069 1098 4133 in
1116 4067 1287 4156 Iphigenia
1306 4067 1443 4134 Teuriee
1460 4091 1490 4133 v.
1512 4067 1596 4134 1128
1685 4098 1688 4107 Α

709 4172 728 4238 ὁ
754 4177 878 4258 Φοῖβός
901 4174 943 4240 θ’
965 4175 983 4241 ὁ
1007 4177 1123 4261 μάντις
1146 4172 1231 4260 έχων

709 4280 851 4347 κέλαδον
874 4280 1056 4348 ἑπτατόνου
1080 4283 1184 4367 λύρας

709 4386 831 4453 ἀείδων
854 4386 922 4467 ἀξει
946 4391 1090 4474 λιπαρὰν

709 4489 747 4559 εὖ
770 4493 800 4559 σ
822 4493 1009 4580 Ἀθηναίων
1032 4494 1085 4562 ε’πί
1109 4506 1185 4581 γᾶν,

450 4668 517 4739 *30)
537 4668 624 4740 [Addi
642 4672 774 4739 poterant
787 4670 927 4741 Propertii
946 4688 1041 4726 versus
1060 4673 1080 4741 (1
1097 4677 1138 4739 17,
1153 4674 1197 4742 2ο)
1212 4679 1241 4727 at
1255 4690 1302 4729 υοε
1315 4690 1462 4743 aequoreae
1475 4676 1597 4743 formosa

361 4756 468 4812 Doride
485 4766 577 4826 uotae,
595 4760 717 4814 condida
735 4759 810 4826 fellei
827 4762 922 4816 soluite
939 4762 1000 4815 vela
1018 4761 1106 4829 ολωο,
1125 4778 1195 4830 quos
1209 4761 1405 4817 Rothrteinius
1423 4763 1453 4817 in
1472 4763 1596 4819 editione

362 4847 454 4916 (1898)
472 4845 502 4899 in
521 4846 642 4903 similem
660 4850 772 4903 nostrae
792 4849 963 4905 sententiam
981 4852 1011 4903 et
1030 4850 1131 4905 iisdem
1150 4866 1240 4920 peene
1259 4850 1394 4921 exemplis
1411 4851 1594 4923 expleuerit]
