3967 5725
411 597 478 661 272
613 600 724 650 XLVII.
743 599 858 649 INDEX
875 599 1090 650 LECTIONUM
1108 599 1340 650 AESTIVARUM
1358 601 1436 650 1898.

503 764 564 825 NI.
578 764 629 837 τίς
647 756 710 825 οὖν
723 758 844 841 γένοιτ’
862 760 920 845 άν,
944 764 1015 824 ΔΗ.
1031 759 1105 842 λέγε
1120 761 1170 824 σύ.
1194 763 1257 824 NI.
1272 763 1314 824 σὺ
1328 755 1390 840 μὲν
1404 755 1467 824 οὖν
1481 783 1537 843 μοι
1552 758 1642 842 λέγε,

413 868 456 932 14
582 867 705 949 ἵναμὴ
727 867 888 951 μάχωμαι.
912 871 989 932 ΔΗ.
1012 869 1057 951 μά
1080 868 1140 933 τὸν
1158 865 1306 932 Ἀπόλλω
1325 862 1385 948 ’γὼ
1409 867 1470 950 μὲν
1493 867 1543 931 οὔ.

413 975 454 1039 16
499 977 562 1038 NJ.
576 985 647 1050 πῶς
669 972 712 1039 ἂν
735 974 778 1037 σά
801 997 859 1057 μοι
882 973 1007 1053 λέξειας
1030 971 1091 1056 ἁμὲ
1114 975 1175 1059 χρὴ
1200 973 1322 1057 λέγειν;

413 1081 455 1146 15
482 1085 560 1146 ΔΗ.
574 1078 647 1146 ἄλλ’
674 1076 744 1145 εἰπέ
767 1086 924 1164 θαρρῶν,
946 1074 1017 1146 εἶτα
1038 1081 1134 1163 αιἰγὼ-
1153 1079 1206 1145 σοὶ
1231 1081 1358 1166 φράσω.

413 1188 453 1253 17
501 1192 564 1252 NI.
578 1184 650 1252 ἀλλ’
678 1187 741 1252 οὐκ
763 1183 816 1252 ἔνι
838 1211 895 1271 μοι
917 1189 956 1252 τὸ
978 1187 1107 1274 θρέττε.

410 1294 461 1361 De
488 1295 540 1360 his
563 1293 710 1359 versibus
733 1292 938 1358 Hermannus
963 1292 1124 1379 Sauppius
1148 1295 1225 1358 olim
1249 1294 1427 1379 disputavit
1449 1295 1483 1358 in
1507 1294 1645 1378 epistole

411 1403 523 1468 eritiee
546 1403 587 1465 ed
610 1400 826 1466 Godosredum
852 1398 1073 1466 Hermsnnum
1097 1401 1185 1485 deta3
1209 1423 1290 1485 quae
1313 1422 1399 1465 nune
1421 1401 1486 1487 legi
1508 1405 1646 1485 possunt

411 1510 447 1573 in
479 1510 708 1594 opusculorum
737 1505 996 1592 Seuppianorum
1027 1529 1160 1592 eorpore
1190 1507 1328 1573 Oonredi
1355 1506 1499 1572 Trieheri
1526 1507 1646 1592 pietate

413 1615 543 1681 condito
568 1619 600 1680 et
622 1605 858 1699 composito'p.
881 1614 951 1679 152.
989 1615 1034 1679 Et
1057 1614 1200 1680 ordinem
1225 1615 1354 1699 quidem
1378 1635 1527 1679 versuum
1549 1615 1590 1679 16
1614 1618 1647 1679 et

374 1751 401 1793 ιι
416 1720 458 1785 15
481 1743 500 1784 e
518 1719 662 1805 Sauppio
683 1722 897 1786 constitutum
915 1721 1075 1787 Zseherus
1093 1723 1235 1801 retinuit,
1258 1723 1329 1805 ipsa
1347 1722 1506 1786 sententie
1524 1726 1646 1786 utrum-

413 1849 476 1912 que
498 1828 707 1892 meuifestum
729 1829 876 1912 faciente,
898 1834 965 1895 tem
988 1850 1098 1893 versus
1124 1830 1165 1893 15
1189 1833 1222 1894 et
1247 1830 1286 1893 17

587 1932 660 2001 ἄλλ’
686 1933 920 2020 eisthetensis

588 2041 660 2107 ἀλλ’
688 2043 750 2108 οὐκ
772 2039 822 2107 ένι
846 2066 903 2127 μοι
926 2044 964 2108 τὸ
988 2042 1106 2128 θρέττε

413 2171 447 2215 se
472 2149 563 2214 nullo
587 2150 756 2214 intervallo
779 2151 958 2233 excepisse,
985 2171 1083 2232 quem
1105 2171 1134 2214 v.
1156 2150 1196 2214 16
1220 2160 1290 2226 πῶς
1312 2149 1354 2214 ev
1378 2150 1420 2214 σά
1443 2174 1501 2235 μοι
1524 2148 1650 2228 λέξειας

413 2255 555 2320 medium
574 2257 658 2321 inter
676 2256 751 2322 illos
769 2257 876 2321 locum
894 2255 1013 2321 hebere
1026 2277 1092 2321 non
1106 2257 1263 2342 potuisse3
1282 2260 1315 2320 et
1328 2256 1415 2321 huno
1429 2257 1649 2341 superioribus

413 2362 542 2427 sdneoti
564 2366 678 2447 postea
701 2363 876 2428 docebitur.
913 2361 953 2442 ln
976 2365 1091 2428 ceteris
1114 2385 1190 2428 vero
1209 2362 1369 2428 Zeoherue
1388 2386 1408 2428 a
1426 2361 1560 2447 Seuppii
1580 2386 1650 2428 een-

414 2472 517 2534 tentie
539 2469 669 2554 longius
692 2470 854 2553 disoemit,
881 2469 1014 2556 Bergkii
1037 2469 1206 2562 Beeriique
1228 2471 1409 2535 rationibus
1431 2471 1591 2554 probetis,
1615 2473 1650 2536 in

416 2575 533 2660 quihus
561 2580 638 2641 sunt
665 2598 747 2659 quae
774 2577 868 2640 nobis
896 2577 988 2642 valde
1016 2576 1244 2662 improbabilia
1266 2577 1429 2662 videntur,
1456 2577 1547 2642 velut
1569 2576 1651 2641 illud

415 2683 570 2767 primum,
594 2683 682 2766 quod
704 2681 924 2768 Demostheni,
951 2687 1043 2750 euius
1066 2706 1107 2749 ne
1130 2685 1164 2748 in
1187 2685 1278 2750 tibris
1302 2665 1431 2768 quidem
1454 2689 1543 2768 sunt,
1570 2684 1651 2751 hseo

374 2821 403 2866 ,ο
416 2788 455 2852 de
478 2810 572 2852 versu
593 2790 635 2854 14
657 2792 703 2873 μὰ
720 2790 780 2853 τὸν
800 2787 947 2855 Ἀτιόλλο
963 2788 1024 2875 ’γὼ
1043 2786 1105 2874 μέν
1123 2789 1202 2878 off)
1222 2789 1456 2876 adscribuntur,
1481 2813 1562 2877 quae
1580 2815 1651 2857 eam

417 2897 483 2961 vim
508 2896 687 2982 denegandi
709 2896 843 2983 hebent,
870 2903 908 2963 ut
930 2899 985 2963 vix
1009 2904 1082 2987 spte
1105 2900 1140 2963 in
1162 2898 1390 2964 Demosthenis
1414 2903 1562 2964 naturum
1586 2901 1652 2964 aui-

412 3004 588 3075 ·mosiorem
611 3004 768 3088 qusdrere
787 3005 888 3092 dioss3
910 3028 976 3070 non
994 3008 1103 3071 minus
1122 3006 1186 3072 hoe
1204 3006 1349 3091 sitorum,
1369 3006 1456 3091 quod
1475 3028 1557 3090 quse
1576 3011 1653 3071 sunt

414 3110 453 3181 in
479 3132 574 3175 versu
600 3111 640 3174 13
655 3134 702 3196 sq.
731 3114 773 3177 σὺ
800 3112 863 3193 μὲν
890 3109 953 3179 οὖν
980 3128 1037 3196 μοι
1066 3113 1153 3196 λέγε,
1181 3113 1237 3177 ἵνα
1265 3114 1308 3196 μὴ
1336 3114 1502 3197 μάχωμαι,
1534 3112 1652 3197 quibus

416 3216 530 3289 Niciae
552 3239 670 3283 nomen
691 3220 875 3305 praefigunt
891 3222 970 3285 item
988 3223 1116 3303 praeter
1133 3218 1283 3307 libros*)‚
1305 3221 1341 3284 in
1358 3220 1455 3284 unius
1475 3220 1652 3285 sententiae

415 3326 575 3390 ambitum
599 3328 684 3391 coire
706 3327 830 3391 volunt.
868 3326 930 3403 Qui
954 3326 1053 3410 enim,
1081 3328 1169 3410 quod
1192 3327 1298 3391 iussus
1322 3331 1371 3391 est
1393 3327 1477 3411 ipse,
1500 3326 1574 3410 λέγε
1599 3327 1652 3410 σύ,

507 3500 571 3570 ’00)
590 3499 631 3554 cf.
648 3508 715 3556 1041
734 3499 814 3556 ταῦτ’
836 3498 914 3557 οἷσθ’
936 3498 951 3556 6
969 3522 996 3555 τι
1015 3500 1098 3571 λέγει;
1118 3506 1214 3556 ΔΗΜ,
1234 3501 1273 3571 μὰ
1287 3498 1337 3557 τὸν
1350 3498 1466 3556 Ἀπόλλω
1478 3498 1530 3571 ’γὼ
1544 3502 1595 3572 μέν
1610 3501 1652 3569 ot,

418 3591 449 3643 et
471 3590 512 3643 eie
536 3590 662 3659 saepius,
683 3608 839 3659 numquam
857 3592 918 3645 eine
936 3590 976 3657 vi,
1001 3590 1078 3645 velut
1096 3590 1146 3645 Av.
1166 3595 1227 3644 439.
1247 3590 1391 3645 1631111.
1412 3597 1453 3644 16.
1473 3590 1593 3645 hohern.
1610 3597 1652 3647 00.

418 3677 530 3732 Thesm.
546 3684 598 3733 269
617 3679 656 3749 μὰ
674 3677 724 3735 τὸν
739 3677 856 3735 Ἀπόλλω
876 3682 927 3734 οὐκ
947 3679 982 3747 ἥν
1001 3698 1031 3748 γε
1051 3680 1087 3748 μὴ
1107 3678 1217 3750 ὀμόσῃς.

508 3768 572 3838 ’24)
591 3768 654 3823 Non
673 3769 766 3824 hercle
785 3769 906 3823 multum
924 3770 953 3822 in
972 3769 1026 3823 heo
1044 3786 1074 3822 re
1093 3768 1229 3823 librorum
1248 3769 1412 3823 auctoritati
1426 3769 1585 3837 tribuimus,
1605 3770 1655 3839 qui

418 3873 505 3927 saepe
523 3858 598 3912 inter
616 3874 646 3913 se
660 3858 810 3913 diseedunt
824 3860 853 3912 et
866 3860 963 3926 operte
976 3857 1051 3911 feles
1065 3857 1156 3911 multu
1170 3857 1312 3925 exhibent,
1327 3858 1377 3913 sed
1391 3861 1487 3913 temen
1502 3859 1526 3913 si
1540 3859 1654 3928 quondo

420 3963 485 4003 vere
503 3947 629 4017 trudunt,
649 3964 683 4002 eu
698 3949 773 4001 ultro
789 3946 936 4016 depravari
950 3946 1096 4001 laudabile
1108 3964 1164 4001 non
1180 3950 1229 4001 eet.
1262 3948 1301 4000 At
1313 3947 1480 4017 plerumque
1492 3951 1579 4017 poete
1592 3948 1655 4017 ipss

420 4037 491 4089 setis
510 4037 642 4105 providit,
660 4040 694 4091 ut
713 4036 832 4091 oonsilio
846 4052 898 4090 eus
911 4039 987 4090 reete
1002 4039 1227 4107 ugnoeoerentur,
1247 4036 1331 4091 modo
1345 4036 1511 4106 interpretes
1526 4037 1655 4107 sesequi

420 4125 533 4180 vellent.
562 4125 649 4179 Velut
660 4144 685 4179 v.
698 4131 758 4191 146,
772 4128 805 4179 ut
818 4125 872 4180 hoe
885 4127 1006 4193 utemur,
1021 4142 1071 4179 nos
1085 4143 1141 4180 non
1157 4125 1319 4180 dubitemus
1333 4126 1402 4194 quin
1411 4126 1461 4179 uni
1473 4125 1655 4181 Demostheni

422 4213 610 4269 edseribends
629 4214 687 4268 sint

680 4306 802 4372 ζητῶμεν
820 4304 915 4359 αὐτόν.
944 4300 1006 4357 ἀλλ’
1028 4304 1073 4359 sei
1091 4303 1273 4375 προσέρχεται

672 4390 764 4460 ὥσπερ
785 4393 856 4447 κατὰ
875 4394 945 4448 θεὸν
964 4393 1004 4457 εἰς
1023 4392 1140 4463 άγοράν.
1169 4388 1190 4447 ὦ
1209 4392 1329 4463 μακάριε
1347 4395 1403 4449 κτλ.

420 4497 496 4549 quse
519 4480 659 4535 Zsoherue
687 4498 751 4534 oum
779 4481 862 4552 vulgo
887 4482 917 4535 in
939 4483 1008 4536 dues
1033 4482 1136 4536 dividit
1157 4498 1305 4552 personas,
1333 4485 1366 4536 ut
1389 4482 1425 4537 ab
1449 4479 1510 4537 ἀλλ’
1536 4480 1583 4539 est
1605 4482 1657 4537 Ni·

424 4568 483 4623 εἰει
510 4584 666 4625 sermonem
694 4570 829 4639 excipiet,
857 4588 922 4625 oum
949 4574 1079 4642 opertum
1105 4571 1142 4625 sit
1165 4570 1381 4626 Demosthenem
1406 4571 1461 4626 eibi
1486 4572 1580 4641 ipsum
1603 4572 1657 4627 hoe

424 4656 559 4713 obiicere:
580 4659 760 4726 ‘quaeremus
783 4676 854 4713 eum.
879 4658 935 4714 Sed
957 4661 1025 4728 quid
1049 4668 1201 4730 quaerere?
1225 4677 1259 4715 en
1282 4661 1344 4729 ipse
1365 4660 1475 4715 secedit
1498 4660 1655 4715 divinitus’

423 4742 464 4799 (3¹⁴.
484 4744 554 4799 Rau.
576 4751 645 4801 1004
668 4747 806 4817 ἐνεγκάτω
830 4768 871 4811 τις
888 4748 920 4802 τὸ
939 4749 1041 4816 λύριον,
1061 4747 1154 4805 καίτοι
1172 4748 1199 4803 τί
1218 4754 1262 4805 δεῖ
1280 4749 1366 4817 λύρας
1384 4750 1561 4816 trivettum
1581 4749 1656 4805 Eool.

424 4838 527 4903 seseq.
542 4834 617 4889 Vols.
