3967 5725
566 615 617 664 DE
635 613 810 665 VERSIBUS
829 612 1040 664 NONNULLIS
1058 611 1206 664 Pncuvn
1223 611 1379 665 TRAGICI.
1527 610 1594 676 489

495 774 557 860 μὲν
579 787 650 851 τοῖς
673 774 798 850 δειλοῖς
819 771 885 858 ἔχει
909 774 953 857 μὴ
975 775 1060 859 πρὸς
1082 775 1142 839 τὸν
1165 775 1352 858 μαχόμενον
1376 772 1473 858 ἰέναι,
1496 776 1541 850 ὥς
1563 798 1597 839 τι

497 892 565 946 τῶν
588 882 733 947 δεόντων
757 881 908 965 δρῶντας
930 880 1012 946 ὅταν
1033 877 1110 966 περὶ
1133 880 1194 945 τὸν
1212 885 1379 946 τεθνεῶτα
1397 882 1596 964 κυπτάζωσι,

494 989 603 1055 πολλὰ
626 985 664 1054 δὲ
686 989 750 1072 ἤδη
774 988 980 1074 στρατόπεδα
1004 988 1060 1052 διὰ
1082 989 1143 1071 τὴν
1162 989 1321 1071 τοιαύτην
1339 988 1493 1074 ἁρπαγὴν
1512 988 1598 1054 ἀπό·

496 1101 584 1174 λετο;
613 1093 680 1160 Καὶ
708 1096 804 1176 μάλα.
838 1093 1077 1179 Ἀνελεύθερον
1104 1091 1142 1160 δὲ
1169 1095 1210 1160 ού
1240 1096 1332 1161 δοκεῖ
1358 1096 1414 1160 καί
1437 1099 1597 1181 φιλοχρη-

495 1227 601 1287 ματον
624 1203 744 1289 νεκρὸν
767 1205 886 1287 συλᾷν,
915 1200 980 1267 καί
1008 1205 1240 1286 γυναικείας
1268 1225 1309 1268 τε
1337 1200 1402 1268 καλ
1430 1212 1597 1288 σμικρᾶς

497 1310 679 1385 διανοίας
710 1309 752 1374 τὸ
782 1306 977 1390 πολέμιον
1013 1309 1191 1391 νομίζειν
1226 1310 1268 1374 τὸ
1301 1321 1407 1392 σῶμα
1440 1319 1510 1374 τοῦ
1540 1332 1597 1374 τε·

496 1422 672 1491 θνεῶτος
691 1414 970 1499 ἀποπταμένου
989 1424 1060 1482 τοῦ
1078 1414 1241 1502 ἐχθροῦ,
1262 1419 1494 1493 λελοιπότος
1512 1409 1596 1504 ete

496 1521 690 1607 έπολέμει;
731 1521 752 1606 ἢ
791 1528 868 1588 οίει
904 1546 940 1587 τι
977 1522 1175 1609 διάφορον
1212 1524 1312 1611 δρᾷν
1348 1526 1441 1601 τοὺς
1477 1533 1596 1589 τοῦτο

495 1639 714 1705 ποιοῦντας
754 1640 831 1694 τῶν
871 1641 1020 1713 κυνῶν,
1062 1632 1102 1694 αἳ
1142 1637 1225 1708 τοῖς
1271 1634 1403 1708 λίθοις
1449 1622 1509 1708 οἷς
1550 1628 1598 1694 ἀν

495 1739 676 1820 βληθῶσι
704 1738 995 1820 χαλεπαίνουσι
1022 1745 1092 1802 τοῦ
1119 1739 1314 1820 βαλόντος
1338 1737 1408 1823 οὐχ
1431 1737 1637 1819 burdine-1⁰

497 1867 576 1922 ναι;
601 1838 690 1908 Οὐδὲ
710 1845 862 1927 σμικρόν,
884 1839 959 1927 ἔφη.
992 1840 1128 1908 Ἐατέον
1146 1845 1210 1928 ἀρα
1228 1845 1287 1920 τὰς
1305 1845 1523 1929 νεκροσυλίας
1541 1845 1595 1909 καί

496 1950 556 2027 τὰς
578 1961 646 2014 τῶν
668 1948 873 2034 ἀναιρέσεων
896 1949 1122 2027 διακωλύσεις.
1185 1979 1186 1984 ’

361 2057 547 2141 Eorumque
570 2079 694 2121 summa
717 2079 736 2120 a
758 2056 864 2122 verbis
888 2055 1125 2141 Ἀνελεύθερον
1152 2057 1193 2121 ad
1219 2058 1435 2134 διακωλύσεις
1457 2057 1596 2123 Ioannes

362 2163 519 2230 Stobaeus
543 2165 577 2228 in
600 2163 796 2250 flotilegium
815 2165 937 2248 reeepit
955 2165 1005 2228 tit.
1022 2163 1095 2248 125,
1118 2164 1170 2229 cui
1189 2164 1381 2250 inscriptum
1400 2168 1450 2230 est
1463 2163 1534 2230 Ὅτι
1554 2165 1596 2230 οὐ

360 2273 423 2356 χρὴ
441 2283 616 2357 παροινεῖν
635 2272 681 2348 εἰς
700 2273 779 2348 τοῦς
797 2275 1067 2355 τετελευτηκότας
1086 2269 1197 2358 (Mein.
1212 2289 1249 2336 1v
1263 2295 1292 2356 p.
1310 2269 1465 2360 138,16).
1487 2271 1595 2357 Ipsam

360 2379 533 2465 imaginem
551 2377 751 2443 Platonieam
775 2400 842 2444 non
860 2378 972 2443 omisit
989 2376 1183 2444 Aristoteles
1206 2378 1253 2443 ibi
1273 2377 1331 2444 ubi
1349 2378 1412 2443 hoe
1423 2382 1531 2465 'genus
1551 2381 1597 2444 εί-

360 2487 471 2551 κόνων
493 2485 641 2569 pluribus
665 2484 821 2569 exemplis
844 2484 1032 2570 explanavit
1054 2484 1151 2570 (rhet.
1166 2486 1242 2550 1114
1264 2509 1295 2571 p.
1313 2483 1509 2573 1406b32):

494 2590 550 2657 καὶ
573 2592 611 2656 τὸ
635 2591 672 2658 ἐν
695 2601 734 2678 τῇ
753 2593 903 2679 πολιτείᾳ
920 2601 960 2678 τῇ
979 2591 1174 2675 Πλάτωνος,
1193 2592 1244 2659 ὅτι
1263 2594 1298 2658 οί
1314 2595 1393 2670 τοὺς
1411 2598 1597 2669 τεθνεῶτας

496 2699 714 2774 σκυλεύοντες
736 2696 864 2764 ἐοίκασι
892 2711 962 2777 τοῖς
985 2700 1165 2784 κυνιδίοις,
1194 2699 1214 2764 ἃ
1237 2702 1316 2777 τοὺς
1338 2702 1458 2777 λίθους
1482 2700 1596 2765 δύκνει

496 2813 558 2872 τοῦ
580 2805 765 2890 βάλλοντος
788 2805 849 2891 οὐχ
873 2805 1050 2892 ἁπτόμενα.
1117 2833 1118 2840 “
1309 2813 1310 2819 ’

361 2912 508 2997 Denique
522 2914 586 2977 hue
598 2914 762 2998 pertinent
776 2935 860 2997 quae
873 2914 960 2999 apud
967 2912 1101 2979 Suidam
1114 2913 1268 3001 leguntur
1277 2912 1343 3002 (112
1351 2938 1382 3000 p.
1388 2914 1453 2980 238
1463 2912 1596 3000 Bernh.)

494 3020 675 3104 περιχαίνοο
694 3021 868 3106 αἰτιατικῇ,
888 3011 962 3086 οἷόν
979 3044 1012 3085 τι
1030 3029 1188 3087 ποιοῦσιν
1207 3022 1242 3086 οί
1262 3022 1361 3098 κύνες
1378 3023 1458 3097 τοὺς
1476 3026 1596 3099 λίθους

495 3118 546 3204 οἷς
568 3126 748 3210 βάλλονται
772 3131 1029 3211 περιχαίνοντες.

362 3233 410 3298 De
433 3234 532 3299 verbo
555 3237 770 3320 περιχαίνειν,
795 3234 883 3317 quod
902 3231 1032 3298 Platoni
1050 3234 1283 3299 restituendum
1303 3238 1419 3318 censet,
1442 3234 1504 3299 hoe
1528 3236 1596 3318 qui·

362 3341 434 3405 dem
457 3362 564 3427 prave,
588 3341 712 3407 erudite
739 3340 807 3427 egit
833 3337 993 3405 Iohannes
1022 3339 1167 3424 Toupius
1193 3340 1228 3404 in
1256 3339 1534 3406 emendationibus
1561 3340 1596 3404 in

363 3446 449 3513 Suid.
472 3470 503 3532 p.
523 3465 563 3512 111
586 3445 709 3532 (opuse.
734 3447 803 3511 erit.
830 3469 862 3531 p.
881 3444 977 3532 349),
1006 3447 1096 3511 euius
1121 3445 1300 3511 doetrinam
1323 3469 1383 3513 nee
1404 3446 1499 3512 Plato
1523 3469 1595 3512 eum

363 3552 501 3619 Stobaeo
519 3575 625 3638 neque
642 3553 835 3619 Aiistoteles
855 3574 914 3618 nee
932 3553 1070 3637 denique
1084 3552 1217 3618 Pacuvii
1236 3574 1345 3619 versus
1364 3554 1526 3640 fugerunt.
1549 3554 1597 3619 Ut

361 3661 444 3726 nihil
466 3661 562 3726 nobis
581 3662 722 3746 supersit
740 3660 826 3745 quod
846 3660 1047 3745 disputemus
1065 3661 1129 3725 nisi
1146 3659 1210 3725 hoe
1227 3682 1338 3745 unum,
1357 3662 1509 3745 quoniam
1528 3683 1596 3725 ver-

363 3789 417 3832 sus
440 3767 573 3833 Pacuvii
596 3789 636 3832 ex
659 3768 727 3831 eius
750 3789 913 3833 armerum
936 3766 1057 3833 iudieio
1080 3767 1176 3851 petiti
1199 3771 1282 3849 sunt,
1306 3789 1401 3851 quem
1424 3767 1471 3832 ibi
1488 3769 1595 3832 lenum

362 3873 536 3940 habuerint
551 3896 686 3958 quamve
700 3874 901 3939 sententiam.
934 3874 1038 3957 Atqui
1057 3874 1143 3958 quod
1157 3873 1251 3939 Plato
1271 3874 1349 3939 dieit
1369 3878 1401 3939 et
1418 3874 1504 3939 unde
1521 3896 1596 3958 pro·
1609 3894 1636 3936 ee

362 3980 467 4051 fectus
491 3984 541 4046 est
562 3981 740 4047 σκυλεύειν
762 3982 841 4057 τοὺς
858 3978 1155 4069 τελευτήσαντας*)
1178 3980 1231 4047 vel
1249 3982 1371 4067 νεκρὸν
1393 3985 1511 4068 σολᾷν,
1534 3981 1596 4046 hoe

361 4086 425 4153 nisi
448 4088 526 4172 quid
548 4110 609 4153 nos
631 4086 718 4173 fugit
740 4088 780 4152 ab
804 4087 893 4153 illius
920 4087 1107 4174 tragoediae
1134 4088 1245 4153 fabula
1271 4088 1412 4155 alienum
1440 4092 1517 4173 erat,
1540 4088 1596 4152 sed

363 4216 445 4278 quae
468 4194 581 4259 scribit
602 4194 689 4259 idem
708 4207 848 4279 σμικρᾶς
866 4196 1018 4271 διανοίας
1036 4196 1073 4261 τὸ
1093 4194 1254 4280 πολέμιον
1272 4197 1420 4280 νομίζειν
1441 4196 1478 4259 τὸ
1501 4204 1597 4279 σῶμα

363 4310 424 4367 τοῦ
442 4308 627 4377 τεθνεῶτος
645 4300 879 4383 ἀποπταμένου
897 4310 959 4368 τοῦ
973 4300 1111 4388 ἐχθροῦ,
1129 4305 1320 4379 λελοιπότος
1339 4299 1376 4367 δὲ
1394 4293 1420 4389 ᾧ
1435 4299 1596 4384 ἐπολέμει,

363 4408 481 4492 quibus
496 4408 650 4492 ,deinceps
668 4407 850 4493 exemplum
870 4409 909 4473 de
927 4408 1063 4473 canibus
1082 4408 1232 4495 adnectit,
1250 4408 1329 4473 haee
1346 4409 1394 4472 ita
1412 4416 1597 4493 comparata

363 4519 439 4580 sunt
461 4519 499 4579 ut
517 4514 656 4579 similem
673 4516 708 4581 in
727 4516 857 4580 modum
876 4514 991 4580 Ulixes
1009 4515 1154 4599 potuerit
1172 4516 1257 4600 apud
1275 4513 1451 4580 Pacuvium
1470 4513 1595 4581 Atridis

453 4673 519 4742 *81)
538 4671 652 4743 [Aliena
670 4672 797 4740 quamvis
816 4675 938 4741 cognata
956 4674 1001 4726 est
1019 4671 1161 4726 sententia
1179 4671 1268 4741 ipsius
1288 4671 1382 4726 Aiacis
1402 4686 1487 4739 quam
1501 4672 1596 4726 Philo·

363 4763 469 4816 stratus
478 4761 588 4816 Heroie.
602 4779 629 4831 p.
642 4766 703 4827 186,
719 4767 751 4816 19
762 4761 805 4816 ed.
815 4760 890 4830 Lips.
905 4759 993 4816 refert
1006 4757 1139 4830 πολέμιόν
1154 4779 1182 4815 τε
1194 4760 1262 4816 ἑλὼν
1275 4758 1406 4833 ἀπείχετο
1419 4769 1475 4816 τῶν
1490 4759 1595 4817 ὅπλων·

362 4851 395 4906 τὸ
414 4848 465 4921 μὲν
483 4850 537 4922 χδιρ
556 4849 733 4906 ἀποκτείνειν
752 4849 856 4920 ἀνδρὸς
874 4844 962 4918 εἶναι,
980 4849 1012 4905 τό
1032 4848 1064 4905 δὲ
1083 4848 1226 4905 σκυλεύειν
1245 4850 1409 4906 λωποδύτου
1427 4850 1552 4923 μᾶλλον]
