3967 5725
393 629 459 693 342
592 631 624 681 L.
643 629 759 680 INDEX
776 626 991 679 LEGTIONUM
1008 625 1249 676 HIBERNARUM
1269 621 1435 695 tsssjrsoo.

390 795 457 859 sint
477 811 595 858 necesse
615 796 668 870 cst,
690 791 767 873 qaia
789 810 868 872 quae
884 790 927 854 sit
943 809 1018 853 ocra
1035 789 1135 852 virtus
1152 788 1231 851 scire
1248 791 1425 867 aompotrst
1441 786 1508 850 arsi
1525 786 1626 850 iustus

391 920 430 965 ac
451 900 586 981 sapiens.
620 897 723 962 Paulo
745 895 964 983 negligentius
985 895 1066 960 haec
1088 892 1277 958 Lactantius
1300 913 1340 958 ex
1359 890 1521 958 Ciceronis
1539 891 1624 957 libro

391 1005 558 1071 transtulit
585 1005 620 1069 in
647 1027 754 1087 suum,
782 1025 856 1072 cum
883 1004 981 1068 verba
1008 1007 1065 1066 aut
1086 1002 1126 1066 ab
1148 1001 1215 1066 illis
1235 999 1434 1082 fortitudinis
1455 997 1626 1063 retinuerit

392 1112 521 1198 quidem
549 1113 605 1177 sed
632 1135 670 1177 aa
697 1111 738 1176 ad
761 1132 843 1195 quae
865 1108 945 1174 haec
967 1107 1187 1194 pertinebant,
1215 1106 1274 1172 illa¹
1295 1107 1431 1173 dicimus
1455 1107 1493 1172 de
1516 1104 1625 1170 Deciis

390 1223 424 1284 et
448 1218 655 1304 Scipionibus
677 1219 756 1283 viris
777 1215 932 1301 fortibus,
955 1215 1053 1280 simul
1076 1237 1148 1280 oum
1172 1214 1343 1300 negatione
1366 1213 1522 1277 omiserit:
1550 1213 1624 1278 nam

391 1327 498 1412 ipsum
527 1326 686 1408 omisisse,
712 1347 780 1389 non
806 1324 940 1409 periisse
967 1345 1045 1389 casu
1073 1325 1129 1388 aut
1156 1343 1277 1406 errore,
1305 1321 1374 1384 eius
1400 1320 1447 1386 rei
1471 1319 1625 1384 indicium

392 1456 460 1498 esse
483 1437 593 1499 monet
615 1433 727 1516 editor,
752 1431 838 1517 quod
856 1431 953 1516 paulo
976 1434 1052 1514 post
1073 1427 1230 1512 sapimtcs'
1250 1423 1475 1516 (philosophos)
1495 1426 1624 1511 quidem

349 1555 355 1559 ’
392 1544 425 1605 et
446 1539 544 1606 iustos
566 1540 661 1623 dicat,
681 1540 778 1621 fortas
800 1541 987 1624 praetereat.
1026 1535 1120 1613 Quod
1142 1559 1218 1601 vero
1242 1534 1361 1600 ibidem
1379 1531 1554 1600 scribit'iis
1570 1536 1626 1616 qai

391 1649 469 1712 iusti
494 1647 595 1721 babiti
621 1653 695 1712 sum
720 1646 867 1729 adernpta
894 1646 1019 1711 iustitia
1045 1650 1101 1724 est,
1134 1643 1208 1709 inde
1235 1647 1387 1728 putamus
1414 1639 1626 1726 probabiliter

350 1753 505 1839 recolligi
528 1757 602 1818 ante
625 1753 689 1819 duo
712 1753 856 1836 nomina,
877 1752 1025 1817 Fabricii
1047 1755 1080 1815 et
1102 1751 1270 1829 Aristidis,
1294 1749 1406 1832 fuisse,
1430 1769 1624 1832 quamquam

393 1861 479 1946 quod
507 1862 689 1946 insequitur
715 1861 755 1926 ab
782 1861 837 1925 hoe
862 1860 964 1924 videri
992 1860 1097 1944 possit
1123 1879 1189 1923 non
1217 1857 1328 1923 referri
1356 1855 1418 1920 nisi
1447 1855 1487 1919 ad
1515 1876 1624 1919 unum.

392 1967 495 2052 Atqui
513 1969 611 2034 verba
628 1975 685 2033 mat
701 1968 868 2046 Aristides,
890 1988 973 2050 quae
989 1966 1160 2032 Lactantio
1180 1985 1252 2030 oum
1272 1963 1424 2030 Cicerone
1444 1962 1626 2029 communia

392 2078 483 2159 sunt,
510 2076 703 2140 recentiores
731 2074 835 2139 critici
858 2071 989 2139 Ioannis
1012 2071 1180 2138 Michaelis
1203 2071 1396 2158 Heusingeri
1420 2063 1548 2136 decreto
1571 2069 1626 2135 ob·

391 2185 606 2267 temperantes
632 2203 697 2247 uno
726 2203 781 2246 ore
809 2179 1022 2266 suppositicia
1049 2201 1118 2246 esse
1146 2180 1336 2257 clamarunt,
1369 2177 1549 2242 rationibus
1577 2176 1626 2262 illi

392 2289 522 2372 quidem
545 2289 606 2373 usi,
628 2289 746 2373 quibus
768 2291 920 2373 putamus
942 2309 1011 2351 non
1032 2287 1171 2351 multum
1193 2284 1333 2370 probari.
1370 2284 1455 2350 Nam
1474 2285 1559 2370 quod
1579 2285 1625 2348 di-

391 2400 478 2480 cunt,
501 2396 528 2460 si
552 2396 615 2460 dno
634 2397 765 2476 nomina
788 2396 862 2474 sint,
885 2395 984 2460 verba
1006 2396 1108 2460 iustus
1129 2394 1313 2460 momiaatm
1336 2395 1420 2457 stare
1443 2404 1509 2457 non
1532 2415 1625 2476 posse

391 2506 424 2567 et
446 2503 602 2588 pluralem
626 2525 794 2568 numerum
817 2502 907 2567 rerbi
931 2501 1061 2586 requiri,
1084 2522 1151 2565 non
1173 2504 1259 2567 recte
1283 2523 1351 2566 rem
1374 2497 1550 2582 accipiunt:
1573 2521 1627 2562 ne·

391 2631 454 2693 que
477 2609 563 2675 enim
586 2610 649 2674 dno
673 2610 843 2674 coniuncte
866 2609 1054 2693 afferuntur,
1078 2608 1133 2674 sed
1157 2608 1249 2693 quasi
1268 2608 1401 2692 optione
1420 2605 1494 2671 data
1514 2604 1625 2672 Cicero

391 2717 438 2781 ita
454 2715 611 2802 loquitur,
629 2737 698 2781 mm
717 2717 886 2789 Fabricius
904 2723 961 2782 aut
977 2719 1007 2783 si
1025 2718 1127 2782 mavis
1141 2715 1299 2781 Aristides
1316 2716 1417 2779 iustas
1435 2715 1626 2796 mamam,

351 2854 378 2893 aa
392 2828 429 2888 ut
455 2846 496 2889 ne
523 2823 666 2907 potuerit
689 2823 819 2909 quidem
842 2823 1051 2890 multitudine
1073 2822 1163 2889 verbi
1187 2823 1243 2887 uti.
1281 2820 1319 2887 In
1334 2822 1404 2887 vhac
1427 2824 1534 2887 autem
1558 2843 1626 2887 ora·

391 2932 480 2995 tione
508 2953 573 2995 non
600 2931 707 2996 miuus
735 2934 820 2998 reete
847 2930 888 2996 ab
913 2933 969 2997 boc
993 2932 1082 3015 quod
1105 2935 1153 2996 est
1176 2930 1261 3015 apud
1284 2929 1501 3014 Lactantium,
1530 2950 1626 3013 quam

394 3038 481 3120 quod
505 3035 667 3103 Ciceronis
695 3037 772 3102 libri
799 3042 960 3104 testantur
986 3039 1026 3103 ab
1053 3038 1104 3103 lais
1126 3037 1191 3103 illis
1215 3037 1340 3101 duobus
1363 3036 1548 3102 nominibus
1571 3058 1626 3121 ap·

391 3143 506 3229 plicari
533 3146 650 3231 potuit.
687 3144 779 3221 Quod
808 3167 883 3211 vero
913 3146 1009 3211 etiam
1037 3144 1144 3209 verbis
1171 3150 1332 3227 tamquam
1356 3165 1377 3208 a
1399 3146 1538 3226 supimte
1560 3165 1626 3208 uon

391 3253 487 3336 posse
509 3254 572 3317 nisi
595 3275 694 3318 unum
719 3253 894 3340 significari
916 3252 1040 3335 volunt,
1063 3251 1151 3337 fugit
1173 3274 1227 3318 eos
1250 3253 1343 3337 ratio,
1367 3252 1395 3315 si
1416 3252 1545 3335 quidem
1563 3249 1626 3316 hoo

391 3360 514 3445 pariter
536 3361 576 3424 ad
596 3363 692 3442 fortes
714 3365 747 3426 et
771 3360 811 3425 ad
833 3363 950 3427 matam
974 3362 1109 3426 iustosve
1132 3358 1236 3425 redire
1259 3380 1389 3425 neeesse
1408 3362 1470 3442 est3
1493 3380 1553 3425 nec
1571 3359 1625 3424 du*

391 3465 483 3531 bium
505 3470 555 3531 est
573 3469 651 3551 quin
670 3469 792 3543 omissa,
807 3469 930 3533 iustitia
949 3468 988 3532 de
1007 3467 1084 3532 solis
1103 3467 1244 3532 fortibus
1261 3470 1348 3531 reete
1368 3466 1464 3531 scribi
1482 3466 1626 3552 potuerit

391 3594 463 3639 cum
483 3571 580 3655 fortes
600 3576 664 3639 oiri
686 3581 972 3654 commemorantur,
997 3575 1036 3639 ab
1058 3576 1101 3640 iis
1121 3574 1322 3656 fortitudinis
1343 3594 1407 3638 aaa
1426 3578 1586 3655 tamquam
1604 3594 1626 3639 a

391 3684 531 3765 raptem
551 3678 671 3764 petitur
692 3683 874 3765 exemplum.
911 3680 1025 3766 Itaque
1048 3682 1100 3745 his
1123 3680 1253 3765 quidem
1278 3679 1460 3746 rationibus
1483 3680 1626 3745 nondum

391 3789 487 3854 nobis
515 3789 662 3853 videmur
689 3812 728 3853 ex
755 3811 793 3854 ee
820 3790 980 3854 sententia
1008 3788 1122 3853 deiecti
1150 3810 1219 3854 esse
1246 3809 1311 3873 qua
1337 3786 1531 3872 putabamus
1558 3785 1625 3852 ora·

352 3923 379 3965 ao
392 3896 491 3961 tionis
522 3895 660 3961 formam
692 3918 789 3980 quam
817 3894 928 3962 Cicero
961 3896 1104 3961 instituit
1131 3918 1196 3961 non
1224 3918 1325 3961 unum
1353 3898 1480 3960 tantum
1508 3892 1626 3959 nomen

392 4004 474 4067 ferre
497 4007 555 4067 aut
573 4000 719 4088 flagitare
738 4003 794 4068 sed
811 4001 869 4068 illa
886 4004 951 4069 duo
970 4003 1096 4067 duobus
1116 4002 1252 4068 testibus
1273 4002 1416 4067 stabilita
1434 4024 1500 4067 non
1517 4001 1625 4067 minus

391 4111 558 4176 commode
580 4108 731 4195 recipere.
769 4109 832 4175 Sed
855 4111 959 4175 critici
983 4133 1047 4194 quo
1071 4110 1187 4175 certius
1207 4112 1355 4176 evincant
1374 4106 1509 4175 alterum
1529 4130 1568 4173 ex
1586 4110 1626 4174 iis

391 4218 578 4283 nominibus
601 4218 722 4282 alienae
745 4219 854 4282 manui
878 4221 1046 4302 acceptum
1064 4218 1150 4301 ferri,
1171 4217 1235 4282 hoc
1252 4220 1441 4303 argumento
1460 4220 1626 4300 tamquam

392 4325 585 4411 gravissimo
608 4328 752 4408 utuntur,
776 4325 861 4409 quod
882 4323 1038 4389 Graecum
1062 4345 1178 4390 nomen
1198 4324 1352 4389 Romanis
1373 4324 1558 4389 immixtum
1578 4321 1627 4388 ci-

393 4432 517 4497 ceronis
536 4454 658 4497 morem
676 4435 734 4497 aut
751 4431 848 4497 huius
867 4432 931 4497 loci
949 4434 1099 4497 naturam
1116 4432 1198 4497 male
1218 4428 1338 4516 deceat,
1357 4428 1454 4515 idque
1472 4430 1626 4496 indicium

392 4544 519 4604 tantum
537 4538 643 4605 valere
657 4538 852 4624 praedicant,
870 4543 907 4604 ut
920 4540 1077 4605 Am'stidis
1090 4560 1208 4605 nomen
1222 4543 1288 4604 tam
1303 4542 1391 4603 certo
1405 4538 1481 4603 hino
1494 4537 1623 4603 exulare
1642 4537 1681 4593 12

392 4647 503 4710 iubeat
526 4668 621 4729 quam
645 4646 729 4729 130,
750 4646 813 4711 109
834 4647 1040 4712 Xenocratem
1061 4646 1289 4711 severissimam
1301 4646 1557 4728 philosopbomm
1576 4666 1628 4708 ex·

393 4752 511 4836 cludat,
535 4756 649 4836 utpote
672 4758 704 4818 et
726 4755 834 4839 ipsum
857 4757 976 4818 temere
1000 4774 1020 4816 a
1041 4753 1149 4818 nescio
1174 4774 1238 4837 quo
1262 4754 1302 4817 ad
1325 4752 1473 4816 Romana
1494 4750 1627 4817 nomina

395 4859 641 4946 agglutinatum.
673 4860 764 4926 Haec
776 4860 863 4926 viros
879 4860 1020 4925 eruditos
1034 4859 1117 4925 serio
1132 4879 1320 4945 proponere,
1339 4859 1393 4922 vix
1409 4858 1495 4923 credi
1508 4861 1627 4943 posset,
