<?xml version="1.0" encoding="UTF-8"?>
<!DOCTYPE html PUBLIC "-//W3C//DTD XHTML 1.0 Transitional//EN"
    "http://www.w3.org/TR/xhtml1/DTD/xhtml1-transitional.dtd">
<html xmlns="http://www.w3.org/1999/xhtml" xml:lang="en" lang="en">
 <head>
  <title>
</title>
<meta http-equiv="Content-Type" content="text/html;charset=utf-8" />
  <meta name='ocr-system' content='tesseract 3.04.00' />
  <meta name='ocr-capabilities' content='ocr_page ocr_carea ocr_par ocr_line ocrx_word'/>
</head>
<body>
  <div class='ocr_page' id='page_1' title='image "./iohannisvahleni00vahlgoog/iohannisvahleni00vahlgoog_0195.png"; bbox 0 0 3967 5725; ppageno 0'>
   <div class='ocr_carea' id='block_1_1' title="bbox 697 613 1579 677">
    <p class='ocr_par' dir='ltr' id='par_1_1' title="bbox 697 613 1579 677">
     <span class='ocr_line' id='line_1_1' title="bbox 697 613 1579 677; baseline 0.012 -11"><span class='ocrx_word' id='word_1_1' title='bbox 697 633 703 638; x_wconf 90' lang='lat'><em>-</em></span> <span class='ocrx_word' id='word_1_2' title='bbox 723 617 773 666; x_wconf 84' lang='lat' dir='ltr'><strong>na</strong></span> <span class='ocrx_word' id='word_1_3' title='bbox 791 616 991 668; x_wconf 79' lang='lat' dir='ltr'><strong>rnsocmrr</strong></span> <span class='ocrx_word' id='word_1_4' title='bbox 1010 616 1160 668; x_wconf 81' lang='lat' dir='ltr'><strong>mrnmo</strong></span> <span class='ocrx_word' id='word_1_5' title='bbox 1179 617 1241 672; x_wconf 87' lang='lat' dir='ltr'><strong>vn.</strong></span> <span class='ocrx_word' id='word_1_6' title='bbox 1517 613 1579 677; x_wconf 81' lang='grc'><strong>187</strong></span> 
     </span>
    </p>
   </div>
   <div class='ocr_carea' id='block_1_2' title="bbox 308 774 1620 2898">
    <p class='ocr_par' dir='ltr' id='par_1_2' title="bbox 308 774 1620 2898">
     <span class='ocr_line' id='line_1_2' title="bbox 347 774 1583 862; baseline 0.001 -21"><span class='ocrx_word' id='word_1_7' title='bbox 347 798 429 860; x_wconf 83' lang='lat' dir='ltr'><strong>quse</strong></span> <span class='ocrx_word' id='word_1_8' title='bbox 452 781 528 842; x_wconf 89' lang='lat' dir='ltr'><strong>sunt</strong></span> <span class='ocrx_word' id='word_1_9' title='bbox 546 799 575 841; x_wconf 85' lang='lat' dir='ltr'><strong>v.</strong></span> <span class='ocrx_word' id='word_1_10' title='bbox 594 777 659 841; x_wconf 77' lang='lat'><strong>278</strong></span> <span class='ocrx_word' id='word_1_11' title='bbox 674 799 744 861; x_wconf 91' lang='lat' dir='ltr'><strong>sqq.</strong></span> <span class='ocrx_word' id='word_1_12' title='bbox 766 777 969 861; x_wconf 76' lang='lat' dir='ltr'><strong>persuadent.</strong></span> <span class='ocrx_word' id='word_1_13' title='bbox 1006 774 1055 842; x_wconf 75' lang='lat' dir='ltr'><strong>tf.</strong></span> <span class='ocrx_word' id='word_1_14' title='bbox 1073 795 1137 841; x_wconf 87' lang='lat' dir='ltr'><strong>vm</strong></span> <span class='ocrx_word' id='word_1_15' title='bbox 1155 776 1221 842; x_wconf 84' lang='lat'><strong>306</strong></span> <span class='ocrx_word' id='word_1_16' title='bbox 1235 798 1306 861; x_wconf 86' lang='lat' dir='ltr'><strong>sqq.</strong></span> <span class='ocrx_word' id='word_1_17' title='bbox 1344 775 1406 842; x_wconf 84' lang='lat' dir='ltr'><strong>Sed</strong></span> <span class='ocrx_word' id='word_1_18' title='bbox 1430 799 1524 862; x_wconf 80' lang='lat' dir='ltr'><strong>saepe</strong></span> <span class='ocrx_word' id='word_1_19' title='bbox 1547 778 1583 842; x_wconf 91' lang='lat' dir='ltr'><strong>in</strong></span> 
     </span>
     <span class='ocr_line' id='line_1_3' title="bbox 345 883 1581 969; baseline 0.002 -21"><span class='ocrx_word' id='word_1_20' title='bbox 345 884 639 969; x_wconf 85' lang='lat' dir='ltr'><strong>comparationibus</strong></span> <span class='ocrx_word' id='word_1_21' title='bbox 664 883 846 949; x_wconf 83' lang='lat' dir='ltr'><strong>Homericis</strong></span> <span class='ocrx_word' id='word_1_22' title='bbox 873 885 943 949; x_wconf 88' lang='lat' dir='ltr'><strong>sine</strong></span> <span class='ocrx_word' id='word_1_23' title='bbox 970 884 1037 948; x_wconf 88' lang='lat' dir='ltr'><strong>ulla</strong></span> <span class='ocrx_word' id='word_1_24' title='bbox 1065 884 1210 968; x_wconf 87' lang='lat' dir='ltr'><strong>quaesita</strong></span> <span class='ocrx_word' id='word_1_25' title='bbox 1238 884 1452 950; x_wconf 70' lang='lat' dir='ltr'><strong>collocatione</strong></span> <span class='ocrx_word' id='word_1_26' title='bbox 1479 905 1581 950; x_wconf 88' lang='lat' dir='ltr'><strong>unum</strong></span> 
     </span>
     <span class='ocr_line' id='line_1_4' title="bbox 345 990 1583 1076; baseline 0.002 -22"><span class='ocrx_word' id='word_1_27' title='bbox 345 990 475 1074; x_wconf 91' lang='lat' dir='ltr'><strong>quidem</strong></span> <span class='ocrx_word' id='word_1_28' title='bbox 493 990 629 1057; x_wconf 81' lang='lat' dir='ltr'><strong>verbum</strong></span> <span class='ocrx_word' id='word_1_29' title='bbox 647 991 781 1076; x_wconf 86' lang='lat' dir='ltr'><strong>ponitur</strong></span> <span class='ocrx_word' id='word_1_30' title='bbox 798 991 855 1055; x_wconf 90' lang='lat' dir='ltr'><strong>sed</strong></span> <span class='ocrx_word' id='word_1_31' title='bbox 873 991 908 1055; x_wconf 92' lang='lat' dir='ltr'><strong>in</strong></span> <span class='ocrx_word' id='word_1_32' title='bbox 925 991 1079 1076; x_wconf 89' lang='lat' dir='ltr'><strong>primaria</strong></span> <span class='ocrx_word' id='word_1_33' title='bbox 1097 991 1266 1075; x_wconf 84' lang='lat' dir='ltr'><strong>sententia,</strong></span> <span class='ocrx_word' id='word_1_34' title='bbox 1284 991 1360 1055; x_wconf 91' lang='lat' dir='ltr'><strong>inde</strong></span> <span class='ocrx_word' id='word_1_35' title='bbox 1377 998 1415 1056; x_wconf 91' lang='lat' dir='ltr'><strong>ut</strong></span> <span class='ocrx_word' id='word_1_36' title='bbox 1432 991 1583 1057; x_wconf 83' lang='lat' dir='ltr'><strong>audiatur</strong></span> 
     </span>
     <span class='ocr_line' id='line_1_5' title="bbox 345 1095 963 1182; baseline 0.005 -21"><span class='ocrx_word' id='word_1_37' title='bbox 345 1097 380 1161; x_wconf 94' lang='lat' dir='ltr'><strong>in</strong></span> <span class='ocrx_word' id='word_1_38' title='bbox 402 1095 528 1163; x_wconf 75' lang='lat' dir='ltr'><strong>tdieeto</strong></span> <span class='ocrx_word' id='word_1_39' title='bbox 552 1097 660 1182; x_wconf 85' lang='lat' dir='ltr'><strong>simili,</strong></span> <span class='ocrx_word' id='word_1_40' title='bbox 684 1097 773 1164; x_wconf 85' lang='lat' dir='ltr'><strong>velut</strong></span> <span class='ocrx_word' id='word_1_41' title='bbox 796 1096 963 1164; x_wconf 86' lang='lat'>11.11394</span> 
     </span>
     <span class='ocr_line' id='line_1_6' title="bbox 702 1203 1412 1292; baseline 0.003 -22"><span class='ocrx_word' id='word_1_42' title='bbox 702 1204 845 1291; x_wconf 77' lang='grc' dir='ltr'><strong><em>Ἀργεῖοι</em></strong></span> <span class='ocrx_word' id='word_1_43' title='bbox 869 1203 907 1270; x_wconf 73' lang='grc' dir='ltr'><strong>δὲ</strong></span> <span class='ocrx_word' id='word_1_44' title='bbox 929 1204 1001 1290; x_wconf 87' lang='grc' dir='ltr'><strong><em>μέγ’</em></strong></span> <span class='ocrx_word' id='word_1_45' title='bbox 1029 1205 1157 1290; x_wconf 83' lang='grc' dir='ltr'><strong><em>ίαχον,</em></strong></span> <span class='ocrx_word' id='word_1_46' title='bbox 1181 1207 1225 1282; x_wconf 85' lang='grc' dir='ltr'><strong>ὡς</strong></span> <span class='ocrx_word' id='word_1_47' title='bbox 1248 1206 1303 1272; x_wconf 84' lang='grc' dir='ltr'><strong>ὅτε</strong></span> <span class='ocrx_word' id='word_1_48' title='bbox 1325 1215 1412 1292; x_wconf 87' lang='grc' dir='ltr'><strong><em>κῦμα</em></strong></span> 
     </span>
     <span class='ocr_line' id='line_1_7' title="bbox 505 1309 1292 1399; baseline 0.004 -23"><span class='ocrx_word' id='word_1_49' title='bbox 505 1311 587 1397; x_wconf 80' lang='grc' dir='ltr'><strong><em>ἀκτή</em></strong></span> <span class='ocrx_word' id='word_1_50' title='bbox 611 1309 663 1396; x_wconf 85' lang='grc' dir='ltr'><strong>ἐφ’</strong></span> <span class='ocrx_word' id='word_1_51' title='bbox 691 1313 802 1398; x_wconf 75' lang='grc' dir='ltr'><strong><em>ὑψηλή</em></strong></span> <span class='ocrx_word' id='word_1_52' title='bbox 826 1313 881 1378; x_wconf 83' lang='grc' dir='ltr'><strong>ὅτε</strong></span> <span class='ocrx_word' id='word_1_53' title='bbox 904 1316 1022 1399; x_wconf 77' lang='grc' dir='ltr'><strong><em>κινήσῃ</em></strong></span> <span class='ocrx_word' id='word_1_54' title='bbox 1046 1316 1157 1390; x_wconf 81' lang='grc' dir='ltr'><em>Νότος</em></span> <span class='ocrx_word' id='word_1_55' title='bbox 1180 1313 1292 1379; x_wconf 82' lang='grc' dir='ltr'><strong><em>ἐλθών</em></strong></span> 
     </span>
     <span class='ocr_line' id='line_1_8' title="bbox 344 1419 565 1484; baseline 0.005 -1"><span class='ocrx_word' id='word_1_56' title='bbox 344 1421 397 1484; x_wconf 90' lang='lat' dir='ltr'><strong>vel</strong></span> <span class='ocrx_word' id='word_1_57' title='bbox 419 1437 481 1483; x_wconf 87' lang='lat' dir='ltr'><strong>xvr</strong></span> <span class='ocrx_word' id='word_1_58' title='bbox 498 1419 565 1484; x_wconf 89' lang='grc'><strong>406</strong></span> 
     </span>
     <span class='ocr_line' id='line_1_9' title="bbox 504 1523 1506 1614; baseline 0.003 -23"><span class='ocrx_word' id='word_1_59' title='bbox 504 1525 591 1592; x_wconf 77' lang='grc' dir='ltr'><strong><em>ἕλκε</em></strong></span> <span class='ocrx_word' id='word_1_60' title='bbox 615 1523 652 1592; x_wconf 75' lang='grc' dir='ltr'><strong>δὲ</strong></span> <span class='ocrx_word' id='word_1_61' title='bbox 676 1527 798 1612; x_wconf 86' lang='grc' dir='ltr'><strong><em>δουρὸς</em></strong></span> <span class='ocrx_word' id='word_1_62' title='bbox 820 1525 906 1593; x_wconf 86' lang='grc' dir='ltr'><strong><em>έλὼν</em></strong></span> <span class='ocrx_word' id='word_1_63' title='bbox 928 1523 1013 1609; x_wconf 71' lang='grc' dir='ltr'><strong><em>ὑπὲρ</em></strong></span> <span class='ocrx_word' id='word_1_64' title='bbox 1038 1529 1191 1612; x_wconf 78' lang='grc' dir='ltr'><strong><em>ἄντυγος,</em></strong></span> <span class='ocrx_word' id='word_1_65' title='bbox 1215 1529 1260 1605; x_wconf 82' lang='grc' dir='ltr'><strong>ὡς</strong></span> <span class='ocrx_word' id='word_1_66' title='bbox 1283 1527 1337 1594; x_wconf 84' lang='grc' dir='ltr'><strong>ὅτε</strong></span> <span class='ocrx_word' id='word_1_67' title='bbox 1359 1551 1411 1605; x_wconf 87' lang='grc' dir='ltr'><strong><em>τις</em></strong></span> <span class='ocrx_word' id='word_1_68' title='bbox 1434 1529 1506 1614; x_wconf 83' lang='grc' dir='ltr'><strong>φώς</strong></span> 
     </span>
     <span class='ocr_line' id='line_1_10' title="bbox 503 1630 1327 1721; baseline 0.002 -23"><span class='ocrx_word' id='word_1_69' title='bbox 503 1632 607 1720; x_wconf 89' lang='grc' dir='ltr'><strong><em>πέτρη</em></strong></span> <span class='ocrx_word' id='word_1_70' title='bbox 630 1630 685 1700; x_wconf 82' lang='grc' dir='ltr'><strong>ἔπι</strong></span> <span class='ocrx_word' id='word_1_71' title='bbox 707 1637 871 1719; x_wconf 75' lang='grc' dir='ltr'><strong><em>προβλῆτι</em></strong></span> <span class='ocrx_word' id='word_1_72' title='bbox 893 1637 1085 1718; x_wconf 85' lang='grc' dir='ltr'><strong><em>καθήμενος</em></strong></span> <span class='ocrx_word' id='word_1_73' title='bbox 1109 1635 1200 1721; x_wconf 80' lang='grc' dir='ltr'><strong><em>ἱερὸν</em></strong></span> <span class='ocrx_word' id='word_1_74' title='bbox 1224 1635 1327 1720; x_wconf 76' lang='grc' dir='ltr'><strong><em>ἰχθύν</em></strong></span> 
     </span>
     <span class='ocr_line' id='line_1_11' title="bbox 308 1739 1304 1831; baseline 0.001 -25"><span class='ocrx_word' id='word_1_75' title='bbox 308 1749 327 1806; x_wconf 82' lang='lat' dir='ltr'><strong>o</strong></span> <span class='ocrx_word' id='word_1_76' title='bbox 507 1739 543 1805; x_wconf 91' lang='grc' dir='ltr'><strong>ἐκ</strong></span> <span class='ocrx_word' id='word_1_77' title='bbox 565 1742 702 1806; x_wconf 88' lang='grc' dir='ltr'><strong><em>πόντοιο</em></strong></span> <span class='ocrx_word' id='word_1_78' title='bbox 725 1742 850 1826; x_wconf 80' lang='grc' dir='ltr'><strong><em>θύραζε</em></strong></span> <span class='ocrx_word' id='word_1_79' title='bbox 873 1743 955 1829; x_wconf 78' lang='grc' dir='ltr'><strong><em>λίνῳ</em></strong></span> <span class='ocrx_word' id='word_1_80' title='bbox 978 1743 1033 1807; x_wconf 87' lang='grc' dir='ltr'><strong>καλ</strong></span> <span class='ocrx_word' id='word_1_81' title='bbox 1055 1744 1158 1826; x_wconf 87' lang='grc' dir='ltr'><strong><em>ήνοπι</em></strong></span> <span class='ocrx_word' id='word_1_82' title='bbox 1180 1747 1304 1831; x_wconf 77' lang='grc' dir='ltr'><strong><em>χαλκῷ,</em></strong></span> 
     </span>
     <span class='ocr_line' id='line_1_12' title="bbox 504 1841 928 1933; baseline 0.002 -20"><span class='ocrx_word' id='word_1_83' title='bbox 504 1841 549 1924; x_wconf 84' lang='grc' dir='ltr'><strong>ὧς</strong></span> <span class='ocrx_word' id='word_1_84' title='bbox 571 1845 637 1913; x_wconf 84' lang='grc' dir='ltr'><strong><em>ἕλκ’</em></strong></span> <span class='ocrx_word' id='word_1_85' title='bbox 666 1846 702 1912; x_wconf 89' lang='grc' dir='ltr'><strong>ἐκ</strong></span> <span class='ocrx_word' id='word_1_86' title='bbox 725 1848 861 1933; x_wconf 78' lang='grc' dir='ltr'><strong><em>δίφροιο</em></strong></span> <span class='ocrx_word' id='word_1_87' title='bbox 886 1886 928 1895; x_wconf 96' lang='grc'><strong>-</strong></span> 
     </span>
     <span class='ocr_line' id='line_1_13' title="bbox 344 1957 514 2018; baseline 0.006 -1"><span class='ocrx_word' id='word_1_88' title='bbox 344 1957 377 2018; x_wconf 92' lang='lat' dir='ltr'><strong>et</strong></span> <span class='ocrx_word' id='word_1_89' title='bbox 399 1971 475 2017; x_wconf 78' lang='lat' dir='ltr'><strong>nvn</strong></span> <span class='ocrx_word' id='word_1_90' title='bbox 493 1962 514 2018; x_wconf 84' lang='lat'>4</span> 
     </span>
     <span class='ocr_line' id='line_1_14' title="bbox 504 2058 1473 2150; baseline 0.003 -25"><span class='ocrx_word' id='word_1_91' title='bbox 504 2060 589 2145; x_wconf 85' lang='grc' dir='ltr'><strong><em>ἀμφὶ</em></strong></span> <span class='ocrx_word' id='word_1_92' title='bbox 608 2059 638 2125; x_wconf 89' lang='grc' dir='ltr'><strong>δ’</strong></span> <span class='ocrx_word' id='word_1_93' title='bbox 662 2058 716 2144; x_wconf 81' lang='grc' dir='ltr'><strong>ἄρ’</strong></span> <span class='ocrx_word' id='word_1_94' title='bbox 739 2062 828 2150; x_wconf 77' lang='grc' dir='ltr'><strong><em>αὐτῷ</em></strong></span> <span class='ocrx_word' id='word_1_95' title='bbox 848 2061 962 2146; x_wconf 79' lang='grc' dir='ltr'><strong><em>βαῖν’,</em></strong></span> <span class='ocrx_word' id='word_1_96' title='bbox 982 2064 1027 2140; x_wconf 83' lang='grc' dir='ltr'><strong>ὥς</strong></span> <span class='ocrx_word' id='word_1_97' title='bbox 1044 2087 1095 2140; x_wconf 89' lang='grc' dir='ltr'><strong><em>τις</em></strong></span> <span class='ocrx_word' id='word_1_98' title='bbox 1113 2062 1190 2145; x_wconf 81' lang='grc' dir='ltr'><strong><em>περὶ</em></strong></span> <span class='ocrx_word' id='word_1_99' title='bbox 1209 2066 1349 2149; x_wconf 82' lang='grc' dir='ltr'><strong><em>πόρτακι</em></strong></span> <span class='ocrx_word' id='word_1_100' title='bbox 1367 2065 1473 2148; x_wconf 82' lang='grc' dir='ltr'><strong><em>μήτηρ</em></strong></span> 
     </span>
     <span class='ocr_line' id='line_1_15' title="bbox 504 2170 1497 2252; baseline 0.003 -19"><span class='ocrx_word' id='word_1_101' title='bbox 504 2170 720 2252; x_wconf 84' lang='grc' dir='ltr'><strong><em>πρωτοτόκος.</em></strong></span> <span class='ocrx_word' id='word_1_102' title='bbox 1490 2204 1497 2244; x_wconf 41' lang='grc' dir='ltr'><strong>ι.</strong></span> 
     </span>
     <span class='ocr_line' id='line_1_16' title="bbox 343 2275 1582 2361; baseline 0.002 -23"><span class='ocrx_word' id='word_1_103' title='bbox 343 2275 432 2352; x_wconf 82' lang='lat' dir='ltr'><strong>Quae</strong></span> <span class='ocrx_word' id='word_1_104' title='bbox 455 2280 543 2340; x_wconf 89' lang='lat' dir='ltr'><strong>certo</strong></span> <span class='ocrx_word' id='word_1_105' title='bbox 567 2276 690 2341; x_wconf 90' lang='lat' dir='ltr'><strong>ducunt</strong></span> <span class='ocrx_word' id='word_1_106' title='bbox 712 2280 749 2341; x_wconf 90' lang='lat' dir='ltr'><strong>ut</strong></span> <span class='ocrx_word' id='word_1_107' title='bbox 771 2280 859 2342; x_wconf 90' lang='lat' dir='ltr'><strong>recte</strong></span> <span class='ocrx_word' id='word_1_108' title='bbox 876 2277 1127 2361; x_wconf 75' lang='lat' dir='ltr'><strong>interpretemur</strong></span> <span class='ocrx_word' id='word_1_109' title='bbox 1146 2277 1243 2343; x_wconf 87' lang='lat' dir='ltr'><strong>etiam</strong></span> <span class='ocrx_word' id='word_1_110' title='bbox 1263 2276 1291 2341; x_wconf 88' lang='lat' dir='ltr'><strong>si</strong></span> <span class='ocrx_word' id='word_1_111' title='bbox 1311 2299 1392 2361; x_wconf 87' lang='lat' dir='ltr'><strong>quae</strong></span> <span class='ocrx_word' id='word_1_112' title='bbox 1411 2281 1488 2342; x_wconf 87' lang='lat' dir='ltr'><strong>sunt</strong></span> <span class='ocrx_word' id='word_1_113' title='bbox 1506 2277 1582 2342; x_wconf 86' lang='lat' dir='ltr'><strong>arti-</strong></span> 
     </span>
     <span class='ocr_line' id='line_1_17' title="bbox 343 2382 644 2447; baseline -0.003 -1"><span class='ocrx_word' id='word_1_114' title='bbox 343 2382 487 2447; x_wconf 88' lang='lat' dir='ltr'><strong>ficiosius</strong></span> <span class='ocrx_word' id='word_1_115' title='bbox 511 2385 644 2447; x_wconf 85' lang='lat' dir='ltr'><strong>structe.</strong></span> 
     </span>
     <span class='ocr_line' id='line_1_18' title="bbox 433 2488 1581 2577; baseline 0.002 -23"><span class='ocrx_word' id='word_1_116' title='bbox 433 2488 496 2554; x_wconf 84' lang='lat' dir='ltr'><strong>Sed</strong></span> <span class='ocrx_word' id='word_1_117' title='bbox 519 2491 656 2554; x_wconf 88' lang='lat' dir='ltr'><strong>alterum</strong></span> <span class='ocrx_word' id='word_1_118' title='bbox 679 2489 761 2554; x_wconf 86' lang='lat' dir='ltr'><strong>illud</strong></span> <span class='ocrx_word' id='word_1_119' title='bbox 784 2512 887 2577; x_wconf 83' lang='lat' dir='ltr'><strong>genos</strong></span> <span class='ocrx_word' id='word_1_120' title='bbox 911 2492 1071 2557; x_wconf 86' lang='lat' dir='ltr'><strong>enuntiati</strong></span> <span class='ocrx_word' id='word_1_121' title='bbox 1095 2492 1307 2576; x_wconf 86' lang='lat' dir='ltr'><strong>comparativi</strong></span> <span class='ocrx_word' id='word_1_122' title='bbox 1325 2489 1502 2577; x_wconf 83' lang='lat' dir='ltr'><strong>Apollonio</strong></span> <span class='ocrx_word' id='word_1_123' title='bbox 1522 2513 1581 2556; x_wconf 87' lang='lat' dir='ltr'><strong>suo</strong></span> 
     </span>
     <span class='ocr_line' id='line_1_19' title="bbox 312 2596 1582 2690; baseline 0.002 -30"><span class='ocrx_word' id='word_1_124' title='bbox 312 2640 316 2651; x_wconf 83' lang='lat'><strong>·</strong></span> <span class='ocrx_word' id='word_1_125' title='bbox 342 2596 488 2661; x_wconf 86' lang='lat' dir='ltr'><strong>restituit</strong></span> <span class='ocrx_word' id='word_1_126' title='bbox 514 2596 553 2661; x_wconf 85' lang='lat' dir='ltr'><strong>R.</strong></span> <span class='ocrx_word' id='word_1_127' title='bbox 572 2596 762 2680; x_wconf 86' lang='lat' dir='ltr'><strong>Merkelius,</strong></span> <span class='ocrx_word' id='word_1_128' title='bbox 790 2598 951 2690; x_wconf 78' lang='lat'><strong>1111292,</strong></span> <span class='ocrx_word' id='word_1_129' title='bbox 979 2607 1053 2664; x_wconf 91' lang='lat' dir='ltr'><strong>cum</strong></span> <span class='ocrx_word' id='word_1_130' title='bbox 1081 2601 1127 2664; x_wconf 88' lang='lat' dir='ltr'><strong>ita</strong></span> <span class='ocrx_word' id='word_1_131' title='bbox 1154 2599 1256 2663; x_wconf 87' lang='lat' dir='ltr'><strong>edidit</strong></span> <span class='ocrx_word' id='word_1_132' title='bbox 1285 2600 1324 2664; x_wconf 91' lang='lat' dir='ltr'><strong>de</strong></span> <span class='ocrx_word' id='word_1_133' title='bbox 1347 2599 1449 2664; x_wconf 88' lang='lat' dir='ltr'><strong>tauris</strong></span> <span class='ocrx_word' id='word_1_134' title='bbox 1472 2599 1582 2684; x_wconf 82' lang='lat' dir='ltr'><strong>ignem</strong></span> 
     </span>
     <span class='ocr_line' id='line_1_20' title="bbox 344 2703 529 2769; baseline 0 0"><span class='ocrx_word' id='word_1_135' title='bbox 344 2703 529 2769; x_wconf 87' lang='lat' dir='ltr'><strong>efflantibus</strong></span> 
     </span>
     <span class='ocr_line' id='line_1_21' title="bbox 502 2803 1620 2898; baseline 0.003 -20"><span class='ocrx_word' id='word_1_136' title='bbox 502 2813 602 2896; x_wconf 85' lang='grc' dir='ltr'><strong><em>ἄμφω</em></strong></span> <span class='ocrx_word' id='word_1_137' title='bbox 622 2810 706 2894; x_wconf 86' lang='grc' dir='ltr'><strong><em>ὁμοῦ</em></strong></span> <span class='ocrx_word' id='word_1_138' title='bbox 729 2803 934 2898; x_wconf 79' lang='grc' dir='ltr'><strong><em>προγένοντο</em></strong></span> <span class='ocrx_word' id='word_1_139' title='bbox 957 2814 1064 2898; x_wconf 89' lang='grc' dir='ltr'><strong><em>πυρὸς</em></strong></span> <span class='ocrx_word' id='word_1_140' title='bbox 1088 2812 1184 2891; x_wconf 89' lang='grc' dir='ltr'><strong><em>σέλας</em></strong></span> <span class='ocrx_word' id='word_1_141' title='bbox 1207 2812 1431 2897; x_wconf 78' lang='grc' dir='ltr'><strong><em>ἀμπνείοντες.</em></strong></span> <span class='ocrx_word' id='word_1_142' title='bbox 1593 2837 1620 2882; x_wconf 84' lang='grc' dir='ltr'><strong>ιο</strong></span> 
     </span>
    </p>
   </div>
   <div class='ocr_carea' id='block_1_3' title="bbox 342 2916 1582 3539">
    <p class='ocr_par' dir='ltr' id='par_1_3' title="bbox 342 2916 1582 3539">
     <span class='ocr_line' id='line_1_22' title="bbox 503 2916 1424 3006; baseline 0.002 -22"><span class='ocrx_word' id='word_1_143' title='bbox 503 2916 659 2985; x_wconf 76' lang='grc' dir='ltr'><strong><em>ἔδδεισαν</em></strong></span> <span class='ocrx_word' id='word_1_144' title='bbox 682 2917 712 2985; x_wconf 92' lang='grc' dir='ltr'><strong>δ’</strong></span> <span class='ocrx_word' id='word_1_145' title='bbox 739 2920 859 3003; x_wconf 84' lang='grc' dir='ltr'><strong><em>ήραες,</em></strong></span> <span class='ocrx_word' id='word_1_146' title='bbox 883 2920 972 2998; x_wconf 83' lang='grc' dir='ltr'><strong><em>ὅπως</em></strong></span> <span class='ocrx_word' id='word_1_147' title='bbox 996 2923 1081 2986; x_wconf 84' lang='grc' dir='ltr'><strong><em>ίδον.</em></strong></span> <span class='ocrx_word' id='word_1_148' title='bbox 1113 2920 1219 3006; x_wconf 78' lang='grc' dir='ltr'><strong><em>αὐτὰρ</em></strong></span> <span class='ocrx_word' id='word_1_149' title='bbox 1243 2920 1261 2986; x_wconf 85' lang='grc' dir='ltr'><strong><em>ὃ</em></strong></span> <span class='ocrx_word' id='word_1_150' title='bbox 1285 2921 1364 2999; x_wconf 90' lang='grc' dir='ltr'><strong><em>τούς</em></strong></span> <span class='ocrx_word' id='word_1_151' title='bbox 1387 2944 1424 3004; x_wconf 90' lang='grc' dir='ltr'><strong>γε</strong></span> 
     </span>
     <span class='ocr_line' id='line_1_23' title="bbox 504 3022 1390 3112; baseline 0.002 -22"><span class='ocrx_word' id='word_1_152' title='bbox 504 3022 541 3091; x_wconf 85' lang='grc' dir='ltr'><strong>εὖ</strong></span> <span class='ocrx_word' id='word_1_153' title='bbox 566 3027 685 3109; x_wconf 78' lang='grc' dir='ltr'><strong><em>διαβὰς</em></strong></span> <span class='ocrx_word' id='word_1_154' title='bbox 708 3026 874 3111; x_wconf 82' lang='grc' dir='ltr'><strong><em>ἐπιόντας,</em></strong></span> <span class='ocrx_word' id='word_1_155' title='bbox 898 3028 954 3093; x_wconf 85' lang='grc' dir='ltr'><strong>ἄτε</strong></span> <span class='ocrx_word' id='word_1_156' title='bbox 978 3030 1097 3104; x_wconf 79' lang='grc' dir='ltr'><strong><em>σπιλὰς</em></strong></span> <span class='ocrx_word' id='word_1_157' title='bbox 1120 3030 1171 3094; x_wconf 87' lang='grc' dir='ltr'><strong>είν</strong></span> <span class='ocrx_word' id='word_1_158' title='bbox 1194 3026 1250 3093; x_wconf 83' lang='grc' dir='ltr'><strong>ἀλλ</strong></span> <span class='ocrx_word' id='word_1_159' title='bbox 1273 3027 1390 3112; x_wconf 81' lang='grc' dir='ltr'><strong><em>πέτρη,</em></strong></span> 
     </span>
     <span class='ocr_line' id='line_1_24' title="bbox 372 3132 1410 3219; baseline 0.002 -21"><span class='ocrx_word' id='word_1_160' title='bbox 372 3132 458 3198; x_wconf 84' lang='grc'>1295</span> <span class='ocrx_word' id='word_1_161' title='bbox 503 3136 658 3218; x_wconf 82' lang='grc' dir='ltr'><strong><em>μίμνεν,</em></strong></span> <span class='ocrx_word' id='word_1_162' title='bbox 683 3133 889 3219; x_wconf 80' lang='grc' dir='ltr'><strong><em>ἀπειρεσίῃσι</em></strong></span> <span class='ocrx_word' id='word_1_163' title='bbox 913 3136 1099 3217; x_wconf 86' lang='grc' dir='ltr'><strong><em>δονεύμενα</em></strong></span> <span class='ocrx_word' id='word_1_164' title='bbox 1121 3132 1240 3219; x_wconf 88' lang='grc' dir='ltr'><strong><em>κύματ’</em></strong></span> <span class='ocrx_word' id='word_1_165' title='bbox 1269 3132 1410 3219; x_wconf 76' lang='grc' dir='ltr'><strong><em>ἀέλλαις.</em></strong></span> 
     </span>
     <span class='ocr_line' id='line_1_25' title="bbox 342 3238 1579 3326; baseline 0.002 -22"><span class='ocrx_word' id='word_1_166' title='bbox 342 3242 463 3326; x_wconf 88' lang='grc' dir='ltr'><strong><em>μίμνεν</em></strong></span> <span class='ocrx_word' id='word_1_167' title='bbox 489 3238 576 3305; x_wconf 90' lang='lat' dir='ltr'><strong>enim</strong></span> <span class='ocrx_word' id='word_1_168' title='bbox 604 3240 736 3305; x_wconf 86' lang='lat' dir='ltr'><strong>editoris</strong></span> <span class='ocrx_word' id='word_1_169' title='bbox 762 3244 825 3324; x_wconf 86' lang='lat' dir='ltr'><strong>est,</strong></span> <span class='ocrx_word' id='word_1_170' title='bbox 851 3241 928 3306; x_wconf 87' lang='lat' dir='ltr'><strong>libri</strong></span> <span class='ocrx_word' id='word_1_171' title='bbox 951 3241 1072 3306; x_wconf 88' lang='lat' dir='ltr'><strong>habent</strong></span> <span class='ocrx_word' id='word_1_172' title='bbox 1094 3246 1217 3325; x_wconf 88' lang='grc' dir='ltr'><strong><em>μίμνει.</em></strong></span> <span class='ocrx_word' id='word_1_173' title='bbox 1254 3239 1317 3318; x_wconf 86' lang='lat' dir='ltr'><strong>Qui</strong></span> <span class='ocrx_word' id='word_1_174' title='bbox 1340 3242 1488 3325; x_wconf 84' lang='lat' dir='ltr'><strong>quamvis</strong></span> <span class='ocrx_word' id='word_1_175' title='bbox 1511 3264 1579 3308; x_wconf 90' lang='lat' dir='ltr'><strong>rem</strong></span> 
     </span>
     <span class='ocr_line' id='line_1_26' title="bbox 342 3346 1577 3432; baseline 0.001 -20"><span class='ocrx_word' id='word_1_176' title='bbox 342 3369 408 3412; x_wconf 89' lang='lat' dir='ltr'><strong>non</strong></span> <span class='ocrx_word' id='word_1_177' title='bbox 436 3347 535 3431; x_wconf 89' lang='lat' dir='ltr'><strong>probe</strong></span> <span class='ocrx_word' id='word_1_178' title='bbox 557 3348 760 3432; x_wconf 86' lang='lat' dir='ltr'><strong>perspexisse</strong></span> <span class='ocrx_word' id='word_1_179' title='bbox 782 3346 929 3411; x_wconf 85' lang='lat' dir='ltr'><strong>videatur</strong></span> <span class='ocrx_word' id='word_1_180' title='bbox 951 3369 991 3411; x_wconf 89' lang='lat' dir='ltr'><strong>ex</strong></span> <span class='ocrx_word' id='word_1_181' title='bbox 1014 3348 1055 3412; x_wconf 91' lang='lat' dir='ltr'><strong>iis</strong></span> <span class='ocrx_word' id='word_1_182' title='bbox 1079 3370 1160 3431; x_wconf 89' lang='lat' dir='ltr'><strong>quae</strong></span> <span class='ocrx_word' id='word_1_183' title='bbox 1184 3348 1364 3432; x_wconf 80' lang='lat' dir='ltr'><strong>adnotavit,</strong></span> <span class='ocrx_word' id='word_1_184' title='bbox 1390 3351 1501 3413; x_wconf 91' lang='lat' dir='ltr'><strong>tamen</strong></span> <span class='ocrx_word' id='word_1_185' title='bbox 1524 3347 1577 3414; x_wconf 89' lang='lat' dir='ltr'><strong>du·</strong></span> 
     </span>
     <span class='ocr_line' id='line_1_27' title="bbox 342 3454 1582 3539; baseline 0.001 -21"><span class='ocrx_word' id='word_1_186' title='bbox 342 3454 433 3518; x_wconf 90' lang='lat' dir='ltr'><strong>bium</strong></span> <span class='ocrx_word' id='word_1_187' title='bbox 456 3475 613 3519; x_wconf 88' lang='lat' dir='ltr'><strong>essenon</strong></span> <span class='ocrx_word' id='word_1_188' title='bbox 636 3458 758 3539; x_wconf 77' lang='lat' dir='ltr'><strong>potest,</strong></span> <span class='ocrx_word' id='word_1_189' title='bbox 785 3454 865 3537; x_wconf 90' lang='lat' dir='ltr'><strong>quin</strong></span> <span class='ocrx_word' id='word_1_190' title='bbox 887 3457 975 3518; x_wconf 90' lang='lat' dir='ltr'><strong>recte</strong></span> <span class='ocrx_word' id='word_1_191' title='bbox 999 3454 1097 3519; x_wconf 89' lang='lat' dir='ltr'><strong>scribi</strong></span> <span class='ocrx_word' id='word_1_192' title='bbox 1119 3455 1262 3538; x_wconf 89' lang='lat' dir='ltr'><strong>potuerit</strong></span> <span class='ocrx_word' id='word_1_193' title='bbox 1287 3456 1375 3538; x_wconf 88' lang='lat' dir='ltr'><strong>quod</strong></span> <span class='ocrx_word' id='word_1_194' title='bbox 1397 3456 1515 3539; x_wconf 86' lang='lat' dir='ltr'><strong>voluit,</strong></span> <span class='ocrx_word' id='word_1_195' title='bbox 1543 3460 1582 3520; x_wconf 92' lang='lat' dir='ltr'><strong>ut</strong></span> 
     </span>
    </p>
   </div>
   <div class='ocr_carea' id='block_1_4' title="bbox 286 3559 1621 4932">
    <p class='ocr_par' dir='ltr' id='par_1_4' title="bbox 286 3559 1621 4932">
     <span class='ocr_line' id='line_1_28' title="bbox 342 3559 1581 3646; baseline 0 -19"><span class='ocrx_word' id='word_1_196' title='bbox 342 3564 462 3646; x_wconf 87' lang='grc' dir='ltr'><strong><em>μίμνεν</em></strong></span> <span class='ocrx_word' id='word_1_197' title='bbox 485 3561 526 3625; x_wconf 84' lang='lat' dir='ltr'><strong>ad</strong></span> <span class='ocrx_word' id='word_1_198' title='bbox 547 3559 695 3626; x_wconf 79' lang='lat' dir='ltr'><strong>Iasonem</strong></span> <span class='ocrx_word' id='word_1_199' title='bbox 718 3561 856 3626; x_wconf 89' lang='lat' dir='ltr'><strong>relatum</strong></span> <span class='ocrx_word' id='word_1_200' title='bbox 879 3559 987 3625; x_wconf 89' lang='lat' dir='ltr'><strong>locum</strong></span> <span class='ocrx_word' id='word_1_201' title='bbox 1010 3564 1120 3626; x_wconf 88' lang='lat' dir='ltr'><strong>teneat</strong></span> <span class='ocrx_word' id='word_1_202' title='bbox 1138 3562 1173 3625; x_wconf 92' lang='lat' dir='ltr'><strong>in</strong></span> <span class='ocrx_word' id='word_1_203' title='bbox 1194 3562 1299 3626; x_wconf 89' lang='lat' dir='ltr'><strong>media</strong></span> <span class='ocrx_word' id='word_1_204' title='bbox 1318 3562 1478 3628; x_wconf 83' lang='lat' dir='ltr'><strong>sententia</strong></span> <span class='ocrx_word' id='word_1_205' title='bbox 1496 3583 1581 3627; x_wconf 90' lang='lat' dir='ltr'><strong>com·</strong></span> 
     </span>
     <span class='ocr_line' id='line_1_29' title="bbox 342 3668 1581 3753; baseline -0.002 -19"><span class='ocrx_word' id='word_1_206' title='bbox 342 3669 489 3753; x_wconf 85' lang='lat' dir='ltr'><strong>parativa</strong></span> <span class='ocrx_word' id='word_1_207' title='bbox 512 3691 593 3753; x_wconf 87' lang='lat' dir='ltr'><strong>quae</strong></span> <span class='ocrx_word' id='word_1_208' title='bbox 616 3670 688 3753; x_wconf 89' lang='lat' dir='ltr'><strong>ipsa</strong></span> <span class='ocrx_word' id='word_1_209' title='bbox 709 3670 835 3733; x_wconf 89' lang='lat' dir='ltr'><strong>nullum</strong></span> <span class='ocrx_word' id='word_1_210' title='bbox 860 3687 954 3733; x_wconf 90' lang='lat' dir='ltr'><strong>suum</strong></span> <span class='ocrx_word' id='word_1_211' title='bbox 977 3668 1112 3732; x_wconf 82' lang='lat' dir='ltr'><strong>verbum</strong></span> <span class='ocrx_word' id='word_1_212' title='bbox 1135 3668 1247 3753; x_wconf 89' lang='lat' dir='ltr'><strong>habet,</strong></span> <span class='ocrx_word' id='word_1_213' title='bbox 1271 3669 1311 3733; x_wconf 94' lang='lat' dir='ltr'><strong>ad</strong></span> <span class='ocrx_word' id='word_1_214' title='bbox 1334 3690 1407 3733; x_wconf 89' lang='lat' dir='ltr'><strong>cum</strong></span> <span class='ocrx_word' id='word_1_215' title='bbox 1431 3668 1581 3735; x_wconf 83' lang='lat' dir='ltr'><strong>videlicet</strong></span> 
     </span>
     <span class='ocr_line' id='line_1_30' title="bbox 342 3773 1580 3860; baseline -0.002 -20"><span class='ocrx_word' id='word_1_216' title='bbox 342 3776 474 3841; x_wconf 87' lang='lat' dir='ltr'><strong>modum</strong></span> <span class='ocrx_word' id='word_1_217' title='bbox 497 3798 593 3860; x_wconf 90' lang='lat' dir='ltr'><strong>quem</strong></span> <span class='ocrx_word' id='word_1_218' title='bbox 616 3798 714 3859; x_wconf 88' lang='lat' dir='ltr'><strong>supra</strong></span> <span class='ocrx_word' id='word_1_219' title='bbox 737 3776 980 3859; x_wconf 85' lang='lat' dir='ltr'><strong>declaravimus,</strong></span> <span class='ocrx_word' id='word_1_220' title='bbox 1006 3794 1166 3860; x_wconf 89' lang='lat' dir='ltr'><strong>quemque</strong></span> <span class='ocrx_word' id='word_1_221' title='bbox 1188 3773 1384 3858; x_wconf 80' lang='lat' dir='ltr'><strong>Apollonius</strong></span> <span class='ocrx_word' id='word_1_222' title='bbox 1408 3776 1477 3860; x_wconf 95' lang='lat' dir='ltr'><strong>ipse</strong></span> <span class='ocrx_word' id='word_1_223' title='bbox 1501 3775 1580 3840; x_wconf 91' lang='lat' dir='ltr'><strong>alibi</strong></span> 
     </span>
     <span class='ocr_line' id='line_1_31' title="bbox 343 3883 1621 3966; baseline 0.002 -19"><span class='ocrx_word' id='word_1_224' title='bbox 343 3887 473 3947; x_wconf 84' lang='lat' dir='ltr'><strong>secutus</strong></span> <span class='ocrx_word' id='word_1_225' title='bbox 496 3886 555 3966; x_wconf 86' lang='lat' dir='ltr'><strong>est,</strong></span> <span class='ocrx_word' id='word_1_226' title='bbox 578 3884 667 3948; x_wconf 85' lang='lat' dir='ltr'><strong>velut</strong></span> <span class='ocrx_word' id='word_1_227' title='bbox 690 3883 837 3949; x_wconf 80' lang='lat'>1111320</span> <span class='ocrx_word' id='word_1_228' title='bbox 1594 3906 1621 3949; x_wconf 83' lang='grc' dir='ltr'><strong>ιο</strong></span> 
     </span>
     <span class='ocr_line' id='line_1_32' title="bbox 666 3985 1432 4076; baseline -0.005 -19"><span class='ocrx_word' id='word_1_229' title='bbox 666 3990 684 4057; x_wconf 88' lang='grc' dir='ltr'><strong><em>δ</em></strong></span> <span class='ocrx_word' id='word_1_230' title='bbox 709 3988 740 4055; x_wconf 89' lang='grc' dir='ltr'><strong>δ’</strong></span> <span class='ocrx_word' id='word_1_231' title='bbox 766 3988 818 4076; x_wconf 89' lang='grc' dir='ltr'><strong>ἀρ’</strong></span> <span class='ocrx_word' id='word_1_232' title='bbox 846 3985 942 4067; x_wconf 86' lang='grc' dir='ltr'><strong><em>αὖτις</em></strong></span> <span class='ocrx_word' id='word_1_233' title='bbox 965 3988 1050 4056; x_wconf 84' lang='grc' dir='ltr'><strong><em>ἑλὼν</em></strong></span> <span class='ocrx_word' id='word_1_234' title='bbox 1073 3987 1174 4065; x_wconf 86' lang='grc' dir='ltr'><strong><em>σύκος</em></strong></span> <span class='ocrx_word' id='word_1_235' title='bbox 1196 3986 1315 4055; x_wconf 76' lang='grc' dir='ltr'><strong><em>ἔνθετο</em></strong></span> <span class='ocrx_word' id='word_1_236' title='bbox 1339 3989 1432 4076; x_wconf 80' lang='grc' dir='ltr'><strong><em>νύτρι</em></strong></span> 
     </span>
     <span class='ocr_line' id='line_1_33' title="bbox 505 4094 1331 4181; baseline -0.004 -18"><span class='ocrx_word' id='word_1_237' title='bbox 505 4095 662 4175; x_wconf 82' lang='grc' dir='ltr'><strong><em>ἐξόπιθεν</em></strong></span> <span class='ocrx_word' id='word_1_238' title='bbox 685 4096 740 4163; x_wconf 81' lang='grc' dir='ltr'><strong>καὶ</strong></span> <span class='ocrx_word' id='word_1_239' title='bbox 764 4096 861 4181; x_wconf 84' lang='grc' dir='ltr'><strong><em>γέντο</em></strong></span> <span class='ocrx_word' id='word_1_240' title='bbox 884 4103 982 4163; x_wconf 86' lang='grc' dir='ltr'><strong><em>θοῶν</em></strong></span> <span class='ocrx_word' id='word_1_241' title='bbox 1003 4094 1159 4180; x_wconf 85' lang='grc' dir='ltr'><strong><em>έμπλειον</em></strong></span> <span class='ocrx_word' id='word_1_242' title='bbox 1182 4096 1331 4162; x_wconf 84' lang='grc' dir='ltr'><strong><em>ὀδόντων</em></strong></span> 
     </span>
     <span class='ocr_line' id='line_1_34' title="bbox 504 4195 1462 4292; baseline -0.004 -21"><span class='ocrx_word' id='word_1_243' title='bbox 504 4207 635 4288; x_wconf 83' lang='grc' dir='ltr'><strong><em>πήληκα</em></strong></span> <span class='ocrx_word' id='word_1_244' title='bbox 657 4206 802 4290; x_wconf 84' lang='grc' dir='ltr'><strong><em>βριαρήν</em></strong></span> <span class='ocrx_word' id='word_1_245' title='bbox 823 4205 908 4288; x_wconf 90' lang='grc' dir='ltr'><strong><em>δόρυ</em></strong></span> <span class='ocrx_word' id='word_1_246' title='bbox 930 4202 958 4268; x_wconf 90' lang='grc' dir='ltr'><strong><em>τ’</em></strong></span> <span class='ocrx_word' id='word_1_247' title='bbox 986 4204 1126 4289; x_wconf 77' lang='grc' dir='ltr'><strong><em>ἄσχετον</em></strong></span> <span class='ocrx_word' id='word_1_248' title='bbox 1148 4195 1174 4292; x_wconf 80' lang='grc' dir='ltr'><strong><em>ᾧ</em></strong></span> <span class='ocrx_word' id='word_1_249' title='bbox 1194 4201 1224 4287; x_wconf 82' lang='grc' dir='ltr'><strong>ῥ’</strong></span> <span class='ocrx_word' id='word_1_250' title='bbox 1251 4202 1316 4268; x_wconf 89' lang='grc' dir='ltr'><strong>ὑπὸ</strong></span> <span class='ocrx_word' id='word_1_251' title='bbox 1340 4201 1462 4287; x_wconf 87' lang='grc' dir='ltr'><strong><em>μέσσας</em></strong></span> 
     </span>
     <span class='ocr_line' id='line_1_35' title="bbox 505 4308 1396 4400; baseline -0.002 -23"><span class='ocrx_word' id='word_1_252' title='bbox 505 4310 679 4396; x_wconf 77' lang='grc' dir='ltr'><strong><em>ἐργατίνης</em></strong></span> <span class='ocrx_word' id='word_1_253' title='bbox 702 4312 747 4388; x_wconf 82' lang='grc' dir='ltr'><strong>ὥς</strong></span> <span class='ocrx_word' id='word_1_254' title='bbox 768 4313 819 4388; x_wconf 91' lang='grc' dir='ltr'><strong><em>τίς</em></strong></span> <span class='ocrx_word' id='word_1_255' title='bbox 841 4333 876 4375; x_wconf 87' lang='grc' dir='ltr'><strong>τε</strong></span> <span class='ocrx_word' id='word_1_256' title='bbox 902 4311 1088 4394; x_wconf 89' lang='grc' dir='ltr'><strong><em>Πελασγίδι</em></strong></span> <span class='ocrx_word' id='word_1_257' title='bbox 1106 4310 1253 4376; x_wconf 86' lang='grc' dir='ltr'><strong><em>νύσσεν</em></strong></span> <span class='ocrx_word' id='word_1_258' title='bbox 1276 4308 1396 4400; x_wconf 90' lang='grc' dir='ltr'><strong><em>ἀκαίνῃ</em></strong></span> 
     </span>
     <span class='ocr_line' id='line_1_36' title="bbox 505 4418 833 4502; baseline -0.003 -18"><span class='ocrx_word' id='word_1_259' title='bbox 505 4418 652 4499; x_wconf 80' lang='grc' dir='ltr'><strong><em>οὐτάζων</em></strong></span> <span class='ocrx_word' id='word_1_260' title='bbox 675 4421 833 4502; x_wconf 86' lang='grc' dir='ltr'><strong><em>λαγόνας,</em></strong></span> 
     </span>
     <span class='ocr_line' id='line_1_37' title="bbox 344 4514 1580 4613; baseline -0.001 -22"><span class='ocrx_word' id='word_1_261' title='bbox 344 4548 427 4611; x_wconf 87' lang='lat' dir='ltr'><strong>quae</strong></span> <span class='ocrx_word' id='word_1_262' title='bbox 457 4526 504 4592; x_wconf 89' lang='lat' dir='ltr'><strong>sic</strong></span> <span class='ocrx_word' id='word_1_263' title='bbox 532 4530 608 4591; x_wconf 89' lang='lat' dir='ltr'><strong>sunt</strong></span> <span class='ocrx_word' id='word_1_264' title='bbox 636 4524 812 4591; x_wconf 84' lang='lat' dir='ltr'><strong>evolvenda</strong></span> <span class='ocrx_word' id='word_1_265' title='bbox 839 4526 924 4609; x_wconf 88' lang='grc' dir='ltr'><strong><em>δόρυ</em></strong></span> <span class='ocrx_word' id='word_1_266' title='bbox 952 4526 1107 4609; x_wconf 90' lang='grc' dir='ltr'><strong><em>ἄσχετον,</em></strong></span> <span class='ocrx_word' id='word_1_267' title='bbox 1140 4514 1167 4613; x_wconf 76' lang='grc' dir='ltr'><em>ᾦ</em></span> <span class='ocrx_word' id='word_1_268' title='bbox 1194 4524 1259 4589; x_wconf 87' lang='grc' dir='ltr'><strong>ὑπὸ</strong></span> <span class='ocrx_word' id='word_1_269' title='bbox 1287 4522 1410 4608; x_wconf 82' lang='grc' dir='ltr'><strong><em>μέσσας</em></strong></span> <span class='ocrx_word' id='word_1_270' title='bbox 1438 4526 1580 4607; x_wconf 87' lang='grc' dir='ltr'><strong><em>λαγόνας</em></strong></span> 
     </span>
     <span class='ocr_line' id='line_1_38' title="bbox 343 4630 1579 4721; baseline -0.002 -22"><span class='ocrx_word' id='word_1_271' title='bbox 343 4635 469 4699; x_wconf 80' lang='grc' dir='ltr'><strong><em>νύσσεν</em></strong></span> <span class='ocrx_word' id='word_1_272' title='bbox 491 4634 536 4711; x_wconf 81' lang='grc' dir='ltr'><strong>ὡς</strong></span> <span class='ocrx_word' id='word_1_273' title='bbox 559 4631 733 4721; x_wconf 78' lang='grc' dir='ltr'><strong><em>ἐργατίνης</em></strong></span> <span class='ocrx_word' id='word_1_274' title='bbox 756 4656 807 4709; x_wconf 92' lang='grc' dir='ltr'><strong><em>τις</em></strong></span> <span class='ocrx_word' id='word_1_275' title='bbox 829 4633 1015 4716; x_wconf 89' lang='grc' dir='ltr'><strong><em>Πελασγίδι</em></strong></span> <span class='ocrx_word' id='word_1_276' title='bbox 1038 4630 1168 4718; x_wconf 90' lang='grc' dir='ltr'><strong><em>ἀκαίνῃ,</em></strong></span> <span class='ocrx_word' id='word_1_277' title='bbox 1192 4630 1315 4697; x_wconf 84' lang='lat' dir='ltr'><strong>scilicet</strong></span> <span class='ocrx_word' id='word_1_278' title='bbox 1338 4632 1465 4713; x_wconf 76' lang='grc' dir='ltr'><strong><em>νύσσεν,</em></strong></span> <span class='ocrx_word' id='word_1_279' title='bbox 1488 4631 1579 4697; x_wconf 82' lang='lat' dir='ltr'><strong>cuius</strong></span> 
     </span>
     <span class='ocr_line' id='line_1_39' title="bbox 344 4738 1579 4823; baseline -0.002 -18"><span class='ocrx_word' id='word_1_280' title='bbox 344 4740 435 4805; x_wconf 84' lang='lat' dir='ltr'><strong>verbi</strong></span> <span class='ocrx_word' id='word_1_281' title='bbox 462 4743 569 4808; x_wconf 89' lang='lat' dir='ltr'><strong>locum</strong></span> <span class='ocrx_word' id='word_1_282' title='bbox 599 4741 726 4805; x_wconf 89' lang='lat' dir='ltr'><strong>obtinet</strong></span> <span class='ocrx_word' id='word_1_283' title='bbox 753 4742 891 4823; x_wconf 88' lang='grc' dir='ltr'><strong><em>νύσσεν,</em></strong></span> <span class='ocrx_word' id='word_1_284' title='bbox 919 4739 1006 4823; x_wconf 90' lang='lat' dir='ltr'><strong>quod</strong></span> <span class='ocrx_word' id='word_1_285' title='bbox 1033 4738 1242 4822; x_wconf 87' lang='lat' dir='ltr'><strong>praeteritum</strong></span> <span class='ocrx_word' id='word_1_286' title='bbox 1265 4758 1331 4803; x_wconf 92' lang='lat' dir='ltr'><strong>non</strong></span> <span class='ocrx_word' id='word_1_287' title='bbox 1355 4738 1396 4803; x_wconf 91' lang='lat' dir='ltr'><strong>ad</strong></span> <span class='ocrx_word' id='word_1_288' title='bbox 1419 4740 1579 4803; x_wconf 83' lang='lat' dir='ltr'><strong>aratorem</strong></span> 
     </span>
     <span class='ocr_line' id='line_1_40' title="bbox 286 4834 1091 4932; baseline -0.002 -21"><span class='ocrx_word' id='word_1_289' title='bbox 286 4834 290 4872; x_wconf 73' lang='lat'>³</span> <span class='ocrx_word' id='word_1_290' title='bbox 343 4846 485 4932; x_wconf 88' lang='lat' dir='ltr'><strong>pertinet</strong></span> <span class='ocrx_word' id='word_1_291' title='bbox 508 4848 564 4912; x_wconf 90' lang='lat' dir='ltr'><strong>sed</strong></span> <span class='ocrx_word' id='word_1_292' title='bbox 587 4848 627 4911; x_wconf 89' lang='lat' dir='ltr'><strong>ad</strong></span> <span class='ocrx_word' id='word_1_293' title='bbox 649 4845 807 4913; x_wconf 84' lang='lat' dir='ltr'><strong>Iasonem.</strong></span> <span class='ocrx_word' id='word_1_294' title='bbox 843 4844 1091 4910; x_wconf 80' lang='lat' dir='ltr'><strong>ltem1111392</strong></span> 
     </span>
    </p>
   </div>
   <div class='ocr_carea' id='block_1_5' title="bbox 0 0 1988 5725">
    <p class='ocr_par' dir='ltr' id='par_1_5' title="bbox 0 0 1988 5725">
     <span class='ocr_line' id='line_1_41' title="bbox 0 0 1988 5725; baseline 0 0"><span class='ocrx_word' id='word_1_295' title='bbox 0 0 1988 5725; x_wconf 95' lang='lat' dir='ltr'><strong> </strong></span> 
     </span>
    </p>
   </div>
  </div>
 </body>
</html>
