3967 5725
691 648 741 696 Du
759 646 1022 698 ARISTOPHANIS
1040 646 1243 709 EQUITIBUS.
1518 645 1585 710 273

350 809 470 896 regerit
487 812 522 874 in
541 809 686 892 alterum,
705 808 748 872 σὺ
766 803 829 892 μὲν
847 803 910 872 οὖν
928 831 985 890 μοι
1004 806 1089 890 λέγε,
1108 806 1179 872 he.
1199 807 1310 872 ‘immo
1329 812 1364 872 tu
1379 807 1460 873 mihi
1475 808 1584 892 dicas’,

350 939 416 981 non
443 916 606 980 videbitur
633 917 711 980 satis
741 914 906 979 commode
934 913 1070 979 adiicere
1096 915 1218 998 ἵναμὴ
1242 916 1407 1000 μάχωμαι;
1430 937 1505 978 nam
1528 916 1586 998 μά-

352 1047 441 1107 χεται
468 1023 499 1086 h.
519 1045 544 1088 e.
568 1025 754 1105 altercatur,
784 1043 848 1105 qua
868 1022 902 1084 ri
925 1021 1059 1085 verbum
1083 1025 1116 1085 et
1138 1022 1174 1086 in
1196 1021 1258 1086 hoc
1281 1043 1375 1087 versu
1397 1025 1531 1106 ponitur
1555 1027 1587 1087 et

353 1130 438 1214 alibi,
461 1127 764 1194 velutPlut.1076
788 1126 852 1210 ἐγὼ
876 1128 952 1213 περὶ
974 1128 1096 1211 ταύτης
1119 1129 1160 1193 οὐ
1182 1133 1353 1213 μαχοῦμαί
1374 1147 1438 1210 σοι,
1462 1129 1585 1195 Eccles.

353 1237 428 1321 621,
445 1259 506 1302 nec
524 1236 685 1302 diversum
704 1239 753 1300 est
770 1258 799 1299 v.
814 1234 880 1299 339
894 1232 970 1321 περὶ
984 1244 1045 1300 τοῦ
1058 1238 1218 1321 πρότερος
1232 1237 1338 1302 εἰπεῖν
1353 1237 1586 1321 διαμαχοῦμαι,

353 1345 391 1408 de
415 1367 479 1427 quo
504 1365 562 1408 suo
585 1344 657 1408 loco
679 1343 810 1407 dicetur.
849 1340 912 1417 Qui
929 1364 1006 1407 vero
1026 1342 1077 1406 his
1095 1343 1143 1406 ita
1160 1343 1278 1407 iunctis
1297 1342 1410 1408 Niciae
1428 1345 1587 1428 praetoris

352 1453 514 1538 ignaviam
537 1451 689 1535 proeliari
710 1450 887 1514 recusantis
911 1449 1057 1514 denotari
1080 1453 1235 1534 statuunt,
1258 1450 1355 1518 nimis
1378 1451 1442 1516 levi
1465 1451 1586 1516 indicio

317 1575 387 1630 ase
420 1559 492 1623 duci
524 1559 701 1642 patiuntur.
722 1555 826 1621 Nam
854 1557 916 1620 etsi
942 1560 1071 1640 poterat
1099 1555 1210 1622 Nicias
1236 1557 1373 1622 fortasse
1401 1557 1446 1622 ita
1475 1558 1587 1640 dicere,

352 1666 509 1738 finvcnias
536 1668 573 1729 tu
596 1663 736 1729 salutare
759 1662 894 1748 aliquid,
922 1667 960 1727 ut
983 1684 1043 1749 ego
1067 1685 1108 1727 ne
1132 1663 1263 1728 debeam
1286 1666 1453 1750 pugnare’,
1480 1671 1586 1731 tamen

351 1777 461 1838 utrum
484 1773 538 1837 hic
557 1795 598 1836 an
617 1769 698 1835 alter
715 1771 807 1853 prius
825 1771 936 1835 efferat
955 1769 1041 1854 quod
1061 1771 1169 1854 sentit,
1192 1771 1234 1834 ad
1250 1771 1431 1856 proeliandi
1449 1771 1585 1837 necessi·
1601 1796 1626 1836 ιο

352 1884 452 1944 tatem
479 1878 563 1943 nihil
590 1879 714 1942 attinet.
753 1876 873 1941 Verum
902 1878 939 1966 si,
954 1877 1034 1943 haec
1057 1880 1144 1942 tecta
1165 1877 1278 1944 Niciae
1302 1879 1496 1965 significatio
1521 1883 1587 1944 tam

353 1989 527 2067 constaret,
551 2007 648 2069 quam
671 1985 775 2048 aliena
798 1988 860 2066 est,
887 1989 996 2048 tamen
1018 1985 1109 2068 prius
1132 1985 1230 2049 verba
1253 2007 1311 2050 suo
1335 1987 1467 2070 proprio
1493 2007 1588 2051 sensu

352 2098 438 2158 recte
462 2096 696 2176 componantur
713 2112 842 2156 necesse
862 2095 920 2175 est,
943 2091 975 2156 id
996 2092 1082 2176 quod
1100 2091 1246 2156 videmus
1265 2093 1384 2160 abesse.
1422 2091 1535 2177 ltaque
1553 2093 1588 2156 in

353 2201 413 2284 his,
436 2201 498 2264 etsi
519 2220 614 2264 nemo
637 2198 797 2282 probavit,
820 2199 915 2263 nobis
938 2221 1014 2264 vera
1036 2199 1106 2263 visa
1129 2203 1179 2264 est
1202 2198 1337 2284 Sauppii
1355 2199 1588 2285 interpretatio,

352 2307 432 2371 haec
454 2305 552 2378 verba
574 2306 630 2371 iva
653 2307 697 2388 μὴ
721 2305 873 2390 μάχωμαι
896 2329 916 2371 a
937 2309 1134 2393 praegressis
1158 2309 1337 2392 separantis
1361 2309 1395 2372 in
1419 2308 1504 2372 hunc
1523 2328 1587 2372 mo-

355 2411 483 2500 dum*)‚
511 2418 548 2477 ut
574 2413 723 2477 incitanti
746 2411 959 2478 Demostheni
987 2418 1029 2478 σὺ
1057 2410 1119 2495 μὲν
1145 2411 1207 2480 οὖν
1230 2440 1286 2498 μοι
1310 2413 1384 2498 λέγε
1406 2414 1518 2481 Nicias
1542 2436 1589 2478 re·

354 2521 523 2605 spondeat,
552 2542 585 2586 se
612 2519 694 2586 velle
723 2520 828 2587 dicere
855 2542 897 2585 ne
921 2523 1056 2586 rixetur:
1085 2523 1207 2606 ἵναμὴ
1230 2522 1381 2606 μάχωμαι
1406 2523 1473 2587 scil.
1498 2520 1588 2600 λέξω.

355 2627 455 2705 Quem
482 2649 603 2691 morem
630 2626 784 2711 loquendi
813 2626 974 2712 Sauppius
1004 2629 1205 2695 confirmavit
1233 2630 1387 2712 exemplis
1412 2629 1588 2702 Platonicis
1683 2691 1688 2699 ,

354 2736 442 2799 velut
469 2734 507 2799 de
533 2732 663 2817 Oratylo
691 2735 748 2799 ἵνα
774 2736 818 2819 μὴ
846 2737 1042 2820 μαχώμεθα,
1071 2734 1229 2813 ἀπόδεξαί
1253 2760 1318 2820 μου
1347 2735 1364 2800 ὃ
1392 2737 1475 2819 λέγω
1500 2737 1589 2800 etin

353 2841 533 2927 Republica
559 2838 642 2907 ἔστω
671 2843 727 2906 ἵνα
755 2859 808 2908 σοι
837 2843 881 2926 μὴ
909 2841 1130 2928 διαφέρωμαω
1159 2866 1260 2928 eaque
1288 2844 1336 2909 vis
1360 2844 1531 2910 verborum
1554 2845 1589 2909 in
1604 2866 1631 2906 ιο

292 3023 294 3025 ,
354 2952 416 3016 hoc
446 2949 622 3013 rixantium
653 2949 848 3014 famulorum
881 2972 1027 3016 sermone
1060 2972 1098 3015 co
1131 2951 1257 3016 facilius
1285 2951 1425 3038 intelligi
1452 2956 1590 3036 poterat,

356 3058 431 3141 quia
453 3056 586 3121 verbum
609 3056 774 3139 μάχεσθαι
797 3061 835 3121 ut
858 3057 999 3121 diximus
1021 3079 1087 3122 non
1111 3059 1237 3142 saepius
1261 3059 1415 3122 dammis
1435 3059 1590 3142 quamde

355 3163 461 3229 verbis
488 3164 567 3247 poni
595 3164 685 3227 solet.
722 3161 808 3227 Illud
835 3186 964 3248 quoque
989 3163 1151 3249 Sauppius
1179 3166 1279 3248 probe
1305 3164 1480 3250 intellexit,
1509 3188 1589 3249 quae

355 3273 569 3355 insequuntur
597 3271 693 3335 verba
720 3272 765 3353 μά
792 3272 851 3335 τὸν
870 3270 1018 3336 Ἀπόλλω
1039 3268 1100 3355 ’γὼ
1124 3268 1184 3355 μὲν
1208 3272 1249 3337 οὔ
1272 3295 1339 3338 non
1362 3271 1590 3337 Demosthenis

356 3400 433 3463 esse,
456 3380 546 3443 cuius
569 3378 735 3464 ingenium
757 3376 892 3461 respuit,
916 3377 971 3442 sed
995 3379 1047 3442 cui
1070 3378 1219 3443 inlibris
1242 3379 1439 3464 tribuuntur,
1462 3378 1589 3470 Niciae,

356 3486 460 3571 iisque
488 3487 585 3550 tertio
612 3484 684 3550 loco
712 3483 936 3549 adhaerescere
964 3484 1063 3548 verba
1089 3484 1266 3570 Euripides
1295 3497 1365 3563 πῶς
1393 3486 1435 3551 dv
1463 3488 1505 3552 σύ
1533 3510 1590 3571 μοι

357 3593 488 3677 λέξειας,
507 3594 548 3657 ab
567 3592 679 3657 eodem
692 3591 788 3658 Nicia
807 3592 840 3655 in
860 3614 950 3656 suam
969 3593 1163 3656 sententiam
1183 3614 1344 3657 conversa.
1379 3593 1441 3657 Sed
1460 3596 1498 3657 ut
1511 3594 1591 3658 haec

356 3704 441 3765 recte
460 3703 656 3784 statuuntur,
676 3700 721 3764 ita
736 3698 897 3785 Sauppius
917 3721 990 3764 oum
1010 3703 1041 3763 et
1061 3698 1129 3783 ipse
1148 3698 1181 3762 in
1200 3699 1251 3763 his
1270 3700 1374 3765 inesse
1392 3705 1486 3784 putet
1505 3701 1591 3785 quod

356 3806 469 3872 Niciae
492 3807 641 3871 inertiam
664 3807 805 3873 ludibrio
829 3811 942 3893 tangat
965 3831 984 3871 a
1006 3829 1082 3871 vera
1106 3806 1263 3871 sententia
1283 3806 1378 3870 nobis
1398 3808 1527 3891 quidem
1546 3808 1590 3872 vi-

358 3914 451 3978 detur
477 3914 652 3979 deflexisse.
688 3911 810 3997 Itaque
830 3936 890 3979 nos
916 3919 1065 3979 nostrum
1089 3913 1320 3997 interpretandi
1344 3912 1405 3977 iter
1427 3915 1590 3998 persequi·
1606 3937 1632 3976 ao

357 4043 438 4085 mur.
475 4020 606 4085 Etenim
628 4019 754 4104 Nicias,
780 4026 991 4105 posteaquam
1018 4020 1155 4086 seualle
1180 4020 1284 4085 dicere
1308 4020 1394 4104 quod
1416 4020 1533 4084 habeat
1557 4022 1591 4084 in

356 4133 463 4193 mente
486 4128 592 4193 fassus
616 4132 673 4211 est,
696 4149 769 4193 cum
792 4129 828 4193 in
850 4150 888 4193 eo
908 4133 957 4193 est
975 4133 1011 4193 ut
1029 4131 1165 4213 promat,
1188 4131 1275 4192 metu
1295 4129 1461 4211 correptus
1480 4149 1591 4192 rursus

358 4256 392 4298 se
415 4239 513 4319 negat
536 4256 604 4299 esse
630 4235 798 4319 dicturum,
822 4236 867 4319 μὰ
889 4237 949 4301 τὸν
967 4234 1115 4300 Ἀπόλλω
1135 4234 1196 4317 ’γὼ
1219 4230 1281 4319 μὲν
1304 4235 1360 4299 od:
1388 4255 1471 4317 quae
1493 4232 1592 4298 verba

357 4341 439 4406 falso
467 4342 684 4426 accipiuntur,
712 4343 740 4406 si
769 4343 854 4425 quia,
882 4347 920 4407 ut
946 4343 1016 4426 ipse
1044 4339 1219 4426 Sauppius,
1249 4363 1288 4405 ex
1315 4322 1464 4424 μάχωμαι
1488 4340 1591 4424 repeti

363 4603 366 4616 1
448 4553 511 4621 ‘16)
530 4553 615 4607 Posse
637 4554 708 4607 haec
731 4571 818 4606 unum
842 4552 1020 4607 enuntiatum
1039 4552 1163 4618 efficere,
1187 4554 1219 4605 σὺ
1239 4552 1289 4623 μὲν
1308 4549 1360 4607 οὖν
1379 4573 1426 4622 μοι
1445 4551 1514 4621 λέγε,
1543 4550 1591 4607 ἵνα

359 4641 395 4711 μὴ
415 4642 558 4713 μάχωμαι,
582 4658 639 4695 non
661 4644 795 4712 negatur,
819 4642 891 4695 conf.
906 4642 1027 4695 Acharn.
1043 4647 1092 4694 111
1115 4640 1225 4709 φράσον
1245 4642 1305 4710 ἐμοὶ
1324 4650 1421 4709 σαφῶς
1440 4640 1487 4696 ἴνα
1506 4642 1544 4711 μή
1564 4658 1592 4695 σε

360 4730 458 4802 βάψω,
482 4732 531 4786 sed
554 4733 607 4785 hoc
630 4749 705 4786 nunc
725 4732 866 4786 sententia
883 4748 938 4783 non
958 4731 1079 4799 petitum
1105 4732 1133 4783 et
1152 4728 1200 4784 ἵνα
1219 4730 1263 4784 vel
1282 4729 1330 4785 iva
1349 4729 1386 4797 μή
1405 4746 1438 4784 ex
1458 4731 1592 4800 cogitato,

266 4875 276 4889 ‚
359 4837 416 4873 non
433 4821 526 4889 posito
545 4820 628 4875 verbo
647 4821 769 4889 pendere
788 4837 879 4889 posse,
898 4820 980 4874 docet
995 4821 1044 4873 Av.
1060 4825 1111 4872 355
1131 4815 1212 4881 οὗτος
1231 4820 1264 4873 οὐ
1283 4827 1387 4887 μενεῖς,
1408 4822 1465 4873 ΕΤ.
1482 4817 1521 4875 ἵν’
1538 4820 1593 4873 ὑπὸ

358 4909 467 4963 τούτων
486 4912 668 4979 ὃιαφορηθῶς

412 5008 541 5048 Vahlani
555 5011 667 5057 opuscul·
680 5010 711 5049 IL
1327 5002 1359 5050 18
