3967 5725
388 636 433 701 92
537 638 688 690 XXXVIII.
708 638 821 688 INDEX
842 636 1056 688 LEOTIONUM
1074 636 1315 687 HIBERNARUM
1330 635 1462 705 1893s94.

392 802 478 887 apud
505 802 591 866 huno
617 798 824 883 potmsimum
852 802 993 882 poetam3
1022 798 1113 861 ouius
1141 820 1243 882 panca
1271 797 1433 861 afferimus
1457 818 1496 861 ex
1518 795 1626 861 Fastis

384 913 544 993 prompta.
998 963 1000 966 .

402 1014 522 1081 111765
570 1014 635 1079 Car
658 1036 740 1080 anas
761 1015 817 1079 boo
836 1015 939 1096 faeiat
961 1016 1105 1095 qaaerit:
1127 1014 1266 1077 vinosior
1288 1019 1375 1077 aetas

437 1188 438 1191 ,
612 1123 702 1187 Haeo
724 1128 783 1199 eat·

392 1228 522 1293 ‚v1551
572 1228 637 1293 Cnr
659 1235 735 1294 oetet
756 1228 890 1293 ancillas
913 1223 1053 1293 aooodere
1074 1229 1241 1309 quaeritis:
1265 1229 1338 1306 odit,

619 1336 881 1418 Prina'pinrnqne
903 1336 969 1400 odii
991 1336 1022 1400 si
1043 1337 1131 1400 ainai
1151 1335 1211 1399 itta
1232 1355 1355 1400 oanorn.

409 1462 446 1508 vr
460 1444 526 1508 283
573 1444 638 1509 Cor
660 1442 899 1526 stertentibus
921 1444 1047 1523 ononis
1069 1443 1127 1507 dea
1150 1442 1233 1507 arba
1256 1444 1428 1507 miniatem·

615 1551 782 1615 Inveniam
806 1569 918 1615 oansas
940 1549 999 1614 bae
1021 1570 1137 1631 qnoque
1153 1556 1248 1631 parto
1268 1571 1352 1615 anas.

388 1656 441 1745 (of.
457 1657 563 1742 1219;
587 1676 610 1720 v
625 1656 705 1740 5263
728 1656 856 1721 Metam.
872 1654 1003 1741 11512.)

345 1786 372 1833 ιο
420 1784 445 1829 ιι
461 1764 526 1829 283
575 1764 640 1830 Cnr
662 1764 760 1846 ioitnr
782 1769 912 1827 narrant
934 1770 962 1827 et
984 1771 1039 1827 oar
1062 1763 1123 1845 (rie
1145 1784 1267 1829 oarrne
1289 1785 1355 1829 mos
1377 1764 1435 1845 est)

613 1872 713 1936 Nndo
734 1871 841 1952 ferant
856 1872 965 1952 posita
988 1881 1117 1953 eorpora
1139 1877 1218 1936 oeate
1240 1892 1348 1954 ranas:

569 1980 643 2062 Ipse
666 1980 741 2043 dens
763 1978 850 2044 oetan
873 1979 1047 2043 disrnrrere
1067 1979 1182 2060 qanta
1204 2016 1248 2024 —

405 2106 442 2150 vl
459 2086 522 2151 169
570 2086 714 2169 Pinyaia
737 2106 793 2151 aar
814 2085 882 2151 iltis
901 2091 1064 2168 onatentnr
1086 2084 1181 2150 tardo
1203 2086 1343 2151 eatendn

614 2192 783 2275 Mixtaqae
805 2212 874 2256 arrn
898 2192 1001 2257 ootido
1023 2193 1066 2256 ait
1085 2192 1163 2273 faba
1184 2194 1273 2272 farre
1294 2214 1404 2275 rooas:

570 2300 687 2365 Prisoa
710 2301 769 2365 dea
792 2305 837 2363 eat
857 2299 1015 2380 atitnrqne
1037 2298 1114 2364 oibis
1137 2337 1179 2345 -

386 2406 449 2478 Sed
473 2408 506 2471 in
529 2407 582 2471 his
606 2407 757 2471 omnibus
782 2405 865 2489 quod
886 2404 985 2491 vulgo
1005 2405 1291 2492 interrogationem
1312 2407 1492 2493 designant,
1515 2428 1627 2491 quam-

386 2536 484 2597 quam
508 2536 575 2577 non
592 2514 824 2596 vituperamuS,
847 2516 956 2577 tamen
974 2535 1012 2576 ea
1031 2535 1106 2577 vera
1123 2513 1238 2577 harum
1259 2513 1491 2579 sententiarum
1509 2517 1628 2579 natura

385 2643 452 2685 non
471 2624 532 2685 est:
551 2621 631 2685 haee
645 2621 730 2684 enim
750 2641 832 2703 quae
851 2618 930 2683 dioit
948 2621 1081 2699 qnaeris,
1100 2622 1259 2700 qnaobis,
1278 2642 1371 2703 royas
1388 2644 1455 2685 non
1473 2620 1628 2685 differunt

387 2728 427 2793 ab
452 2749 489 2791 eo
515 2726 601 2811 quod
625 2726 704 2791 alibi
727 2725 864 2790 eundem
888 2726 922 2788 in
946 2747 1075 2790 sensum
1098 2727 1233 2809 ponitur
1255 2730 1286 2791 ai
1306 2730 1433 2809 qnaerr'a

345 2852 373 2897 ro
405 2834 525 2899 111183
576 2834 662 2916 Qnae
683 2835 781 2915 faerit
802 2834 910 2912 nostri,
933 2834 963 2898 si
984 2834 1119 2915 qaaere,
1141 2835 1230 2915 reaia
1251 2836 1330 2914 nati,

615 2941 731 3022 Aspice
754 2941 792 3005 de
814 2960 919 3005 oanno
941 2941 1206 3024 airarninrbneqno
1230 2942 1364 3007 domam.

407 3067 445 3112 vl
460 3049 532 3114 212
572 3048 610 3114 Si
633 3046 757 3112 titnlnni
780 3050 915 3130 anania,
939 3045 1032 3112 Sntta
1048 3047 1197 3129 probavit
1218 3069 1303 3131 opnr.

406 3173 444 3220 v1
460 3156 523 3220 767
572 3157 727 3236 Tempora
749 3157 778 3218 si
800 3156 910 3218 aeterra
932 3157 1059 3236 qnaeris
1080 3157 1249 3220 temerario
1271 3157 1391 3235 damni,

620 3263 754 3343 Qnintns
777 3260 816 3325 ab
839 3266 972 3326 externo
995 3282 1099 3326 rnense
1121 3262 1168 3326 bis
1189 3261 1244 3328 itte
1266 3265 1340 3328 dies.
1405 3319 1408 3322 ,

385 3369 596 3451 Eandemque
620 3369 777 3433 rationem
800 3389 877 3452 prae
901 3369 1072 3452 referunt,
1095 3369 1268 3452 inquibus
1287 3373 1395 3434 tamen
1412 3393 1507 3435 nemo
1527 3371 1628 3436 inter·

385 3477 590 3562 rogationem
613 3479 714 3559 notat,

406 3583 524 3647 v1113
570 3582 658 3647 Herio
680 3582 797 3664 ationis
819 3583 967 3646 inoennrn
991 3583 1122 3647 dixisset
1144 3585 1290 3646 amantio
1313 3583 1424 3648 oerba:

618 3689 779 3753 Reddebat
800 3689 878 3753 tates
896 3691 1043 3770 protinas
1064 3689 1124 3753 itta
1145 3709 1243 3754 sonos.

387 3793 444 3877 (of.
459 3813 495 3859 1v
510 3793 601 3882 487.)

345 3922 373 3962 aa
423 3922 445 3965 v
461 3903 541 3966 321
572 3903 747 3968 Florebant
768 3903 867 3968 oleae:
890 3905 973 3968 venti
995 3925 1123 3969 noonere
1139 3904 1296 3984 proteron

615 4009 789 4075 Florebant
811 4016 937 4092 aeones:
959 4011 1118 4092 arantino
1139 4009 1225 4074 laesa
1250 4009 1356 4087 Cerea·

572 4117 615 4181 In
637 4137 690 4198 spe
711 4119 785 4182 vitis
807 4123 890 4182 erat:
914 4117 1033 4182 manin
1054 4118 1203 4199 nioresoit
1224 4118 1263 4180 ab
1286 4118 1412 4183 anatra.

297 4261 301 4268 ·
389 4222 477 4300 Quae
502 4224 559 4307 qui
582 4225 760 4312 contulerit
780 4246 853 4290 oum
876 4222 1093 4289 1263-265
1111 4225 1141 4288 si
1159 4223 1231 4287 bene
1247 4223 1412 4304 finnerint
1428 4229 1545 4307 senates,
1569 4225 1631 4290 ern

388 4351 465 4396 area
488 4332 574 4396 dives
598 4336 656 4396 oet.
680 4330 811 4396 illorum
836 4330 1016 4395 orationem
1039 4333 1125 4393 reete
1148 4329 1340 4394 aestimabit.
1382 4329 1475 4396 Adde

434 4436 527 4501 1315
574 4438 753 4503 Institerint
774 4457 892 4502 nonae:
915 4437 1008 4502 missi
1029 4436 1087 4500 tibi
1108 4436 1243 4501 nnbibns
1265 4439 1346 4502 atris

618 4544 718 4626 Siyno
743 4544 862 4609 dabam
884 4543 999 4609 imbres
1021 4580 1066 4588 —

422 4670 448 4715 ιι
462 4650 528 4717 453
579 4650 657 4716 Orto
680 4651 746 4715 dies
767 4652 880 4732 faerit:
903 4657 937 4715 tn
956 4650 1062 4715 desine
1083 4651 1204 4715 modae
1225 4652 1332 4716 eontra.

387 4755 441 4822 Ad
463 4757 581 4823 horum
604 4757 707 4843 igitur
729 4757 948 4840 exemplorum
973 4757 1218 4821 similitudinem
1243 4757 1269 4820 si
1293 4739 1425 4821 distiohi
1449 4756 1537 4822 illius
1557 4779 1630 4822 ora-

388 4853 510 4930 tionem
533 4863 747 4950 probabiliter
771 4864 997 4928 conutituimns
1623 4856 1627 4860 “
