3967 5725
404 630 470 695 332
592 633 625 683 n.
643 633 760 684 neuun
778 631 992 684 memorans
1010 632 1251 684 nussunsnu
1270 629 1438 700 1eees1eoo.

494 811 514 858 1.
551 791 686 858 Initium
714 792 899 878 disputandi
926 793 1063 858 facimus
1091 792 1130 857 ab
1154 794 1225 876 ipso
1248 813 1350 878 paene
1372 791 1532 876 principio
1556 791 1676 866 Aea-4

406 900 601 966 demicorum
625 898 788 986 (14,15),
810 899 867 964 ubi
890 899 933 964 M.
952 898 1058 964 Varro
1082 899 1134 966 cui
1159 897 1270 965 Cicero
1293 900 1328 963 in
1350 899 1403 964 his
1425 898 1533 984 libris,
1556 920 1638 983 quos

405 1009 436 1072 ei
458 1007 631 1092 inscriptos
655 1006 771 1092 voluit,
794 1007 928 1072 honoris
951 1027 1048 1072 ceusu
1070 1010 1178 1090 partes
1200 1007 1389 1091 praecipuas
1413 1006 1570 1071 sermonis
1594 1010 1640 1070 et-

405 1114 530 1199 tribuit,
552 1116 587 1180 in
609 1114 696 1179 hunc
718 1113 849 1180 modum
873 1135 1006 1178 exorsus
1030 1113 1156 1178 dicitur.

539 1220 680 1287 Socrates
704 1222 783 1286 achi
805 1222 927 1286 videta
949 1221 1006 1306 [id
1026 1221 1109 1302 qaod
1130 1226 1247 1285 asaal
1268 1221 1350 1284 ieter
1372 1219 1495 1304 mnes]
1511 1221 1640 1302 pomus

539 1350 561 1393 a
582 1328 673 1394 retas
695 1327 819 1393 occultis
840 1334 868 1393 et
890 1328 930 1392 ab
952 1329 1024 1409 ipsa
1042 1333 1159 1393 catara
1177 1327 1330 1406 incohatis,
1354 1329 1390 1392 ia
1408 1326 1519 1409 quibas
1536 1347 1640 1392 archa

450 1519 454 1524 ‚
475 1502 479 1509 ,
506 1504 509 1508 A
539 1441 612 1501 anie
629 1456 702 1500 eam
711 1435 890 1520 philosophi
908 1435 1198 1517 compulissem,
1222 1436 1397 1500 avocavisse
1407 1433 1639 1516 philosophiam

498 1555 510 1559 ·’
540 1548 569 1607 ct
590 1542 635 1606 ad
656 1543 754 1606 vitam
777 1557 967 1606 mmmmm
990 1541 1173 1620 adduxisse,
1200 1541 1482 1606 atdcoiiialihas
1504 1542 1641 1606 avitiis

485 1667 489 1726 j
512 1699 516 1705 .
540 1651 723 1730 maciaco
743 1650 783 1714 de
805 1649 893 1717 louis
907 1648 1005 1714 rotas
1026 1654 1055 1714 et
1077 1647 1174 1713 malis
1188 1654 1353 1730 quaeerit,
1377 1647 1518 1714 micetio
1536 1653 1639 1713 amem

493 1803 500 1832 2
528 1756 586 1826 ,cel
606 1755 732 1838 ,procel
749 1774 812 1821 esse
839 1777 860 1820 a
886 1761 995 1822 nostra
1022 1757 1192 1838 cophiliom
1218 1760 1348 1822 censeret
1374 1755 1421 1820 ccl
1446 1757 1476 1837 si
1503 1757 1642 1839 maeirrae

497 1935 500 1940 ,
541 1865 663 1946 caprile
684 1868 789 1942 esseut
812 1863 895 1941 spicil
917 1868 1023 1928 amen
1045 1863 1090 1929 ad
1111 1862 1184 1944 berec
1205 1863 1379 1938 alvaldum.
1627 1856 1632 1861 ’

406 1967 449 2046 In,
469 1970 590 2054 quibus
617 1968 793 2034 Muellerus
819 1968 921 2033 verbe
946 1970 984 2034 id
1009 1969 1092 2050 quad
1117 1974 1244 2051 audet
1261 1971 1342 2044 iuter
1368 1990 1579 2053 omnesquae
1606 1991 1642 2036 se

405 2074 715 2164 neget‘intelligere
734 2075 896 2159 quomodo
915 2076 992 2140 ferri
1011 2076 1149 2160 possint’
1168 2076 1294 2158 noterit
1312 2079 1350 2141 ut
1368 2077 1485 2161 spurio
1519 2075 1567 2142 Et
1578 2078 1643 2142 hoc

407 2183 538 2250 concedi
562 2185 701 2267 eparhoh,
724 2183 759 2248 in
781 2181 842 2246 hec
864 2183 1034 2267 sententie,
1057 2205 1154 2267 quem
1178 2181 1312 2248 eandem
1332 2181 1443 2248 cicero
1466 2187 1553 2248 recte
1572 2205 1640 2248 ore·

407 2292 496 2356 tione
518 2289 701 2355 his'verbis
722 2288 863 2356 reddidit
880 2277 1008 2355 Tuscid.
1028 2289 1109 2374 disp.
1128 2308 1151 2353 v
1170 2289 1201 2373 4,
1221 2289 1428 2372 lOSoaraies
1450 2296 1553 2355 mm
1570 2292 1643 2372 pri·

407 2417 478 2464 mus
492 2397 731 2480 philosophiam
758 2398 914 2462 devocavit
939 2417 956 2462 e
982 2397 1065 2462 caela
1092 2403 1120 2461 et
1146 2398 1182 2461 ia
1208 2397 1337 2480 arbitres
1363 2397 1530 2462 carelocaoit
1556 2399 1644 2476 etia

406 2505 517 2574 amis
543 2505 638 2570 aen
665 2504 840 2572 introducit
861 2510 891 2568 et
912 2504 1153 2586 eoepitdacita
1176 2510 1205 2568 ct
1227 2504 1366 2570 meatus
1385 2504 1532 2586 rebusque
1554 2505 1645 2572 boec

406 2617 436 2678 a
461 2611 557 2678 malis
581 2631 740 2693 aeaeae,
768 2610 824 2676 ille
851 2610 916 2676 duo
943 2611 1023 2676 mihi
1044 2611 1171 2678 ,oidelae
1185 2599 1231 2676 'et
1258 2612 1295 2676 id
1318 2601 1401 2692 qaod
1422 2618 1540 2678 aedat
1560 2615 1644 2678 ictor

406 2739 512 2792 omnes
538 2741 604 2790 non
632 2719 710 2796 setis
738 2720 893 2787 concinne
915 2718 1090 2803 coniugata
1112 2716 1222 2798 uideri.
1260 2715 1324 2782 Sed
1347 2719 1374 2783 si
1398 2717 1542 2784 delemus
1563 2743 1642 2804 κομ-

367 2850 393 2893 eu
406 2827 527 2912 piceos
547 2807 664 2894 editori
675 2830 876 2910 suspectum,
899 2830 937 2895 ut
955 2825 1122 2893 mittemus
1141 2825 1196 2907 vir
1215 2825 1294 2891 setis
1313 2825 1453 2912 intelligi
1472 2827 1544 2911 quis
1563 2825 1644 2897 tuln

406 2934 574 3000 additurus
601 2933 714 3014 fuerit,
742 2931 917 3008 verendum
944 2936 995 2999 est
1021 2955 1064 2997 ne
1089 2933 1310 3017 relinquamus
1338 2933 1426 3016 quod
1449 2955 1515 3015 non
1538 2936 1642 3021 magis

405 3041 682 3125 placitur-umen,
704 3038 883 3108 Varronem
908 3040 942 3105 in
964 3063 1003 3107 ee
1026 3061 1073 3123 re,
1097 3062 1180 3123 quse
1202 3038 1334 3125 vulgate
1357 3044 1427 3119 eret
1449 3044 1482 3105 et
1504 3045 1542 3107 ut
1564 3046 1645 3121 notu

407 3146 602 3221 e'Gicerene
631 3148 703 3232 ipse
726 3146 922 3215 elteroloco
946 3147 1092 3231 refertur,
1116 3148 1220 3213 dicere
1243 3147 1317 3213 sibi
1340 3149 1462 3215 uideri
1484 3148 1644 3217 Socratem

400 3257 595 3347 primm-a
621 3254 711 3321 roheis
738 3255 861 3319 occultis
876 3255 1111 3338 philosophiam
1133 3240 1283 3335 evocasse.
1321 3253 1427 3331 Quare
1449 3278 1550 3321 unum
1573 3260 1643 3325 can-

407 3366 477 3427 tum
504 3383 522 3426 e
550 3360 677 3435 duobus
698 3360 743 3430 .si;
758 3361 836 3426 ierri
858 3366 981 3446 potest,
1008 3362 1185 3446 preestebit
1207 3360 1346 3427 retinere
1368 3362 1402 3428 id
1425 3362 1529 3447 ipsum
1555 3364 1642 3447 qued

408 3468 465 3535 ille
492 3467 626 3551 abiecit,
657 3471 694 3533 ut
726 3468 772 3533 ite
799 3469 884 3535 dicet
907 3468 1011 3543 Verre·
1038 3469 1196 3535 Socratem
1221 3474 1368 3549 coastat
1393 3470 1493 3535 ihtcr
1519 3491 1645 3536 omues

400 3576 545 3656 mercam
572 3574 612 3639 ab
638 3575 777 3641 occulis
790 3595 932 3642 wocassc
952 3576 1193 3658 philosophiam.
1224 3567 1299 3641 'sed
1326 3575 1481 3647 adhunc
1508 3577 1640 3643 modum

408 3680 562 3763 quonium
586 3667 664 3747 lieri
680 3705 745 3747 nou
768 3686 877 3767 potest
898 3687 935 3759 ut
958 3684 1056 3747 verbe
1079 3682 1297 3765 emendentur,
1318 3682 1385 3746 ism
1407 3683 1565 3749 fateamur
1586 3706 1642 3749 ne·

407 3808 495 3854 cesse
521 3793 572 3855 est
593 3789 803 3856 rescindendo
826 3791 862 3855 in
886 3793 1033 3856 neutrum
1056 3793 1192 3874 partem,
1206 3788 1344 3853 multum
1367 3790 1490 3874 profici.
1527 3788 1644 3875 Iteque

366 3920 393 3962 ec
407 3896 454 3960 sic
476 3894 697 3966 existimemus
719 3900 892 3981 utrumque
912 3894 1098 3962 Ciceronem
1120 3895 1296 3980 scripsisse,
1319 3896 1376 3980 qui
1395 3898 1471 3980 quie
1489 3902 1644 3981 posuerat

408 4002 488 4067 mihi
509 4004 640 4083 addar,
662 4003 738 4069 huic
761 4004 948 4088 sententiae,
970 4024 1067 4087 quem
1090 4025 1157 4070 non
1180 4004 1258 4069 setis
1281 4002 1554 4070 accommodatam
1572 4022 1641 4069 esse

407 4110 580 4196 sentiebat,
608 4111 701 4195 qussi
729 4110 910 4196 corrigendi
938 4130 1034 4175 ceusu
1061 4111 1176 4177 ediecit
1203 4112 1340 4175 elterum
1363 4112 1400 4175 id
1420 4112 1503 4194 quod
1523 4116 1644 4177 mat

407 4216 489 4282 iuter
510 4238 622 4284 wera.
1006 4275 1018 4293 .,
1365 4292 1367 4295 .
1530 4236 1533 4245 ’

496 4322 573 4391 Non
594 4324 763 4394 laudamus
780 4346 822 4391 ne
841 4325 887 4389 sic
906 4324 1036 4409 quidem
1054 4325 1136 4390 hunc
1155 4325 1312 4393 orationis
1330 4326 1478 4410 formem,
1501 4324 1640 4405 sednon

407 4432 572 4515 quaeriue
594 4431 789 4516 quidnobis
811 4432 1007 4498 tendendum
1030 4433 1186 4517 uideatur,
1208 4454 1317 4499 verum
1342 4432 1420 4517 quid
1442 4455 1461 4499 e
1480 4430 1644 4514 Cicerone,

408 4537 465 4620 qni
483 4539 586 4604 multe
603 4538 733 4622 scripsit
750 4542 783 4605 et
801 4560 896 4625 seepe
914 4539 1114 4621 festinanter,
1132 4540 1314 4623 profectum
1334 4561 1404 4605 esse
1422 4538 1574 4605 credibile
1589 4524 1640 4603 sit.

408 4641 471 4719 Qui
494 4644 546 4708 vel
568 4645 628 4719 illu·
648 4667 729 4729 quee
751 4647 884 4731 scripsit
906 4647 946 4713 de
967 4645 1087 4711 finibus
1111 4664 1137 4711 11
1160 4646 1232 4729 1,2
1311 4712 1313 4718 ,

541 4749 1011 4834 Sedalllam‘qccmuomhraoi
1018 4752 1225 4839 (Leontinum
1235 4750 1388 4841 Gorgiam
1397 4751 1644 4840 dieitmcceos

541 4857 702 4937 sophistas,
720 4864 756 4923 at
772 4859 935 4925 cPlolone
951 4860 1085 4943 inlellipi
1097 4866 1205 4942 potest,
1223 4860 1305 4929 haas
1318 4862 1459 4928 cidemcs
1471 4882 1493 4927 a
1506 4858 1643 4942 Socrate,
