<?xml version="1.0" encoding="UTF-8"?>
<!DOCTYPE html PUBLIC "-//W3C//DTD XHTML 1.0 Transitional//EN"
    "http://www.w3.org/TR/xhtml1/DTD/xhtml1-transitional.dtd">
<html xmlns="http://www.w3.org/1999/xhtml" xml:lang="en" lang="en">
 <head>
  <title>
</title>
<meta http-equiv="Content-Type" content="text/html;charset=utf-8" />
  <meta name='ocr-system' content='tesseract 3.04.00' />
  <meta name='ocr-capabilities' content='ocr_page ocr_carea ocr_par ocr_line ocrx_word'/>
</head>
<body>
  <div class='ocr_page' id='page_1' title='image "./iohannisvahleni00vahlgoog/iohannisvahleni00vahlgoog_0091.png"; bbox 0 0 3967 5725; ppageno 0'>
   <div class='ocr_carea' id='block_1_1' title="bbox 793 599 1584 664">
    <p class='ocr_par' dir='ltr' id='par_1_1' title="bbox 793 599 1584 664">
     <span class='ocr_line' id='line_1_1' title="bbox 793 599 1584 664; baseline 0.004 -12"><span class='ocrx_word' id='word_1_1' title='bbox 793 604 844 652; x_wconf 83' lang='lat' dir='ltr'>DE</span> <span class='ocrx_word' id='word_1_2' title='bbox 863 602 981 653; x_wconf 88' lang='lat' dir='ltr'>OVIDII</span> <span class='ocrx_word' id='word_1_3' title='bbox 997 603 1130 653; x_wconf 72' lang='lat' dir='ltr'>Fastis</span> <span class='ocrx_word' id='word_1_4' title='bbox 1538 599 1584 664; x_wconf 78' lang='lat'>83</span> 
     </span>
    </p>
   </div>
   <div class='ocr_carea' id='block_1_2' title="bbox 302 763 1727 4809">
    <p class='ocr_par' dir='ltr' id='par_1_2' title="bbox 339 763 1586 1279">
     <span class='ocr_line' id='line_1_2' title="bbox 342 763 1586 849; baseline 0.002 -24"><span class='ocrx_word' id='word_1_5' title='bbox 342 785 429 827; x_wconf 84' lang='lat' dir='ltr'>mere</span> <span class='ocrx_word' id='word_1_6' title='bbox 457 765 566 829; x_wconf 82' lang='lat' dir='ltr'>verbis</span> <span class='ocrx_word' id='word_1_7' title='bbox 592 765 754 849; x_wconf 88' lang='lat' dir='ltr'>potuisse,</span> <span class='ocrx_word' id='word_1_8' title='bbox 778 768 889 829; x_wconf 83' lang='lat' dir='ltr'>tamen</span> <span class='ocrx_word' id='word_1_9' title='bbox 915 768 953 827; x_wconf 94' lang='lat' dir='ltr'>ut</span> <span class='ocrx_word' id='word_1_10' title='bbox 979 785 1066 827; x_wconf 89' lang='lat' dir='ltr'>nunc</span> <span class='ocrx_word' id='word_1_11' title='bbox 1092 785 1145 827; x_wconf 84' lang='lat' dir='ltr'>rea</span> <span class='ocrx_word' id='word_1_12' title='bbox 1171 767 1235 846; x_wconf 87' lang='lat' dir='ltr'>est,</span> <span class='ocrx_word' id='word_1_13' title='bbox 1262 786 1359 847; x_wconf 82' lang='lat' dir='ltr'>quam</span> <span class='ocrx_word' id='word_1_14' title='bbox 1387 763 1586 828; x_wconf 73' lang='lat' dir='ltr'>credibiliter</span> 
     </span>
     <span class='ocr_line' id='line_1_3' title="bbox 343 870 1585 956; baseline 0.002 -23"><span class='ocrx_word' id='word_1_15' title='bbox 343 872 500 936; x_wconf 71' lang='lat' dir='ltr'>statuitur</span> <span class='ocrx_word' id='word_1_16' title='bbox 522 873 586 936; x_wconf 90' lang='lat' dir='ltr'>hoc</span> <span class='ocrx_word' id='word_1_17' title='bbox 608 876 724 956; x_wconf 84' lang='lat' dir='ltr'>poetae</span> <span class='ocrx_word' id='word_1_18' title='bbox 747 872 918 937; x_wconf 86' lang='lat' dir='ltr'>consilium</span> <span class='ocrx_word' id='word_1_19' title='bbox 941 871 1043 936; x_wconf 89' lang='lat' dir='ltr'>fuisse</span> <span class='ocrx_word' id='word_1_20' title='bbox 1066 870 1154 953; x_wconf 92' lang='lat' dir='ltr'>quod</span> <span class='ocrx_word' id='word_1_21' title='bbox 1177 872 1246 954; x_wconf 88' lang='lat' dir='ltr'>ipse</span> <span class='ocrx_word' id='word_1_22' title='bbox 1268 871 1359 935; x_wconf 88' lang='lat' dir='ltr'>nulla</span> <span class='ocrx_word' id='word_1_23' title='bbox 1380 876 1473 956; x_wconf 82' lang='lat' dir='ltr'>parte</span> <span class='ocrx_word' id='word_1_24' title='bbox 1494 876 1585 955; x_wconf 71' lang='lat' dir='ltr'>pato</span> 
     </span>
     <span class='ocr_line' id='line_1_4' title="bbox 341 976 1585 1062; baseline 0.002 -23"><span class='ocrx_word' id='word_1_25' title='bbox 341 978 528 1043; x_wconf 84' lang='lat' dir='ltr'>faciendum</span> <span class='ocrx_word' id='word_1_26' title='bbox 562 978 695 1043; x_wconf 83' lang='lat' dir='ltr'>curavit</span> <span class='ocrx_word' id='word_1_27' title='bbox 742 976 857 1061; x_wconf 85' lang='lat' dir='ltr'>Itaque</span> <span class='ocrx_word' id='word_1_28' title='bbox 889 980 918 1041; x_wconf 90' lang='lat' dir='ltr'>si</span> <span class='ocrx_word' id='word_1_29' title='bbox 950 982 1038 1043; x_wconf 80' lang='lat' dir='ltr'>recte</span> <span class='ocrx_word' id='word_1_30' title='bbox 1068 979 1274 1062; x_wconf 80' lang='lat' dir='ltr'>interpretari</span> <span class='ocrx_word' id='word_1_31' title='bbox 1301 979 1399 1043; x_wconf 80' lang='lat' dir='ltr'>rerba</span> <span class='ocrx_word' id='word_1_32' title='bbox 1425 978 1585 1062; x_wconf 80' lang='lat' dir='ltr'>volumus,</span> 
     </span>
     <span class='ocr_line' id='line_1_5' title="bbox 340 1084 1585 1170; baseline 0 -21"><span class='ocrx_word' id='word_1_33' title='bbox 340 1085 512 1149; x_wconf 86' lang='lat' dir='ltr'>fatendum</span> <span class='ocrx_word' id='word_1_34' title='bbox 536 1090 585 1149; x_wconf 88' lang='lat' dir='ltr'>cst</span> <span class='ocrx_word' id='word_1_35' title='bbox 610 1084 690 1149; x_wconf 85' lang='lat' dir='ltr'>haec</span> <span class='ocrx_word' id='word_1_36' title='bbox 707 1086 856 1150; x_wconf 86' lang='lat' dir='ltr'>universe</span> <span class='ocrx_word' id='word_1_37' title='bbox 875 1086 939 1149; x_wconf 91' lang='lat' dir='ltr'>dici</span> <span class='ocrx_word' id='word_1_38' title='bbox 957 1106 1062 1168; x_wconf 86' lang='lat' dir='ltr'>neque</span> <span class='ocrx_word' id='word_1_39' title='bbox 1080 1084 1219 1168; x_wconf 86' lang='lat' dir='ltr'>pendere</span> <span class='ocrx_word' id='word_1_40' title='bbox 1236 1108 1257 1149; x_wconf 87' lang='lat' dir='ltr'>a</span> <span class='ocrx_word' id='word_1_41' title='bbox 1273 1087 1450 1170; x_wconf 86' lang='lat' dir='ltr'>praemissa</span> <span class='ocrx_word' id='word_1_42' title='bbox 1467 1085 1585 1151; x_wconf 85' lang='lat' dir='ltr'>descri-</span> 
     </span>
     <span class='ocr_line' id='line_1_6' title="bbox 339 1190 1585 1279; baseline 0 -24"><span class='ocrx_word' id='word_1_43' title='bbox 339 1192 457 1275; x_wconf 87' lang='lat' dir='ltr'>ptione</span> <span class='ocrx_word' id='word_1_44' title='bbox 490 1196 523 1256; x_wconf 89' lang='lat' dir='ltr'>et</span> <span class='ocrx_word' id='word_1_45' title='bbox 549 1194 614 1257; x_wconf 89' lang='lat' dir='ltr'>hoc</span> <span class='ocrx_word' id='word_1_46' title='bbox 643 1193 764 1257; x_wconf 85' lang='lat' dir='ltr'>sentire</span> <span class='ocrx_word' id='word_1_47' title='bbox 792 1198 937 1276; x_wconf 87' lang='lat' dir='ltr'>poetam,</span> <span class='ocrx_word' id='word_1_48' title='bbox 967 1190 1079 1256; x_wconf 81' lang='lat' dir='ltr'>Iovem</span> <span class='ocrx_word' id='word_1_49' title='bbox 1105 1194 1372 1276; x_wconf 75' lang='lat' dir='ltr'>quotiescumque</span> <span class='ocrx_word' id='word_1_50' title='bbox 1398 1196 1523 1279; x_wconf 75' lang='lat' dir='ltr'><strong>spectet</strong></span> <span class='ocrx_word' id='word_1_51' title='bbox 1551 1193 1585 1255; x_wconf 91' lang='lat' dir='ltr'>iu</span> 
     </span>
    </p>

    <p class='ocr_par' dir='ltr' id='par_1_3' title="bbox 305 1297 1727 2241">
     <span class='ocr_line' id='line_1_7' title="bbox 305 1297 1727 1375; baseline -0.002 -11"><span class='ocrx_word' id='word_1_52' title='bbox 305 1302 460 1364; x_wconf 72' lang='lat' dir='ltr'>turbem</span> <span class='ocrx_word' id='word_1_53' title='bbox 483 1300 531 1363; x_wconf 93' lang='lat' dir='ltr'>nil</span> <span class='ocrx_word' id='word_1_54' title='bbox 552 1300 616 1363; x_wconf 91' lang='lat' dir='ltr'>nisi</span> <span class='ocrx_word' id='word_1_55' title='bbox 638 1298 823 1363; x_wconf 90' lang='lat' dir='ltr'>Romanum</span> <span class='ocrx_word' id='word_1_56' title='bbox 846 1299 962 1363; x_wconf 88' lang='lat' dir='ltr'>videre.</span> <span class='ocrx_word' id='word_1_57' title='bbox 999 1297 1122 1375; x_wconf 80' lang='lat' dir='ltr'>Quodsi</span> <span class='ocrx_word' id='word_1_58' title='bbox 1143 1320 1217 1363; x_wconf 91' lang='lat' dir='ltr'>cum</span> <span class='ocrx_word' id='word_1_59' title='bbox 1237 1300 1300 1363; x_wconf 90' lang='lat' dir='ltr'>hac</span> <span class='ocrx_word' id='word_1_60' title='bbox 1317 1300 1477 1365; x_wconf 85' lang='lat' dir='ltr'>sententia</span> <span class='ocrx_word' id='word_1_61' title='bbox 1495 1298 1585 1362; x_wconf 86' lang='lat' dir='ltr'>disti·</span> <span class='ocrx_word' id='word_1_62' title='bbox 1719 1310 1727 1325; x_wconf 84' lang='lat'><strong>·</strong></span> 
     </span>
     <span class='ocr_line' id='line_1_8' title="bbox 341 1404 1586 1491; baseline -0.002 -20"><span class='ocrx_word' id='word_1_63' title='bbox 341 1406 430 1471; x_wconf 85' lang='lat' dir='ltr'>chon</span> <span class='ocrx_word' id='word_1_64' title='bbox 459 1428 551 1471; x_wconf 86' lang='lat' dir='ltr'>suam</span> <span class='ocrx_word' id='word_1_65' title='bbox 579 1406 686 1469; x_wconf 85' lang='lat' dir='ltr'>sedem</span> <span class='ocrx_word' id='word_1_66' title='bbox 713 1408 798 1469; x_wconf 88' lang='lat' dir='ltr'>tucri</span> <span class='ocrx_word' id='word_1_67' title='bbox 825 1427 892 1471; x_wconf 92' lang='lat' dir='ltr'>non</span> <span class='ocrx_word' id='word_1_68' title='bbox 919 1410 1041 1491; x_wconf 88' lang='lat' dir='ltr'>potest,</span> <span class='ocrx_word' id='word_1_69' title='bbox 1068 1404 1286 1471; x_wconf 80' lang='lat' dir='ltr'>obiiciendum</span> <span class='ocrx_word' id='word_1_70' title='bbox 1312 1408 1421 1490; x_wconf 89' lang='lat' dir='ltr'>potius</span> <span class='ocrx_word' id='word_1_71' title='bbox 1449 1410 1500 1471; x_wconf 87' lang='lat' dir='ltr'>est</span> <span class='ocrx_word' id='word_1_72' title='bbox 1528 1410 1586 1469; x_wconf 91' lang='lat' dir='ltr'>aut</span> 
     </span>
     <span class='ocr_line' id='line_1_9' title="bbox 339 1512 1585 1598; baseline -0.002 -21"><span class='ocrx_word' id='word_1_73' title='bbox 339 1516 415 1578; x_wconf 91' lang='lat' dir='ltr'>loco</span> <span class='ocrx_word' id='word_1_74' title='bbox 437 1513 632 1578; x_wconf 87' lang='lat' dir='ltr'>movendum</span> <span class='ocrx_word' id='word_1_75' title='bbox 652 1536 749 1596; x_wconf 84' lang='lat' dir='ltr'>quam</span> <span class='ocrx_word' id='word_1_76' title='bbox 766 1536 867 1597; x_wconf 86' lang='lat' dir='ltr'>prava</span> <span class='ocrx_word' id='word_1_77' title='bbox 884 1513 1151 1598; x_wconf 70' lang='lat' dir='ltr'>interpretatione</span> <span class='ocrx_word' id='word_1_78' title='bbox 1169 1536 1188 1577; x_wconf 91' lang='lat' dir='ltr'>a</span> <span class='ocrx_word' id='word_1_79' title='bbox 1206 1534 1265 1579; x_wconf 87' lang='lat' dir='ltr'>suo</span> <span class='ocrx_word' id='word_1_80' title='bbox 1284 1534 1381 1578; x_wconf 89' lang='lat' dir='ltr'>sensu</span> <span class='ocrx_word' id='word_1_81' title='bbox 1394 1512 1585 1596; x_wconf 90' lang='lat' dir='ltr'>detorquen-</span> 
     </span>
     <span class='ocr_line' id='line_1_10' title="bbox 341 1618 1587 1704; baseline -0.001 -20"><span class='ocrx_word' id='word_1_82' title='bbox 341 1622 430 1686; x_wconf 92' lang='lat' dir='ltr'>dum.</span> <span class='ocrx_word' id='word_1_83' title='bbox 474 1619 537 1684; x_wconf 86' lang='lat' dir='ltr'>Sed</span> <span class='ocrx_word' id='word_1_84' title='bbox 555 1643 616 1685; x_wconf 93' lang='lat' dir='ltr'>nos</span> <span class='ocrx_word' id='word_1_85' title='bbox 635 1621 712 1685; x_wconf 87' lang='lat' dir='ltr'>dum</span> <span class='ocrx_word' id='word_1_86' title='bbox 730 1625 844 1704; x_wconf 88' lang='lat' dir='ltr'>poetae</span> <span class='ocrx_word' id='word_1_87' title='bbox 862 1624 1003 1685; x_wconf 87' lang='lat' dir='ltr'>mentem</span> <span class='ocrx_word' id='word_1_88' title='bbox 1021 1621 1214 1704; x_wconf 76' lang='lat' dir='ltr'>inquirimus</span> <span class='ocrx_word' id='word_1_89' title='bbox 1232 1642 1297 1704; x_wconf 87' lang='lat' dir='ltr'>qua</span> <span class='ocrx_word' id='word_1_90' title='bbox 1313 1620 1378 1686; x_wconf 92' lang='lat' dir='ltr'>hoc</span> <span class='ocrx_word' id='word_1_91' title='bbox 1396 1620 1484 1703; x_wconf 90' lang='lat' dir='ltr'>quod</span> <span class='ocrx_word' id='word_1_92' title='bbox 1501 1618 1587 1683; x_wconf 76' lang='lat' dir='ltr'>affir</span> 
     </span>
     <span class='ocr_line' id='line_1_11' title="bbox 342 1726 1628 1812; baseline 0.002 -20"><span class='ocrx_word' id='word_1_93' title='bbox 342 1732 412 1792; x_wconf 90' lang='lat' dir='ltr'>mat</span> <span class='ocrx_word' id='word_1_94' title='bbox 438 1728 610 1812; x_wconf 89' lang='lat' dir='ltr'>imperium</span> <span class='ocrx_word' id='word_1_95' title='bbox 632 1726 816 1794; x_wconf 85' lang='lat' dir='ltr'>Romanum</span> <span class='ocrx_word' id='word_1_96' title='bbox 839 1732 944 1792; x_wconf 87' lang='lat' dir='ltr'>totum</span> <span class='ocrx_word' id='word_1_97' title='bbox 966 1731 1126 1791; x_wconf 89' lang='lat' dir='ltr'>terrarum</span> <span class='ocrx_word' id='word_1_98' title='bbox 1143 1726 1254 1791; x_wconf 86' lang='lat' dir='ltr'>orbem</span> <span class='ocrx_word' id='word_1_99' title='bbox 1271 1726 1424 1812; x_wconf 77' lang='lat' dir='ltr'>amplecti</span> <span class='ocrx_word' id='word_1_100' title='bbox 1442 1748 1586 1791; x_wconf 88' lang='lat' dir='ltr'>scorsum</span> <span class='ocrx_word' id='word_1_101' title='bbox 1600 1756 1628 1795; x_wconf 85' lang='grc' dir='ltr'>ιο</span> 
     </span>
     <span class='ocr_line' id='line_1_12' title="bbox 340 1832 1587 1920; baseline -0.002 -21"><span class='ocrx_word' id='word_1_102' title='bbox 340 1858 360 1899; x_wconf 84' lang='lat' dir='ltr'>a</span> <span class='ocrx_word' id='word_1_103' title='bbox 391 1836 472 1899; x_wconf 83' lang='lat' dir='ltr'>festi</span> <span class='ocrx_word' id='word_1_104' title='bbox 499 1835 563 1898; x_wconf 89' lang='lat' dir='ltr'>diei</span> <span class='ocrx_word' id='word_1_105' title='bbox 591 1835 793 1918; x_wconf 85' lang='lat' dir='ltr'>expositione</span> <span class='ocrx_word' id='word_1_106' title='bbox 815 1835 1058 1919; x_wconf 83' lang='lat' dir='ltr'>interposuerit,</span> <span class='ocrx_word' id='word_1_107' title='bbox 1084 1832 1148 1899; x_wconf 90' lang='lat' dir='ltr'>hoc</span> <span class='ocrx_word' id='word_1_108' title='bbox 1170 1834 1391 1920; x_wconf 83' lang='lat' dir='ltr'>intelligimus,</span> <span class='ocrx_word' id='word_1_109' title='bbox 1413 1835 1587 1898; x_wconf 80' lang='lat' dir='ltr'>transitum</span> 
     </span>
     <span class='ocr_line' id='line_1_13' title="bbox 339 1940 1588 2027; baseline 0 -22"><span class='ocrx_word' id='word_1_110' title='bbox 339 1943 456 2027; x_wconf 83' lang='lat' dir='ltr'>parari</span> <span class='ocrx_word' id='word_1_111' title='bbox 488 1942 551 2005; x_wconf 92' lang='lat' dir='ltr'>hoc</span> <span class='ocrx_word' id='word_1_112' title='bbox 577 1942 673 2007; x_wconf 94' lang='lat' dir='ltr'>modo</span> <span class='ocrx_word' id='word_1_113' title='bbox 701 1942 742 2006; x_wconf 90' lang='lat' dir='ltr'>ad</span> <span class='ocrx_word' id='word_1_114' title='bbox 768 1943 910 2027; x_wconf 85' lang='lat' dir='ltr'>proximi</span> <span class='ocrx_word' id='word_1_115' title='bbox 939 1940 1072 2007; x_wconf 76' lang='lat' dir='ltr'>distichi</span> <span class='ocrx_word' id='word_1_116' title='bbox 1098 1942 1304 2023; x_wconf 87' lang='lat' dir='ltr'>sententiam,</span> <span class='ocrx_word' id='word_1_117' title='bbox 1336 1940 1588 2026; x_wconf 80' lang='lat' dir='ltr'>qua&#39;descripta</span> 
     </span>
     <span class='ocr_line' id='line_1_14' title="bbox 339 2047 1587 2134; baseline -0.001 -21"><span class='ocrx_word' id='word_1_118' title='bbox 339 2048 421 2113; x_wconf 87' lang='lat' dir='ltr'>Iani</span> <span class='ocrx_word' id='word_1_119' title='bbox 444 2048 642 2113; x_wconf 72' lang='lat' dir='ltr'>sollemnitas</span> <span class='ocrx_word' id='word_1_120' title='bbox 666 2050 809 2134; x_wconf 83' lang='lat' dir='ltr'>graviter</span> <span class='ocrx_word' id='word_1_121' title='bbox 830 2048 1004 2115; x_wconf 90' lang='lat' dir='ltr'>admodum</span> <span class='ocrx_word' id='word_1_122' title='bbox 1026 2050 1147 2113; x_wconf 89' lang='lat' dir='ltr'>finitur.</span> <span class='ocrx_word' id='word_1_123' title='bbox 1185 2047 1266 2112; x_wconf 79' lang='lat' dir='ltr'>Cum</span> <span class='ocrx_word' id='word_1_124' title='bbox 1288 2051 1374 2113; x_wconf 89' lang='lat' dir='ltr'>enim</span> <span class='ocrx_word' id='word_1_125' title='bbox 1391 2048 1479 2113; x_wconf 90' lang='lat' dir='ltr'>hunc</span> <span class='ocrx_word' id='word_1_126' title='bbox 1502 2047 1587 2112; x_wconf 89' lang='lat' dir='ltr'>diem</span> 
     </span>
     <span class='ocr_line' id='line_1_15' title="bbox 342 2156 1588 2241; baseline 0 -22"><span class='ocrx_word' id='word_1_127' title='bbox 342 2157 470 2221; x_wconf 78' lang='lat' dir='ltr'>festum</span> <span class='ocrx_word' id='word_1_128' title='bbox 497 2157 544 2219; x_wconf 90' lang='lat' dir='ltr'>ita</span> <span class='ocrx_word' id='word_1_129' title='bbox 566 2158 686 2221; x_wconf 84' lang='lat' dir='ltr'>salutet</span> <span class='ocrx_word' id='word_1_130' title='bbox 708 2160 746 2220; x_wconf 87' lang='lat' dir='ltr'>ut</span> <span class='ocrx_word' id='word_1_131' title='bbox 768 2178 841 2220; x_wconf 88' lang='lat' dir='ltr'>eum</span> <span class='ocrx_word' id='word_1_132' title='bbox 866 2156 1001 2241; x_wconf 84' lang='lat' dir='ltr'>dignum</span> <span class='ocrx_word' id='word_1_133' title='bbox 1023 2177 1093 2221; x_wconf 90' lang='lat' dir='ltr'>esse</span> <span class='ocrx_word' id='word_1_134' title='bbox 1115 2156 1202 2219; x_wconf 89' lang='lat' dir='ltr'>dicat</span> <span class='ocrx_word' id='word_1_135' title='bbox 1225 2157 1282 2239; x_wconf 88' lang='lat' dir='ltr'>qni</span> <span class='ocrx_word' id='word_1_136' title='bbox 1304 2177 1326 2221; x_wconf 88' lang='grc' dir='ltr'>α-</span> <span class='ocrx_word' id='word_1_137' title='bbox 1342 2156 1459 2237; x_wconf 79' lang='lat' dir='ltr'>populo</span> <span class='ocrx_word' id='word_1_138' title='bbox 1481 2176 1588 2219; x_wconf 70' lang='lat' dir='ltr'>rerum</span> 
     </span>
    </p>

    <p class='ocr_par' dir='ltr' id='par_1_4' title="bbox 302 2262 1628 3317">
     <span class='ocr_line' id='line_1_16' title="bbox 302 2262 1588 2346; baseline -0.002 -19"><span class='ocrx_word' id='word_1_139' title='bbox 302 2262 305 2269; x_wconf 80' lang='grc'><strong>’</strong></span> <span class='ocrx_word' id='word_1_140' title='bbox 337 2268 470 2345; x_wconf 78' lang='lat' dir='ltr'>potente</span> <span class='ocrx_word' id='word_1_141' title='bbox 492 2264 629 2345; x_wconf 89' lang='lat' dir='ltr'>colatur,</span> <span class='ocrx_word' id='word_1_142' title='bbox 656 2263 719 2328; x_wconf 90' lang='lat' dir='ltr'>hoc</span> <span class='ocrx_word' id='word_1_143' title='bbox 742 2267 779 2327; x_wconf 90' lang='lat' dir='ltr'>ut</span> <span class='ocrx_word' id='word_1_144' title='bbox 802 2262 921 2327; x_wconf 84' lang='lat' dir='ltr'>habeat</span> <span class='ocrx_word' id='word_1_145' title='bbox 943 2285 1008 2346; x_wconf 92' lang='lat' dir='ltr'>quo</span> <span class='ocrx_word' id='word_1_146' title='bbox 1030 2263 1167 2345; x_wconf 89' lang='lat' dir='ltr'>nitatur,</span> <span class='ocrx_word' id='word_1_147' title='bbox 1195 2264 1287 2345; x_wconf 87' lang='lat' dir='ltr'>quasi</span> <span class='ocrx_word' id='word_1_148' title='bbox 1310 2262 1387 2326; x_wconf 85' lang='lat' dir='ltr'>love</span> <span class='ocrx_word' id='word_1_149' title='bbox 1410 2266 1492 2327; x_wconf 89' lang='lat' dir='ltr'>teste</span> <span class='ocrx_word' id='word_1_150' title='bbox 1514 2283 1588 2326; x_wconf 91' lang='lat' dir='ltr'>con·</span> 
     </span>
     <span class='ocr_line' id='line_1_17' title="bbox 343 2369 1587 2455; baseline -0.002 -20"><span class='ocrx_word' id='word_1_151' title='bbox 343 2373 460 2435; x_wconf 90' lang='lat' dir='ltr'>firmat</span> <span class='ocrx_word' id='word_1_152' title='bbox 488 2374 576 2452; x_wconf 80' lang='lat' dir='ltr'>ante,</span> <span class='ocrx_word' id='word_1_153' title='bbox 603 2391 673 2434; x_wconf 89' lang='lat' dir='ltr'>esse</span> <span class='ocrx_word' id='word_1_154' title='bbox 698 2371 856 2455; x_wconf 91' lang='lat' dir='ltr'>populum</span> <span class='ocrx_word' id='word_1_155' title='bbox 878 2369 1063 2435; x_wconf 83' lang='lat' dir='ltr'>Romanum</span> <span class='ocrx_word' id='word_1_156' title='bbox 1087 2393 1195 2435; x_wconf 89' lang='lat' dir='ltr'>rerum</span> <span class='ocrx_word' id='word_1_157' title='bbox 1218 2371 1250 2434; x_wconf 90' lang='lat' dir='ltr'>h.</span> <span class='ocrx_word' id='word_1_158' title='bbox 1268 2393 1294 2433; x_wconf 86' lang='lat' dir='ltr'>e.</span> <span class='ocrx_word' id='word_1_159' title='bbox 1317 2374 1475 2434; x_wconf 89' lang='lat' dir='ltr'>terrarum</span> <span class='ocrx_word' id='word_1_160' title='bbox 1499 2369 1587 2433; x_wconf 92' lang='lat' dir='ltr'>orbis</span> 
     </span>
     <span class='ocr_line' id='line_1_18' title="bbox 344 2474 1587 2561; baseline -0.002 -20"><span class='ocrx_word' id='word_1_161' title='bbox 344 2481 527 2561; x_wconf 84' lang='lat' dir='ltr'>potentem.</span> <span class='ocrx_word' id='word_1_162' title='bbox 563 2474 615 2541; x_wconf 87' lang='lat' dir='ltr'>Ita</span> <span class='ocrx_word' id='word_1_163' title='bbox 638 2479 775 2542; x_wconf 85' lang='lat' dir='ltr'>sirecte</span> <span class='ocrx_word' id='word_1_164' title='bbox 796 2477 949 2543; x_wconf 88' lang='lat' dir='ltr'>intimum</span> <span class='ocrx_word' id='word_1_165' title='bbox 971 2476 1109 2542; x_wconf 89' lang='lat' dir='ltr'>duorum</span> <span class='ocrx_word' id='word_1_166' title='bbox 1131 2477 1344 2542; x_wconf 85' lang='lat' dir='ltr'>distichorum</span> <span class='ocrx_word' id='word_1_167' title='bbox 1367 2480 1513 2541; x_wconf 89' lang='lat' dir='ltr'>tenorem</span> <span class='ocrx_word' id='word_1_168' title='bbox 1535 2497 1587 2539; x_wconf 83' lang='lat' dir='ltr'>ex·</span> 
     </span>
     <span class='ocr_line' id='line_1_19' title="bbox 344 2582 1587 2670; baseline -0.002 -21"><span class='ocrx_word' id='word_1_169' title='bbox 344 2586 523 2669; x_wconf 87' lang='lat' dir='ltr'>plicemus,</span> <span class='ocrx_word' id='word_1_170' title='bbox 550 2589 685 2669; x_wconf 86' lang='lat' dir='ltr'>apparet</span> <span class='ocrx_word' id='word_1_171' title='bbox 710 2585 865 2667; x_wconf 91' lang='lat' dir='ltr'>primum,</span> <span class='ocrx_word' id='word_1_172' title='bbox 894 2584 1040 2649; x_wconf 86' lang='lat' dir='ltr'>ordinem</span> <span class='ocrx_word' id='word_1_173' title='bbox 1067 2607 1179 2649; x_wconf 86' lang='lat' dir='ltr'>eorum</span> <span class='ocrx_word' id='word_1_174' title='bbox 1205 2585 1268 2650; x_wconf 92' lang='lat' dir='ltr'>nisi</span> <span class='ocrx_word' id='word_1_175' title='bbox 1296 2605 1369 2649; x_wconf 89' lang='lat' dir='ltr'>cum</span> <span class='ocrx_word' id='word_1_176' title='bbox 1393 2582 1587 2670; x_wconf 80' lang='lat' dir='ltr'>grauissimo</span> 
     </span>
     <span class='ocr_line' id='line_1_20' title="bbox 346 2690 1587 2775; baseline 0.001 -20"><span class='ocrx_word' id='word_1_177' title='bbox 346 2692 545 2756; x_wconf 88' lang='lat' dir='ltr'>detrimento</span> <span class='ocrx_word' id='word_1_178' title='bbox 570 2692 726 2757; x_wconf 89' lang='lat' dir='ltr'>orationis</span> <span class='ocrx_word' id='word_1_179' title='bbox 749 2692 867 2755; x_wconf 87' lang='lat' dir='ltr'>inverti</span> <span class='ocrx_word' id='word_1_180' title='bbox 887 2714 952 2757; x_wconf 91' lang='lat' dir='ltr'>non</span> <span class='ocrx_word' id='word_1_181' title='bbox 970 2713 1075 2775; x_wconf 91' lang='lat' dir='ltr'>posse,</span> <span class='ocrx_word' id='word_1_182' title='bbox 1098 2691 1212 2757; x_wconf 89' lang='lat' dir='ltr'>deinde</span> <span class='ocrx_word' id='word_1_183' title='bbox 1229 2691 1313 2755; x_wconf 90' lang='lat' dir='ltr'>nihil</span> <span class='ocrx_word' id='word_1_184' title='bbox 1330 2690 1504 2755; x_wconf 89' lang='lat' dir='ltr'>desiderari</span> <span class='ocrx_word' id='word_1_185' title='bbox 1523 2712 1587 2773; x_wconf 87' lang='lat' dir='ltr'>quo</span> 
     </span>
     <span class='ocr_line' id='line_1_21' title="bbox 345 2795 1628 2888; baseline 0.002 -26"><span class='ocrx_word' id='word_1_186' title='bbox 345 2799 441 2882; x_wconf 91' lang='lat' dir='ltr'>prius</span> <span class='ocrx_word' id='word_1_187' title='bbox 465 2796 636 2882; x_wconf 86' lang='lat' dir='ltr'>distichon,</span> <span class='ocrx_word' id='word_1_188' title='bbox 660 2799 747 2884; x_wconf 91' lang='lat' dir='ltr'>quod</span> <span class='ocrx_word' id='word_1_189' title='bbox 769 2802 897 2864; x_wconf 88' lang='lat' dir='ltr'>tantum</span> <span class='ocrx_word' id='word_1_190' title='bbox 916 2798 1048 2864; x_wconf 85' lang='lat' dir='ltr'>alterius</span> <span class='ocrx_word' id='word_1_191' title='bbox 1066 2819 1163 2864; x_wconf 87' lang='lat' dir='ltr'>causa</span> <span class='ocrx_word' id='word_1_192' title='bbox 1180 2799 1394 2884; x_wconf 85' lang='lat' dir='ltr'>praemissum</span> <span class='ocrx_word' id='word_1_193' title='bbox 1413 2801 1471 2884; x_wconf 89' lang='lat' dir='ltr'>est,</span> <span class='ocrx_word' id='word_1_194' title='bbox 1489 2795 1628 2888; x_wconf 75' lang='lat' dir='ltr'>etiame</span> 
     </span>
     <span class='ocr_line' id='line_1_22' title="bbox 350 2906 1588 2991; baseline 0 -21"><span class='ocrx_word' id='word_1_195' title='bbox 350 2907 512 2989; x_wconf 89' lang='lat' dir='ltr'>superiori</span> <span class='ocrx_word' id='word_1_196' title='bbox 531 2906 719 2991; x_wconf 81' lang='lat' dir='ltr'>narrationi,</span> <span class='ocrx_word' id='word_1_197' title='bbox 743 2928 825 2989; x_wconf 83' lang='lat' dir='ltr'>quae</span> <span class='ocrx_word' id='word_1_198' title='bbox 844 2907 965 2990; x_wconf 83' lang='lat' dir='ltr'>etipsa</span> <span class='ocrx_word' id='word_1_199' title='bbox 983 2908 1079 2990; x_wconf 88' lang='lat' dir='ltr'>plena</span> <span class='ocrx_word' id='word_1_200' title='bbox 1097 2910 1146 2971; x_wconf 88' lang='lat' dir='ltr'>est</span> <span class='ocrx_word' id='word_1_201' title='bbox 1164 2910 1197 2972; x_wconf 87' lang='lat' dir='ltr'>et</span> <span class='ocrx_word' id='word_1_202' title='bbox 1214 2906 1373 2990; x_wconf 65' lang='lat' dir='ltr'>absoluta</span> <span class='ocrx_word' id='word_1_203' title='bbox 1391 2906 1588 2970; x_wconf 88' lang='lat' dir='ltr'>adnectatur.</span> 
     </span>
     <span class='ocr_line' id='line_1_23' title="bbox 347 3011 1589 3098; baseline 0.002 -24"><span class='ocrx_word' id='word_1_204' title='bbox 347 3011 422 3078; x_wconf 89' lang='lat' dir='ltr'>Hoc</span> <span class='ocrx_word' id='word_1_205' title='bbox 446 3015 552 3078; x_wconf 87' lang='lat' dir='ltr'>temen</span> <span class='ocrx_word' id='word_1_206' title='bbox 576 3015 771 3098; x_wconf 83' lang='lat' dir='ltr'>agnoscitur,</span> <span class='ocrx_word' id='word_1_207' title='bbox 793 3017 932 3096; x_wconf 86' lang='lat' dir='ltr'>poetam,</span> <span class='ocrx_word' id='word_1_208' title='bbox 956 3013 1110 3096; x_wconf 88' lang='lat' dir='ltr'>quoniam</span> <span class='ocrx_word' id='word_1_209' title='bbox 1134 3014 1189 3078; x_wconf 87' lang='lat' dir='ltr'>illa</span> <span class='ocrx_word' id='word_1_210' title='bbox 1210 3035 1292 3098; x_wconf 88' lang='lat' dir='ltr'>quae</span> <span class='ocrx_word' id='word_1_211' title='bbox 1310 3013 1391 3078; x_wconf 91' lang='lat' dir='ltr'>dicit</span> <span class='ocrx_word' id='word_1_212' title='bbox 1408 3012 1448 3077; x_wconf 89' lang='lat' dir='ltr'>de</span> <span class='ocrx_word' id='word_1_213' title='bbox 1464 3011 1589 3097; x_wconf 90' lang='lat' dir='ltr'>populo</span> 
     </span>
     <span class='ocr_line' id='line_1_24' title="bbox 350 3117 1587 3204; baseline 0.001 -22"><span class='ocrx_word' id='word_1_214' title='bbox 350 3117 499 3184; x_wconf 88' lang='lat' dir='ltr'>Romano</span> <span class='ocrx_word' id='word_1_215' title='bbox 522 3124 681 3184; x_wconf 90' lang='lat' dir='ltr'>terrarum</span> <span class='ocrx_word' id='word_1_216' title='bbox 705 3120 834 3184; x_wconf 91' lang='lat' dir='ltr'>domino</span> <span class='ocrx_word' id='word_1_217' title='bbox 855 3141 923 3185; x_wconf 92' lang='lat' dir='ltr'>non</span> <span class='ocrx_word' id='word_1_218' title='bbox 940 3143 1006 3185; x_wconf 90' lang='lat' dir='ltr'>unu</span> <span class='ocrx_word' id='word_1_219' title='bbox 1026 3122 1121 3185; x_wconf 91' lang='lat' dir='ltr'>modo</span> <span class='ocrx_word' id='word_1_220' title='bbox 1141 3121 1248 3186; x_wconf 84' lang='lat' dir='ltr'>efferri</span> <span class='ocrx_word' id='word_1_221' title='bbox 1265 3124 1424 3204; x_wconf 82' lang='lat' dir='ltr'>poterant,</span> <span class='ocrx_word' id='word_1_222' title='bbox 1447 3120 1587 3184; x_wconf 85' lang='lat' dir='ltr'>velutin</span> 
     </span>
     <span class='ocr_line' id='line_1_25' title="bbox 349 3224 998 3317; baseline 0.006 -29"><span class='ocrx_word' id='word_1_223' title='bbox 349 3224 507 3290; x_wconf 83' lang='lat' dir='ltr'>Tristium</span> <span class='ocrx_word' id='word_1_224' title='bbox 529 3227 614 3290; x_wconf 92' lang='lat' dir='ltr'>libro</span> <span class='ocrx_word' id='word_1_225' title='bbox 637 3227 743 3309; x_wconf 90' lang='lat' dir='ltr'>primo</span> <span class='ocrx_word' id='word_1_226' title='bbox 767 3228 798 3311; x_wconf 83' lang='lat'>5,</span> <span class='ocrx_word' id='word_1_227' title='bbox 817 3227 859 3292; x_wconf 87' lang='grc'>69</span> <span class='ocrx_word' id='word_1_228' title='bbox 883 3228 998 3317; x_wconf 85' lang='lat' dir='ltr'>scribit</span> 
     </span>
    </p>

    <p class='ocr_par' dir='ltr' id='par_1_5' title="bbox 352 3333 1404 3844">
     <span class='ocr_line' id='line_1_26' title="bbox 534 3333 1367 3416; baseline 0 -18"><span class='ocrx_word' id='word_1_229' title='bbox 534 3333 598 3398; x_wconf 82' lang='lat' dir='ltr'>Sed</span> <span class='ocrx_word' id='word_1_230' title='bbox 619 3355 698 3415; x_wconf 80' lang='lat' dir='ltr'>quoe</span> <span class='ocrx_word' id='word_1_231' title='bbox 720 3336 758 3400; x_wconf 83' lang='lat' dir='ltr'>de</span> <span class='ocrx_word' id='word_1_232' title='bbox 779 3341 892 3416; x_wconf 82' lang='lat' dir='ltr'>septem</span> <span class='ocrx_word' id='word_1_233' title='bbox 916 3341 1012 3399; x_wconf 75' lang='lat' dir='ltr'>totum</span> <span class='ocrx_word' id='word_1_234' title='bbox 1035 3335 1245 3414; x_wconf 72' lang='lat' dir='ltr'>circumspicit</span> <span class='ocrx_word' id='word_1_235' title='bbox 1266 3335 1367 3398; x_wconf 82' lang='lat' dir='ltr'>orbem</span> 
     </span>
     <span class='ocr_line' id='line_1_27' title="bbox 579 3441 1327 3522; baseline 0 -16"><span class='ocrx_word' id='word_1_236' title='bbox 579 3441 757 3520; x_wconf 77' lang='lat' dir='ltr'>Montibus,</span> <span class='ocrx_word' id='word_1_237' title='bbox 780 3444 908 3522; x_wconf 72' lang='lat' dir='ltr'>imperii</span> <span class='ocrx_word' id='word_1_238' title='bbox 931 3442 1035 3506; x_wconf 77' lang='lat' dir='ltr'>Reum</span> <span class='ocrx_word' id='word_1_239' title='bbox 1058 3443 1208 3522; x_wconf 73' lang='lat' dir='ltr'>deumque</span> <span class='ocrx_word' id='word_1_240' title='bbox 1229 3441 1327 3517; x_wconf 68' lang='lat' dir='ltr'>uua,-</span> 
     </span>
     <span class='ocr_line' id='line_1_28' title="bbox 352 3544 793 3631; baseline 0.002 -21"><span class='ocrx_word' id='word_1_241' title='bbox 352 3544 502 3610; x_wconf 84' lang='lat' dir='ltr'>similiter</span> <span class='ocrx_word' id='word_1_242' title='bbox 524 3549 558 3610; x_wconf 92' lang='lat' dir='ltr'>in</span> <span class='ocrx_word' id='word_1_243' title='bbox 581 3549 677 3613; x_wconf 88' lang='lat' dir='ltr'>tertio</span> <span class='ocrx_word' id='word_1_244' title='bbox 704 3549 732 3631; x_wconf 76' lang='lat' dir='ltr'>l,</span> <span class='ocrx_word' id='word_1_245' title='bbox 752 3549 793 3614; x_wconf 83' lang='lat'>51</span> 
     </span>
     <span class='ocr_line' id='line_1_29' title="bbox 536 3655 1404 3737; baseline -0.001 -17"><span class='ocrx_word' id='word_1_246' title='bbox 536 3655 683 3737; x_wconf 79' lang='lat' dir='ltr'>Dumque</span> <span class='ocrx_word' id='word_1_247' title='bbox 704 3658 771 3721; x_wconf 75' lang='lat' dir='ltr'>suis</span> <span class='ocrx_word' id='word_1_248' title='bbox 793 3661 905 3736; x_wconf 77' lang='lat' dir='ltr'>septem</span> <span class='ocrx_word' id='word_1_249' title='bbox 929 3658 1043 3720; x_wconf 56' lang='lat' dir='ltr'>uictrix</span> <span class='ocrx_word' id='word_1_250' title='bbox 1066 3657 1103 3719; x_wconf 83' lang='lat' dir='ltr'>de</span> <span class='ocrx_word' id='word_1_251' title='bbox 1126 3656 1282 3720; x_wconf 74' lang='lat' dir='ltr'>urentibus</span> <span class='ocrx_word' id='word_1_252' title='bbox 1303 3656 1404 3720; x_wconf 80' lang='lat' dir='ltr'>orbem</span> 
     </span>
     <span class='ocr_line' id='line_1_30' title="bbox 581 3762 1344 3844; baseline -0.003 -17"><span class='ocrx_word' id='word_1_253' title='bbox 581 3763 758 3844; x_wconf 70' lang='lat' dir='ltr'>Prospiciat</span> <span class='ocrx_word' id='word_1_254' title='bbox 780 3764 931 3828; x_wconf 79' lang='lat' dir='ltr'>domitum</span> <span class='ocrx_word' id='word_1_255' title='bbox 955 3763 1083 3826; x_wconf 78' lang='lat' dir='ltr'>Martio</span> <span class='ocrx_word' id='word_1_256' title='bbox 1106 3763 1224 3838; x_wconf 69' lang='lat' dir='ltr'>Ruina,</span> <span class='ocrx_word' id='word_1_257' title='bbox 1246 3762 1344 3842; x_wconf 81' lang='lat' dir='ltr'>lepor,</span> 
     </span>
    </p>

    <p class='ocr_par' dir='ltr' id='par_1_6' title="bbox 354 3868 1631 4149">
     <span class='ocr_line' id='line_1_31' title="bbox 354 3868 1631 3950; baseline 0.005 -24"><span class='ocrx_word' id='word_1_258' title='bbox 354 3887 444 3930; x_wconf 88' lang='lat' dir='ltr'>nunc</span> <span class='ocrx_word' id='word_1_259' title='bbox 469 3870 553 3950; x_wconf 88' lang='lat' dir='ltr'>quod</span> <span class='ocrx_word' id='word_1_260' title='bbox 575 3868 686 3934; x_wconf 85' lang='lat' dir='ltr'>Iovem</span> <span class='ocrx_word' id='word_1_261' title='bbox 710 3875 742 3934; x_wconf 86' lang='lat' dir='ltr'>et</span> <span class='ocrx_word' id='word_1_262' title='bbox 765 3868 852 3934; x_wconf 81' lang='lat' dir='ltr'>lovis</span> <span class='ocrx_word' id='word_1_263' title='bbox 876 3890 980 3934; x_wconf 87' lang='lat' dir='ltr'>arcem</span> <span class='ocrx_word' id='word_1_264' title='bbox 1005 3870 1038 3931; x_wconf 90' lang='lat' dir='ltr'>in</span> <span class='ocrx_word' id='word_1_265' title='bbox 1062 3892 1099 3932; x_wconf 83' lang='lat' dir='ltr'>ea</span> <span class='ocrx_word' id='word_1_266' title='bbox 1121 3890 1217 3932; x_wconf 88' lang='lat' dir='ltr'>cause</span> <span class='ocrx_word' id='word_1_267' title='bbox 1240 3873 1481 3949; x_wconf 86' lang='lat' dir='ltr'>commemorat,</span> <span class='ocrx_word' id='word_1_268' title='bbox 1510 3868 1589 3932; x_wconf 89' lang='lat' dir='ltr'>scite</span> <span class='ocrx_word' id='word_1_269' title='bbox 1604 3894 1631 3933; x_wconf 73' lang='lat' dir='ltr'>so</span> 
     </span>
     <span class='ocr_line' id='line_1_32' title="bbox 357 3972 1590 4060; baseline 0.006 -29"><span class='ocrx_word' id='word_1_270' title='bbox 357 3991 398 4032; x_wconf 84' lang='lat' dir='ltr'>cx</span> <span class='ocrx_word' id='word_1_271' title='bbox 423 3973 634 4042; x_wconf 85' lang='lat' dir='ltr'>sollemnitate</span> <span class='ocrx_word' id='word_1_272' title='bbox 658 3978 729 4060; x_wconf 85' lang='lat' dir='ltr'>ipsu</span> <span class='ocrx_word' id='word_1_273' title='bbox 752 3999 847 4060; x_wconf 91' lang='lat' dir='ltr'>quam</span> <span class='ocrx_word' id='word_1_274' title='bbox 873 3975 1034 4057; x_wconf 85' lang='lat' dir='ltr'>describit,</span> <span class='ocrx_word' id='word_1_275' title='bbox 1057 3998 1139 4058; x_wconf 86' lang='lat' dir='ltr'>quae</span> <span class='ocrx_word' id='word_1_276' title='bbox 1162 3976 1196 4038; x_wconf 93' lang='lat' dir='ltr'>in</span> <span class='ocrx_word' id='word_1_277' title='bbox 1218 3972 1378 4058; x_wconf 83' lang='lat' dir='ltr'>Capitolio</span> <span class='ocrx_word' id='word_1_278' title='bbox 1402 3975 1590 4058; x_wconf 87' lang='lat' dir='ltr'>celebratur,</span> 
     </span>
     <span class='ocr_line' id='line_1_33' title="bbox 358 4077 836 4149; baseline 0.027 -14"><span class='ocrx_word' id='word_1_279' title='bbox 358 4077 513 4143; x_wconf 84' lang='lat' dir='ltr'>orationis</span> <span class='ocrx_word' id='word_1_280' title='bbox 536 4083 675 4148; x_wconf 87' lang='lat' dir='ltr'>colorem</span> <span class='ocrx_word' id='word_1_281' title='bbox 700 4083 836 4149; x_wconf 88' lang='lat' dir='ltr'>duxisse.</span> 
     </span>
    </p>

    <p class='ocr_par' dir='ltr' id='par_1_7' title="bbox 341 4181 1591 4809">
     <span class='ocr_line' id='line_1_34' title="bbox 450 4181 1590 4273; baseline 0.003 -24"><span class='ocrx_word' id='word_1_282' title='bbox 450 4181 534 4250; x_wconf 88' lang='lat' dir='ltr'>Haec</span> <span class='ocrx_word' id='word_1_283' title='bbox 557 4212 638 4273; x_wconf 87' lang='lat' dir='ltr'>quae</span> <span class='ocrx_word' id='word_1_284' title='bbox 662 4189 896 4272; x_wconf 87' lang='lat' dir='ltr'>disputavimus</span> <span class='ocrx_word' id='word_1_285' title='bbox 916 4210 1111 4272; x_wconf 86' lang='lat' dir='ltr'>quamquam</span> <span class='ocrx_word' id='word_1_286' title='bbox 1130 4189 1277 4272; x_wconf 81' lang='lat' dir='ltr'>ipseper</span> <span class='ocrx_word' id='word_1_287' title='bbox 1296 4210 1329 4252; x_wconf 90' lang='lat' dir='ltr'>se</span> <span class='ocrx_word' id='word_1_288' title='bbox 1348 4189 1425 4253; x_wconf 86' lang='lat' dir='ltr'>satis</span> <span class='ocrx_word' id='word_1_289' title='bbox 1445 4193 1590 4254; x_wconf 83' lang='lat' dir='ltr'>constare</span> 
     </span>
     <span class='ocr_line' id='line_1_35' title="bbox 355 4283 1590 4380; baseline 0.002 -23"><span class='ocrx_word' id='word_1_290' title='bbox 355 4283 563 4377; x_wconf 73' lang='lat' dir='ltr'>videbuntur,</span> <span class='ocrx_word' id='word_1_291' title='bbox 591 4297 619 4361; x_wconf 86' lang='lat' dir='ltr'>ei</span> <span class='ocrx_word' id='word_1_292' title='bbox 649 4297 777 4379; x_wconf 90' lang='lat' dir='ltr'>quidem</span> <span class='ocrx_word' id='word_1_293' title='bbox 809 4299 863 4380; x_wconf 92' lang='lat' dir='ltr'>qui</span> <span class='ocrx_word' id='word_1_294' title='bbox 893 4318 950 4361; x_wconf 90' lang='lat' dir='ltr'>suo</span> <span class='ocrx_word' id='word_1_295' title='bbox 976 4306 1072 4359; x_wconf 85' lang='lat' dir='ltr'>sensu</span> <span class='ocrx_word' id='word_1_296' title='bbox 1095 4296 1129 4358; x_wconf 90' lang='lat' dir='ltr'>in</span> <span class='ocrx_word' id='word_1_297' title='bbox 1152 4300 1291 4360; x_wconf 90' lang='lat' dir='ltr'>mentem</span> <span class='ocrx_word' id='word_1_298' title='bbox 1315 4300 1428 4379; x_wconf 89' lang='lat' dir='ltr'>poetae</span> <span class='ocrx_word' id='word_1_299' title='bbox 1451 4317 1520 4360; x_wconf 88' lang='lat' dir='ltr'>sese</span> <span class='ocrx_word' id='word_1_300' title='bbox 1543 4295 1590 4359; x_wconf 93' lang='lat' dir='ltr'>in-</span> 
     </span>
     <span class='ocr_line' id='line_1_36' title="bbox 352 4387 1590 4486; baseline 0.019 -42"><span class='ocrx_word' id='word_1_301' title='bbox 352 4387 484 4458; x_wconf 82' lang='lat' dir='ltr'>sinuare</span> <span class='ocrx_word' id='word_1_302' title='bbox 507 4401 650 4467; x_wconf 83' lang='lat' dir='ltr'>animum</span> <span class='ocrx_word' id='word_1_303' title='bbox 673 4404 815 4482; x_wconf 85' lang='lat' dir='ltr'>inducat,</span> <span class='ocrx_word' id='word_1_304' title='bbox 845 4408 954 4467; x_wconf 85' lang='lat' dir='ltr'>tamen</span> <span class='ocrx_word' id='word_1_305' title='bbox 976 4424 1043 4467; x_wconf 93' lang='lat' dir='ltr'>non</span> <span class='ocrx_word' id='word_1_306' title='bbox 1067 4402 1196 4485; x_wconf 89' lang='lat' dir='ltr'>desunt,</span> <span class='ocrx_word' id='word_1_307' title='bbox 1219 4402 1337 4486; x_wconf 90' lang='lat' dir='ltr'>quibus</span> <span class='ocrx_word' id='word_1_308' title='bbox 1359 4401 1487 4467; x_wconf 87' lang='lat' dir='ltr'>facilius</span> <span class='ocrx_word' id='word_1_309' title='bbox 1510 4403 1590 4468; x_wconf 87' lang='lat' dir='ltr'>fides</span> 
     </span>
     <span class='ocr_line' id='line_1_37' title="bbox 350 4487 1591 4594; baseline 0.013 -37"><span class='ocrx_word' id='word_1_310' title='bbox 350 4487 466 4562; x_wconf 80' lang='lat' dir='ltr'>haberi</span> <span class='ocrx_word' id='word_1_311' title='bbox 490 4507 582 4592; x_wconf 87' lang='lat' dir='ltr'>solet,</span> <span class='ocrx_word' id='word_1_312' title='bbox 606 4533 644 4574; x_wconf 84' lang='lat' dir='ltr'>ex</span> <span class='ocrx_word' id='word_1_313' title='bbox 669 4510 783 4575; x_wconf 89' lang='lat' dir='ltr'>iisdem</span> <span class='ocrx_word' id='word_1_314' title='bbox 806 4511 898 4574; x_wconf 90' lang='lat' dir='ltr'>libris</span> <span class='ocrx_word' id='word_1_315' title='bbox 922 4509 1026 4593; x_wconf 86' lang='lat' dir='ltr'>petita</span> <span class='ocrx_word' id='word_1_316' title='bbox 1048 4510 1200 4574; x_wconf 89' lang='lat' dir='ltr'>similiter</span> <span class='ocrx_word' id='word_1_317' title='bbox 1218 4510 1414 4594; x_wconf 83' lang='lat' dir='ltr'>compositae</span> <span class='ocrx_word' id='word_1_318' title='bbox 1433 4510 1591 4574; x_wconf 88' lang='lat' dir='ltr'>orationis</span> 
     </span>
     <span class='ocr_line' id='line_1_38' title="bbox 345 4606 1591 4703; baseline 0 -23"><span class='ocrx_word' id='word_1_319' title='bbox 345 4606 502 4687; x_wconf 52' lang='lat' dir='ltr'>exempla„</span> <span class='ocrx_word' id='word_1_320' title='bbox 556 4613 699 4690; x_wconf 83' lang='lat' dir='ltr'>Quorum</span> <span class='ocrx_word' id='word_1_321' title='bbox 731 4619 871 4701; x_wconf 91' lang='lat' dir='ltr'>primum</span> <span class='ocrx_word' id='word_1_322' title='bbox 906 4622 954 4681; x_wconf 87' lang='lat' dir='ltr'>est</span> <span class='ocrx_word' id='word_1_323' title='bbox 987 4617 1074 4699; x_wconf 93' lang='lat' dir='ltr'>quod</span> <span class='ocrx_word' id='word_1_324' title='bbox 1105 4618 1185 4681; x_wconf 86' lang='lat' dir='ltr'>item</span> <span class='ocrx_word' id='word_1_325' title='bbox 1218 4619 1253 4682; x_wconf 88' lang='lat' dir='ltr'>in</span> <span class='ocrx_word' id='word_1_326' title='bbox 1284 4619 1389 4700; x_wconf 90' lang='lat' dir='ltr'>primo</span> <span class='ocrx_word' id='word_1_327' title='bbox 1421 4618 1542 4703; x_wconf 78' lang='lat' dir='ltr'>legitur</span> <span class='ocrx_word' id='word_1_328' title='bbox 1571 4640 1591 4680; x_wconf 86' lang='lat' dir='ltr'>a</span> 
     </span>
     <span class='ocr_line' id='line_1_39' title="bbox 341 4713 1591 4809; baseline 0.006 -31"><span class='ocrx_word' id='word_1_329' title='bbox 341 4713 436 4769; x_wconf 71' lang='lat' dir='ltr'>versu</span> <span class='ocrx_word' id='word_1_330' title='bbox 459 4713 551 4799; x_wconf 79' lang='lat'>283,</span> <span class='ocrx_word' id='word_1_331' title='bbox 583 4723 653 4806; x_wconf 92' lang='lat' dir='ltr'>ubi,</span> <span class='ocrx_word' id='word_1_332' title='bbox 679 4728 889 4808; x_wconf 86' lang='lat' dir='ltr'>posteaquam</span> <span class='ocrx_word' id='word_1_333' title='bbox 916 4729 1013 4788; x_wconf 89' lang='lat' dir='ltr'>Ianus</span> <span class='ocrx_word' id='word_1_334' title='bbox 1042 4723 1257 4809; x_wconf 84' lang='lat' dir='ltr'>interroganti</span> <span class='ocrx_word' id='word_1_335' title='bbox 1287 4729 1401 4808; x_wconf 85' lang='lat' dir='ltr'>poetae</span> <span class='ocrx_word' id='word_1_336' title='bbox 1429 4744 1485 4787; x_wconf 85' lang='lat' dir='ltr'>cur</span> <span class='ocrx_word' id='word_1_337' title='bbox 1512 4745 1591 4806; x_wconf 85' lang='lat' dir='ltr'>pecc</span> 
     </span>
    </p>
   </div>
   <div class='ocr_carea' id='block_1_3' title="bbox 332 4793 1247 4914">
    <p class='ocr_par' dir='ltr' id='par_1_8' title="bbox 332 4793 1247 4914">
     <span class='ocr_line' id='line_1_40' title="bbox 332 4793 1247 4914; baseline 0.025 -37"><span class='ocrx_word' id='word_1_338' title='bbox 332 4793 441 4899; x_wconf 54' lang='lat' dir='ltr'>meat,</span> <span class='ocrx_word' id='word_1_339' title='bbox 466 4825 585 4888; x_wconf 81' lang='lat' dir='ltr'>armis</span> <span class='ocrx_word' id='word_1_340' title='bbox 608 4833 715 4894; x_wconf 84' lang='lat' dir='ltr'>autem</span> <span class='ocrx_word' id='word_1_341' title='bbox 738 4831 835 4906; x_wconf 79' lang='lat' dir='ltr'>motis</span> <span class='ocrx_word' id='word_1_342' title='bbox 858 4831 1059 4914; x_wconf 84' lang='lat' dir='ltr'>recludatur,</span> <span class='ocrx_word' id='word_1_343' title='bbox 1082 4831 1247 4914; x_wconf 86' lang='lat' dir='ltr'>respondit</span> 
     </span>
    </p>
   </div>
   <div class='ocr_carea' id='block_1_4' title="bbox 1340 4934 1375 4987">
    <p class='ocr_par' dir='ltr' id='par_1_9' title="bbox 1340 4934 1375 4987">
     <span class='ocr_line' id='line_1_41' title="bbox 1340 4934 1375 4987; baseline 0 -25"><span class='ocrx_word' id='word_1_344' title='bbox 1340 4934 1375 4987; x_wconf 67' lang='lat'>6*</span> 
     </span>
    </p>
   </div>
   <div class='ocr_carea' id='block_1_5' title="bbox 0 0 1996 5725">
    <p class='ocr_par' dir='ltr' id='par_1_10' title="bbox 0 0 1996 5725">
     <span class='ocr_line' id='line_1_42' title="bbox 0 0 1996 5725; baseline 0 0"><span class='ocrx_word' id='word_1_345' title='bbox 0 0 1996 5725; x_wconf 95' lang='lat' dir='ltr'> </span> 
     </span>
    </p>
   </div>
  </div>
 </body>
</html>
