<?xml version="1.0" encoding="UTF-8"?>
<!DOCTYPE html PUBLIC "-//W3C//DTD XHTML 1.0 Transitional//EN"
    "http://www.w3.org/TR/xhtml1/DTD/xhtml1-transitional.dtd">
<html xmlns="http://www.w3.org/1999/xhtml" xml:lang="en" lang="en">
 <head>
  <title>
</title>
<meta http-equiv="Content-Type" content="text/html;charset=utf-8" />
  <meta name='ocr-system' content='tesseract 3.04.00' />
  <meta name='ocr-capabilities' content='ocr_page ocr_carea ocr_par ocr_line ocrx_word'/>
</head>
<body>
  <div class='ocr_page' id='page_1' title='image "./iohannisvahleni00vahlgoog/iohannisvahleni00vahlgoog_0388.png"; bbox 0 0 3967 5725; ppageno 0'>
   <div class='ocr_carea' id='block_1_1' title="bbox 408 666 1460 736">
    <p class='ocr_par' dir='ltr' id='par_1_1' title="bbox 408 666 1460 736">
     <span class='ocr_line' id='line_1_1' title="bbox 408 666 1460 736; baseline 0.001 -18"><span class='ocrx_word' id='word_1_1' title='bbox 408 666 475 732; x_wconf 83' lang='lat'><strong>390</strong></span> <span class='ocrx_word' id='word_1_2' title='bbox 582 670 643 718; x_wconf 85' lang='lat' dir='ltr'><strong>LII.</strong></span> <span class='ocrx_word' id='word_1_3' title='bbox 662 667 778 718; x_wconf 78' lang='lat' dir='ltr'>INDEX</span> <span class='ocrx_word' id='word_1_4' title='bbox 795 667 1011 718; x_wconf 82' lang='lat' dir='ltr'>LECTIONUM</span> <span class='ocrx_word' id='word_1_5' title='bbox 1029 667 1271 718; x_wconf 79' lang='lat' dir='ltr'>HIBERNARUM</span> <span class='ocrx_word' id='word_1_6' title='bbox 1292 670 1378 736; x_wconf 79' lang='grc' dir='ltr'><strong>190οί</strong></span> <span class='ocrx_word' id='word_1_7' title='bbox 1382 668 1460 720; x_wconf 83' lang='grc'><strong>1901.</strong></span> 
     </span>
    </p>
   </div>
   <div class='ocr_carea' id='block_1_2' title="bbox 405 822 1695 1663">
    <p class='ocr_par' dir='ltr' id='par_1_2' title="bbox 405 822 1695 1663">
     <span class='ocr_line' id='line_1_2' title="bbox 407 822 1639 914; baseline 0 -19"><span class='ocrx_word' id='word_1_8' title='bbox 407 831 461 895; x_wconf 77' lang='grc' dir='ltr'><strong>καὶ</strong></span> <span class='ocrx_word' id='word_1_9' title='bbox 485 822 571 895; x_wconf 77' lang='grc' dir='ltr'><strong><em>εἶναι</em></strong></span> <span class='ocrx_word' id='word_1_10' title='bbox 593 840 661 894; x_wconf 79' lang='grc' dir='ltr'><strong>τῶν</strong></span> <span class='ocrx_word' id='word_1_11' title='bbox 684 827 830 914; x_wconf 80' lang='grc' dir='ltr'><strong><em>ἀρχαίων</em></strong></span> <span class='ocrx_word' id='word_1_12' title='bbox 852 830 931 905; x_wconf 88' lang='grc' dir='ltr'><strong><em>τοὺς</em></strong></span> <span class='ocrx_word' id='word_1_13' title='bbox 953 825 1029 912; x_wconf 82' lang='grc' dir='ltr'><strong><em>περὶ</em></strong></span> <span class='ocrx_word' id='word_1_14' title='bbox 1052 829 1114 911; x_wconf 81' lang='grc' dir='ltr'><strong>τὴν</strong></span> <span class='ocrx_word' id='word_1_15' title='bbox 1136 831 1261 912; x_wconf 83' lang='grc' dir='ltr'><strong><em>σοφίαν</em></strong></span> <span class='ocrx_word' id='word_1_16' title='bbox 1283 829 1448 913; x_wconf 70' lang='grc' dir='ltr'><strong><em>φαύλους,</em></strong></span> <span class='ocrx_word' id='word_1_17' title='bbox 1470 852 1500 913; x_wconf 91' lang='lat' dir='ltr'><strong>p.</strong></span> <span class='ocrx_word' id='word_1_18' title='bbox 1522 828 1577 912; x_wconf 75' lang='lat'><strong>17,</strong></span> <span class='ocrx_word' id='word_1_19' title='bbox 1596 829 1639 895; x_wconf 76' lang='lat'><strong>23</strong></span> 
     </span>
     <span class='ocr_line' id='line_1_3' title="bbox 408 929 1645 1025; baseline -0.001 -23"><span class='ocrx_word' id='word_1_20' title='bbox 408 937 534 1002; x_wconf 85' lang='grc' dir='ltr'><strong><em>οὐκοῦν</em></strong></span> <span class='ocrx_word' id='word_1_21' title='bbox 560 937 656 1001; x_wconf 83' lang='grc' dir='ltr'><strong><em>πατά</em></strong></span> <span class='ocrx_word' id='word_1_22' title='bbox 682 937 752 1000; x_wconf 89' lang='grc' dir='ltr'><strong>τὸν</strong></span> <span class='ocrx_word' id='word_1_23' title='bbox 780 936 850 1000; x_wconf 89' lang='grc' dir='ltr'><strong>σὸν</strong></span> <span class='ocrx_word' id='word_1_24' title='bbox 877 929 925 1000; x_wconf 83' lang='grc' dir='ltr'><strong>αὖ</strong></span> <span class='ocrx_word' id='word_1_25' title='bbox 949 936 1072 1016; x_wconf 78' lang='grc' dir='ltr'><strong><em>λόγον</em></strong></span> <span class='ocrx_word' id='word_1_26' title='bbox 1096 934 1139 1010; x_wconf 86' lang='grc' dir='ltr'><strong>ὡς</strong></span> <span class='ocrx_word' id='word_1_27' title='bbox 1162 938 1317 1018; x_wconf 85' lang='grc' dir='ltr'><strong><em>φαίνεται</em></strong></span> <span class='ocrx_word' id='word_1_28' title='bbox 1341 945 1417 1000; x_wconf 81' lang='grc' dir='ltr'><strong>τῶν</strong></span> <span class='ocrx_word' id='word_1_29' title='bbox 1439 934 1577 1020; x_wconf 71' lang='grc' dir='ltr'><strong><em>ἡρώων</em></strong></span> <span class='ocrx_word' id='word_1_30' title='bbox 1599 943 1645 1025; x_wconf 77' lang='grc' dir='ltr'><strong>τῷ</strong></span> 
     </span>
     <span class='ocr_line' id='line_1_4' title="bbox 406 1039 1641 1132; baseline -0.001 -23"><span class='ocrx_word' id='word_1_31' title='bbox 406 1040 469 1127; x_wconf 72' lang='grc' dir='ltr'><strong>μὲν</strong></span> <span class='ocrx_word' id='word_1_32' title='bbox 496 1044 652 1132; x_wconf 74' lang='grc' dir='ltr'><strong><em>Ταντάλῳ</em></strong></span> <span class='ocrx_word' id='word_1_33' title='bbox 675 1041 731 1107; x_wconf 80' lang='grc' dir='ltr'><strong>καὶ</strong></span> <span class='ocrx_word' id='word_1_34' title='bbox 754 1051 799 1130; x_wconf 77' lang='grc' dir='ltr'><strong>τῷ</strong></span> <span class='ocrx_word' id='word_1_35' title='bbox 824 1039 992 1129; x_wconf 82' lang='grc' dir='ltr'><strong><em>Δαρδάνφ</em></strong></span> <span class='ocrx_word' id='word_1_36' title='bbox 1016 1039 1071 1105; x_wconf 82' lang='grc' dir='ltr'><strong>καὶ</strong></span> <span class='ocrx_word' id='word_1_37' title='bbox 1094 1049 1139 1129; x_wconf 78' lang='grc' dir='ltr'><strong>τῷ</strong></span> <span class='ocrx_word' id='word_1_38' title='bbox 1159 1042 1263 1129; x_wconf 79' lang='grc' dir='ltr'><strong><em>Ζήθῳ</em></strong></span> <span class='ocrx_word' id='word_1_39' title='bbox 1287 1042 1401 1108; x_wconf 84' lang='grc' dir='ltr'><strong><em>δεινὸν</em></strong></span> <span class='ocrx_word' id='word_1_40' title='bbox 1419 1040 1531 1130; x_wconf 78' lang='grc' dir='ltr'><strong><em>ιιτλ*);</em></strong></span> <span class='ocrx_word' id='word_1_41' title='bbox 1553 1041 1641 1108; x_wconf 88' lang='lat' dir='ltr'><strong>Ionis</strong></span> 
     </span>
     <span class='ocr_line' id='line_1_5' title="bbox 406 1143 1641 1234; baseline 0 -20"><span class='ocrx_word' id='word_1_42' title='bbox 406 1173 437 1234; x_wconf 90' lang='lat' dir='ltr'><strong>p.</strong></span> <span class='ocrx_word' id='word_1_43' title='bbox 457 1150 510 1234; x_wconf 81' lang='grc'><strong>62,</strong></span> <span class='ocrx_word' id='word_1_44' title='bbox 525 1151 567 1215; x_wconf 79' lang='grc'><strong>21</strong></span> <span class='ocrx_word' id='word_1_45' title='bbox 588 1145 641 1216; x_wconf 85' lang='grc' dir='ltr'><strong>ὧν</strong></span> <span class='ocrx_word' id='word_1_46' title='bbox 651 1147 795 1234; x_wconf 79' lang='grc' dir='ltr'><strong><em>Όμηρος</em></strong></span> <span class='ocrx_word' id='word_1_47' title='bbox 814 1149 901 1231; x_wconf 75' lang='grc' dir='ltr'><strong><em>λέγει</em></strong></span> <span class='ocrx_word' id='word_1_48' title='bbox 920 1148 1009 1233; x_wconf 80' lang='grc' dir='ltr'><strong><em>περὶ</em></strong></span> <span class='ocrx_word' id='word_1_49' title='bbox 1028 1151 1140 1224; x_wconf 86' lang='grc' dir='ltr'><strong><em>τίνος</em></strong></span> <span class='ocrx_word' id='word_1_50' title='bbox 1158 1143 1196 1214; x_wconf 83' lang='grc' dir='ltr'><strong>εὖ</strong></span> <span class='ocrx_word' id='word_1_51' title='bbox 1215 1147 1329 1231; x_wconf 76' lang='grc' dir='ltr'><strong><em>λέγεις.</em></strong></span> <span class='ocrx_word' id='word_1_52' title='bbox 1353 1147 1510 1214; x_wconf 73' lang='lat' dir='ltr'><strong>Similiter</strong></span> <span class='ocrx_word' id='word_1_53' title='bbox 1527 1148 1641 1234; x_wconf 87' lang='lat' dir='ltr'><strong>Lysias</strong></span> 
     </span>
     <span class='ocr_line' id='line_1_6' title="bbox 407 1253 1695 1341; baseline 0 -19"><span class='ocrx_word' id='word_1_54' title='bbox 407 1257 524 1339; x_wconf 83' lang='lat'>31,11</span> <span class='ocrx_word' id='word_1_55' title='bbox 555 1260 635 1332; x_wconf 82' lang='grc' dir='ltr'><strong><em>ἔθος</em></strong></span> <span class='ocrx_word' id='word_1_56' title='bbox 662 1258 795 1322; x_wconf 87' lang='grc' dir='ltr'><strong><em>διίιαιον</em></strong></span> <span class='ocrx_word' id='word_1_57' title='bbox 823 1255 1018 1340; x_wconf 84' lang='grc' dir='ltr'><strong><em>ἀνθρώποις</em></strong></span> <span class='ocrx_word' id='word_1_58' title='bbox 1046 1266 1122 1320; x_wconf 81' lang='grc' dir='ltr'><strong>τῶν</strong></span> <span class='ocrx_word' id='word_1_59' title='bbox 1151 1255 1283 1320; x_wconf 82' lang='grc' dir='ltr'><strong><em>αὐτῶν</em></strong></span> <span class='ocrx_word' id='word_1_60' title='bbox 1306 1255 1559 1340; x_wconf 80' lang='grc' dir='ltr'><em>ἀδικημάτων</em></span> <span class='ocrx_word' id='word_1_61' title='bbox 1581 1253 1695 1341; x_wconf 62' lang='lat' dir='ltr'><strong>acl-18</strong></span> 
     </span>
     <span class='ocr_line' id='line_1_7' title="bbox 407 1361 1641 1449; baseline -0.002 -20"><span class='ocrx_word' id='word_1_62' title='bbox 407 1370 502 1430; x_wconf 81' lang='grc' dir='ltr'><strong><em>λιστα</em></strong></span> <span class='ocrx_word' id='word_1_63' title='bbox 524 1364 716 1449; x_wconf 73' lang='grc' dir='ltr'><strong><em>ὀργιζεσθαι</em></strong></span> <span class='ocrx_word' id='word_1_64' title='bbox 739 1374 809 1439; x_wconf 87' lang='grc' dir='ltr'><strong><em>τοῖς</em></strong></span> <span class='ocrx_word' id='word_1_65' title='bbox 832 1363 973 1446; x_wconf 77' lang='grc' dir='ltr'><strong><em>μάλιστα</em></strong></span> <span class='ocrx_word' id='word_1_66' title='bbox 996 1361 1198 1446; x_wconf 75' lang='grc' dir='ltr'><em>δυναμένοις</em></span> <span class='ocrx_word' id='word_1_67' title='bbox 1219 1365 1263 1447; x_wconf 81' lang='grc' dir='ltr'><strong>μὴ</strong></span> <span class='ocrx_word' id='word_1_68' title='bbox 1287 1362 1425 1428; x_wconf 81' lang='grc' dir='ltr'><em>ἀδικεῖν.</em></span> <span class='ocrx_word' id='word_1_69' title='bbox 1461 1362 1641 1428; x_wconf 76' lang='lat' dir='ltr'>Praemisso</span> 
     </span>
     <span class='ocr_line' id='line_1_8' title="bbox 405 1468 1642 1558; baseline -0.001 -22"><span class='ocrx_word' id='word_1_70' title='bbox 405 1476 513 1536; x_wconf 90' lang='lat' dir='ltr'><strong>autem</strong></span> <span class='ocrx_word' id='word_1_71' title='bbox 541 1472 604 1536; x_wconf 90' lang='lat' dir='ltr'><strong>hoc</strong></span> <span class='ocrx_word' id='word_1_72' title='bbox 629 1471 779 1558; x_wconf 82' lang='lat' dir='ltr'><strong>genetivo</strong></span> <span class='ocrx_word' id='word_1_73' title='bbox 802 1493 875 1536; x_wconf 90' lang='lat' dir='ltr'><strong>cum</strong></span> <span class='ocrx_word' id='word_1_74' title='bbox 898 1473 1071 1554; x_wconf 88' lang='lat' dir='ltr'><strong>utrumque</strong></span> <span class='ocrx_word' id='word_1_75' title='bbox 1094 1472 1181 1535; x_wconf 89' lang='lat' dir='ltr'><strong>recte</strong></span> <span class='ocrx_word' id='word_1_76' title='bbox 1204 1469 1267 1534; x_wconf 90' lang='lat' dir='ltr'><strong>dici</strong></span> <span class='ocrx_word' id='word_1_77' title='bbox 1290 1469 1433 1555; x_wconf 88' lang='lat' dir='ltr'><strong>potuerit</strong></span> <span class='ocrx_word' id='word_1_78' title='bbox 1456 1474 1488 1534; x_wconf 89' lang='lat' dir='ltr'><strong>et</strong></span> <span class='ocrx_word' id='word_1_79' title='bbox 1507 1468 1642 1547; x_wconf 87' lang='grc' dir='ltr'><strong><em>Ἀναξα-</em></strong></span> 
     </span>
     <span class='ocr_line' id='line_1_9' title="bbox 406 1576 1643 1663; baseline -0.001 -20"><span class='ocrx_word' id='word_1_80' title='bbox 406 1581 510 1661; x_wconf 92' lang='grc' dir='ltr'><strong><em>γόρου</em></strong></span> <span class='ocrx_word' id='word_1_81' title='bbox 538 1582 570 1642; x_wconf 92' lang='lat' dir='ltr'><strong>et</strong></span> <span class='ocrx_word' id='word_1_82' title='bbox 597 1576 673 1663; x_wconf 80' lang='grc' dir='ltr'><strong><em>περὶ</em></strong></span> <span class='ocrx_word' id='word_1_83' title='bbox 695 1576 915 1662; x_wconf 77' lang='grc' dir='ltr'><strong>Ἀναξαγόραν</strong></span> <span class='ocrx_word' id='word_1_84' title='bbox 946 1577 1075 1660; x_wconf 75' lang='grc' dir='ltr'><strong><em>λέγεται</em></strong></span> <span class='ocrx_word' id='word_1_85' title='bbox 1103 1577 1208 1660; x_wconf 77' lang='grc' dir='ltr'><strong><em>πολλὴ</em></strong></span> <span class='ocrx_word' id='word_1_86' title='bbox 1236 1576 1380 1660; x_wconf 89' lang='grc' dir='ltr'><strong><em>ἀμαθία,</em></strong></span> <span class='ocrx_word' id='word_1_87' title='bbox 1407 1577 1498 1641; x_wconf 86' lang='lat' dir='ltr'><strong>velut</strong></span> <span class='ocrx_word' id='word_1_88' title='bbox 1524 1577 1558 1641; x_wconf 89' lang='lat' dir='ltr'><strong>in</strong></span> <span class='ocrx_word' id='word_1_89' title='bbox 1581 1576 1643 1642; x_wconf 87' lang='lat' dir='ltr'><strong>hac</strong></span> 
     </span>
    </p>
   </div>
   <div class='ocr_carea' id='block_1_3' title="bbox 368 1682 1644 2305">
    <p class='ocr_par' dir='ltr' id='par_1_3' title="bbox 368 1682 1644 2305">
     <span class='ocr_line' id='line_1_10' title="bbox 405 1682 1643 1769; baseline -0.001 -20"><span class='ocrx_word' id='word_1_90' title='bbox 405 1686 477 1769; x_wconf 87' lang='lat' dir='ltr'><strong>ipsa</strong></span> <span class='ocrx_word' id='word_1_91' title='bbox 504 1689 596 1769; x_wconf 87' lang='lat' dir='ltr'><strong>parte</strong></span> <span class='ocrx_word' id='word_1_92' title='bbox 620 1706 716 1768; x_wconf 89' lang='lat' dir='ltr'><strong>quam</strong></span> <span class='ocrx_word' id='word_1_93' title='bbox 739 1688 914 1750; x_wconf 74' lang='lat' dir='ltr'><strong>tractamus</strong></span> <span class='ocrx_word' id='word_1_94' title='bbox 938 1708 967 1768; x_wconf 91' lang='lat' dir='ltr'><strong>p.</strong></span> <span class='ocrx_word' id='word_1_95' title='bbox 987 1685 1022 1768; x_wconf 86' lang='lat'><strong>3,</strong></span> <span class='ocrx_word' id='word_1_96' title='bbox 1043 1683 1084 1748; x_wconf 88' lang='lat'><strong>19</strong></span> <span class='ocrx_word' id='word_1_97' title='bbox 1114 1685 1218 1749; x_wconf 77' lang='grc' dir='ltr'><strong><em>καλὸν</em></strong></span> <span class='ocrx_word' id='word_1_98' title='bbox 1240 1683 1295 1748; x_wconf 83' lang='grc' dir='ltr'><strong>καὶ</strong></span> <span class='ocrx_word' id='word_1_99' title='bbox 1318 1682 1403 1768; x_wconf 82' lang='grc' dir='ltr'><strong><em>μέγα</em></strong></span> <span class='ocrx_word' id='word_1_100' title='bbox 1424 1687 1643 1769; x_wconf 81' lang='grc' dir='ltr'><strong><em>τεκμήριον</em></strong></span> 
     </span>
     <span class='ocr_line' id='line_1_11' title="bbox 368 1789 1644 1875; baseline -0.002 -19"><span class='ocrx_word' id='word_1_101' title='bbox 368 1834 393 1874; x_wconf 65' lang='grc'><strong>,0</strong></span> <span class='ocrx_word' id='word_1_102' title='bbox 408 1795 552 1874; x_wconf 83' lang='grc' dir='ltr'><strong><em>σοφίας</em></strong></span> <span class='ocrx_word' id='word_1_103' title='bbox 576 1789 691 1875; x_wconf 78' lang='grc' dir='ltr'><strong><em>τῆςτε</em></strong></span> <span class='ocrx_word' id='word_1_104' title='bbox 715 1800 857 1856; x_wconf 83' lang='grc' dir='ltr'><strong><em>σεαυτοῦ</em></strong></span> <span class='ocrx_word' id='word_1_105' title='bbox 879 1790 934 1856; x_wconf 83' lang='grc' dir='ltr'><strong>καὶ</strong></span> <span class='ocrx_word' id='word_1_106' title='bbox 957 1801 1026 1855; x_wconf 82' lang='grc' dir='ltr'><strong>τῶν</strong></span> <span class='ocrx_word' id='word_1_107' title='bbox 1048 1799 1113 1856; x_wconf 87' lang='grc' dir='ltr'><strong>νῦν</strong></span> <span class='ocrx_word' id='word_1_108' title='bbox 1135 1789 1341 1874; x_wconf 87' lang='grc' dir='ltr'><strong><em>ἀνθρώπων,</em></strong></span> <span class='ocrx_word' id='word_1_109' title='bbox 1369 1789 1445 1855; x_wconf 89' lang='lat' dir='ltr'><strong>ibid</strong></span> <span class='ocrx_word' id='word_1_110' title='bbox 1465 1791 1507 1856; x_wconf 81' lang='grc'><strong>26</strong></span> <span class='ocrx_word' id='word_1_111' title='bbox 1532 1792 1644 1867; x_wconf 74' lang='grc' dir='ltr'><strong>δοκεῖς</strong></span> 
     </span>
     <span class='ocr_line' id='line_1_12' title="bbox 406 1895 1642 1984; baseline -0.001 -20"><span class='ocrx_word' id='word_1_112' title='bbox 406 1899 509 1964; x_wconf 75' lang='grc' dir='ltr'><strong><em>καλὸν</em></strong></span> <span class='ocrx_word' id='word_1_113' title='bbox 536 1900 750 1984; x_wconf 80' lang='grc' dir='ltr'><strong><em>τεκμήριον</em></strong></span> <span class='ocrx_word' id='word_1_114' title='bbox 777 1898 979 1982; x_wconf 81' lang='grc' dir='ltr'><strong><em>ἀποφαίνειν</em></strong></span> <span class='ocrx_word' id='word_1_115' title='bbox 1007 1895 1097 1981; x_wconf 81' lang='grc' dir='ltr'><strong><em>περὶ</em></strong></span> <span class='ocrx_word' id='word_1_116' title='bbox 1126 1899 1269 1981; x_wconf 81' lang='grc' dir='ltr'><strong><em>σοφίας</em></strong></span> <span class='ocrx_word' id='word_1_117' title='bbox 1297 1909 1365 1962; x_wconf 80' lang='grc' dir='ltr'><strong>τῶν</strong></span> <span class='ocrx_word' id='word_1_118' title='bbox 1392 1907 1457 1962; x_wconf 87' lang='grc' dir='ltr'><strong>νῦν</strong></span> <span class='ocrx_word' id='word_1_119' title='bbox 1484 1899 1536 1963; x_wconf 88' lang='lat' dir='ltr'><strong>vel</strong></span> <span class='ocrx_word' id='word_1_120' title='bbox 1562 1896 1642 1963; x_wconf 89' lang='lat' dir='ltr'><strong>lone</strong></span> 
     </span>
     <span class='ocr_line' id='line_1_13' title="bbox 405 1997 1640 2090; baseline -0.001 -20"><span class='ocrx_word' id='word_1_121' title='bbox 405 2029 436 2090; x_wconf 78' lang='lat' dir='ltr'><strong>p,</strong></span> <span class='ocrx_word' id='word_1_122' title='bbox 455 2005 509 2090; x_wconf 83' lang='grc'><strong>63,</strong></span> <span class='ocrx_word' id='word_1_123' title='bbox 527 2006 568 2070; x_wconf 77' lang='lat'><strong>27</strong></span> <span class='ocrx_word' id='word_1_124' title='bbox 594 2006 674 2071; x_wconf 85' lang='grc' dir='ltr'><strong><em>ὅταν</em></strong></span> <span class='ocrx_word' id='word_1_125' title='bbox 696 2005 717 2089; x_wconf 71' lang='grc' dir='ltr'><em>ἡ</em></span> <span class='ocrx_word' id='word_1_126' title='bbox 740 2006 802 2086; x_wconf 76' lang='grc' dir='ltr'><strong>μὲν</strong></span> <span class='ocrx_word' id='word_1_127' title='bbox 825 2003 968 2089; x_wconf 80' lang='grc' dir='ltr'><strong><em>ἑτέρων</em></strong></span> <span class='ocrx_word' id='word_1_128' title='bbox 990 2004 1231 2089; x_wconf 78' lang='grc' dir='ltr'><strong><em>πραγμάτων</em></strong></span> <span class='ocrx_word' id='word_1_129' title='bbox 1253 1997 1275 2089; x_wconf 76' lang='grc' dir='ltr'><strong><em>ᾗ</em></strong></span> <span class='ocrx_word' id='word_1_130' title='bbox 1298 2003 1506 2089; x_wconf 79' lang='grc' dir='ltr'><strong>ἐπιστήμη,</strong></span> <span class='ocrx_word' id='word_1_131' title='bbox 1531 2004 1583 2089; x_wconf 90' lang='grc'><strong>64,</strong></span> <span class='ocrx_word' id='word_1_132' title='bbox 1597 2005 1640 2069; x_wconf 83' lang='grc'><strong>21</strong></span> 
     </span>
     <span class='ocr_line' id='line_1_14' title="bbox 406 2110 1644 2198; baseline -0.002 -20"><span class='ocrx_word' id='word_1_133' title='bbox 406 2115 437 2178; x_wconf 81' lang='grc' dir='ltr'><strong>εί</strong></span> <span class='ocrx_word' id='word_1_134' title='bbox 469 2111 577 2197; x_wconf 82' lang='grc' dir='ltr'><strong><em>ἑτέρα,</em></strong></span> <span class='ocrx_word' id='word_1_135' title='bbox 609 2111 700 2198; x_wconf 77' lang='grc' dir='ltr'><strong><em>περί</em></strong></span> <span class='ocrx_word' id='word_1_136' title='bbox 732 2110 876 2197; x_wconf 81' lang='grc' dir='ltr'><strong><em>ἑτέρων</em></strong></span> <span class='ocrx_word' id='word_1_137' title='bbox 904 2110 959 2176; x_wconf 80' lang='grc' dir='ltr'><strong>καὶ</strong></span> <span class='ocrx_word' id='word_1_138' title='bbox 987 2110 1178 2195; x_wconf 80' lang='grc' dir='ltr'><strong><em>ἐπιστήμη</em></strong></span> <span class='ocrx_word' id='word_1_139' title='bbox 1206 2111 1409 2195; x_wconf 75' lang='grc' dir='ltr'><strong><em>πραγμάτων</em></strong></span> <span class='ocrx_word' id='word_1_140' title='bbox 1437 2110 1521 2194; x_wconf 75' lang='grc' dir='ltr'><strong><em>ἐστί,</em></strong></span> <span class='ocrx_word' id='word_1_141' title='bbox 1554 2111 1644 2195; x_wconf 89' lang='lat' dir='ltr'><strong>quod</strong></span> 
     </span>
     <span class='ocr_line' id='line_1_15' title="bbox 406 2216 1642 2305; baseline 0 -21"><span class='ocrx_word' id='word_1_142' title='bbox 406 2220 544 2304; x_wconf 73' lang='lat' dir='ltr'><strong>scriptor</strong></span> <span class='ocrx_word' id='word_1_143' title='bbox 561 2221 678 2285; x_wconf 83' lang='lat' dir='ltr'><strong>maluit</strong></span> <span class='ocrx_word' id='word_1_144' title='bbox 694 2231 762 2285; x_wconf 86' lang='grc' dir='ltr'><strong>τῶν</strong></span> <span class='ocrx_word' id='word_1_145' title='bbox 780 2217 952 2304; x_wconf 82' lang='grc' dir='ltr'><strong><em>προτέρων</em></strong></span> <span class='ocrx_word' id='word_1_146' title='bbox 965 2219 1054 2305; x_wconf 77' lang='grc' dir='ltr'><strong><em>περὶ</em></strong></span> <span class='ocrx_word' id='word_1_147' title='bbox 1067 2216 1288 2301; x_wconf 81' lang='grc' dir='ltr'><strong><em>Ἀναξαγόρου</em></strong></span> <span class='ocrx_word' id='word_1_148' title='bbox 1303 2218 1433 2303; x_wconf 81' lang='grc' dir='ltr'><strong><em>λέγεται</em></strong></span> <span class='ocrx_word' id='word_1_149' title='bbox 1446 2241 1479 2284; x_wconf 91' lang='grc' dir='ltr'><strong>π.</strong></span> <span class='ocrx_word' id='word_1_150' title='bbox 1494 2243 1533 2303; x_wconf 89' lang='grc' dir='ltr'><strong>α,</strong></span> <span class='ocrx_word' id='word_1_151' title='bbox 1552 2242 1642 2303; x_wconf 86' lang='lat' dir='ltr'><strong>prae-</strong></span> 
     </span>
    </p>
   </div>
   <div class='ocr_carea' id='block_1_4' title="bbox 364 2325 1644 4340">
    <p class='ocr_par' dir='ltr' id='par_1_4' title="bbox 364 2325 1644 4340">
     <span class='ocr_line' id='line_1_16' title="bbox 405 2325 1644 2411; baseline 0 -21"><span class='ocrx_word' id='word_1_152' title='bbox 405 2326 481 2391; x_wconf 92' lang='lat' dir='ltr'><strong>tulit</strong></span> <span class='ocrx_word' id='word_1_153' title='bbox 509 2327 596 2410; x_wconf 93' lang='lat' dir='ltr'><strong>quod</strong></span> <span class='ocrx_word' id='word_1_154' title='bbox 624 2331 657 2392; x_wconf 90' lang='lat' dir='ltr'><strong>et</strong></span> <span class='ocrx_word' id='word_1_155' title='bbox 683 2326 754 2411; x_wconf 90' lang='lat' dir='ltr'><strong>ipsa</strong></span> <span class='ocrx_word' id='word_1_156' title='bbox 777 2326 955 2392; x_wconf 88' lang='lat' dir='ltr'><strong>sententiae</strong></span> <span class='ocrx_word' id='word_1_157' title='bbox 977 2325 1083 2390; x_wconf 87' lang='lat' dir='ltr'><strong>forma</strong></span> <span class='ocrx_word' id='word_1_158' title='bbox 1107 2325 1260 2391; x_wconf 85' lang='lat' dir='ltr'><strong>suadebat</strong></span> <span class='ocrx_word' id='word_1_159' title='bbox 1284 2331 1316 2391; x_wconf 89' lang='lat' dir='ltr'><strong>et</strong></span> <span class='ocrx_word' id='word_1_160' title='bbox 1340 2348 1422 2410; x_wconf 86' lang='lat' dir='ltr'><strong>quae</strong></span> <span class='ocrx_word' id='word_1_161' title='bbox 1444 2327 1543 2411; x_wconf 86' lang='lat' dir='ltr'><strong>paulo</strong></span> <span class='ocrx_word' id='word_1_162' title='bbox 1566 2329 1644 2410; x_wconf 90' lang='lat' dir='ltr'><strong>post</strong></span> 
     </span>
     <span class='ocr_line' id='line_1_17' title="bbox 405 2429 1643 2520; baseline 0.002 -24"><span class='ocrx_word' id='word_1_163' title='bbox 405 2434 439 2497; x_wconf 89' lang='lat' dir='ltr'><strong>in</strong></span> <span class='ocrx_word' id='word_1_164' title='bbox 472 2433 581 2499; x_wconf 87' lang='lat' dir='ltr'><strong>eadem</strong></span> <span class='ocrx_word' id='word_1_165' title='bbox 613 2434 758 2498; x_wconf 86' lang='lat' dir='ltr'><strong>oratioue</strong></span> <span class='ocrx_word' id='word_1_166' title='bbox 790 2433 1005 2518; x_wconf 87' lang='lat' dir='ltr'><strong>insequuntur</strong></span> <span class='ocrx_word' id='word_1_167' title='bbox 1037 2429 1082 2520; x_wconf 89' lang='lat' dir='ltr'><strong>(p.</strong></span> <span class='ocrx_word' id='word_1_168' title='bbox 1101 2431 1135 2516; x_wconf 83' lang='lat'><strong>3,</strong></span> <span class='ocrx_word' id='word_1_169' title='bbox 1154 2431 1211 2520; x_wconf 79' lang='lat'><strong>25)</strong></span> <span class='ocrx_word' id='word_1_170' title='bbox 1241 2431 1376 2517; x_wconf 80' lang='grc' dir='ltr'><strong><em>λέγουσι</em></strong></span> <span class='ocrx_word' id='word_1_171' title='bbox 1404 2433 1441 2499; x_wconf 76' lang='grc' dir='ltr'><strong>δὲ</strong></span> <span class='ocrx_word' id='word_1_172' title='bbox 1469 2431 1524 2499; x_wconf 83' lang='grc' dir='ltr'><strong>καὶ</strong></span> <span class='ocrx_word' id='word_1_173' title='bbox 1551 2435 1643 2517; x_wconf 75' lang='grc' dir='ltr'><strong><em>περὶ</em></strong></span> 
     </span>
     <span class='ocr_line' id='line_1_18' title="bbox 406 2540 1069 2624; baseline 0 -20"><span class='ocrx_word' id='word_1_174' title='bbox 406 2541 520 2605; x_wconf 77' lang='grc' dir='ltr'><strong><em>ἀλλων</em></strong></span> <span class='ocrx_word' id='word_1_175' title='bbox 541 2551 610 2605; x_wconf 83' lang='grc' dir='ltr'><strong>τῶν</strong></span> <span class='ocrx_word' id='word_1_176' title='bbox 633 2545 784 2606; x_wconf 76' lang='grc' dir='ltr'><strong><em>παλαιῶν</em></strong></span> <span class='ocrx_word' id='word_1_177' title='bbox 807 2540 1069 2624; x_wconf 82' lang='grc' dir='ltr'><strong><em>ἕτερατοιαῦτα.</em></strong></span> 
     </span>
     <span class='ocr_line' id='line_1_19' title="bbox 495 2644 1643 2732; baseline -0.001 -20"><span class='ocrx_word' id='word_1_178' title='bbox 495 2645 562 2713; x_wconf 83' lang='grc' dir='ltr'><strong>Καὶ</strong></span> <span class='ocrx_word' id='word_1_179' title='bbox 589 2657 693 2714; x_wconf 86' lang='grc' dir='ltr'><strong><em>ταῦτα</em></strong></span> <span class='ocrx_word' id='word_1_180' title='bbox 720 2644 782 2732; x_wconf 70' lang='grc' dir='ltr'><strong>μὲν</strong></span> <span class='ocrx_word' id='word_1_181' title='bbox 808 2648 928 2725; x_wconf 83' lang='grc' dir='ltr'><strong><em>ίιιανως</em></strong></span> <span class='ocrx_word' id='word_1_182' title='bbox 951 2645 1064 2732; x_wconf 80' lang='grc' dir='ltr'><strong>ἐχέτω,</strong></span> <span class='ocrx_word' id='word_1_183' title='bbox 1086 2647 1198 2731; x_wconf 85' lang='lat' dir='ltr'><strong>inquit</strong></span> <span class='ocrx_word' id='word_1_184' title='bbox 1221 2645 1376 2712; x_wconf 86' lang='lat' dir='ltr'><strong>Socrates.</strong></span> <span class='ocrx_word' id='word_1_185' title='bbox 1414 2645 1477 2713; x_wconf 85' lang='lat' dir='ltr'><strong>Sed</strong></span> <span class='ocrx_word' id='word_1_186' title='bbox 1496 2651 1643 2732; x_wconf 84' lang='lat' dir='ltr'><strong>superest</strong></span> 
     </span>
     <span class='ocr_line' id='line_1_20' title="bbox 406 2754 1643 2839; baseline 0.001 -21"><span class='ocrx_word' id='word_1_187' title='bbox 406 2757 443 2819; x_wconf 93' lang='lat' dir='ltr'><strong>ut</strong></span> <span class='ocrx_word' id='word_1_188' title='bbox 469 2755 744 2837; x_wconf 75' lang='lat' dir='ltr'><strong>molestissimam,</strong></span> <span class='ocrx_word' id='word_1_189' title='bbox 777 2776 871 2839; x_wconf 89' lang='lat' dir='ltr'><strong>quam</strong></span> <span class='ocrx_word' id='word_1_190' title='bbox 901 2754 1108 2820; x_wconf 90' lang='lat' dir='ltr'><strong>Heindorfius</strong></span> <span class='ocrx_word' id='word_1_191' title='bbox 1142 2754 1237 2838; x_wconf 80' lang='lat' dir='ltr'><strong>dixit,</strong></span> <span class='ocrx_word' id='word_1_192' title='bbox 1269 2755 1473 2820; x_wconf 75' lang='lat' dir='ltr'><strong>iterationem</strong></span> <span class='ocrx_word' id='word_1_193' title='bbox 1500 2755 1643 2819; x_wconf 92' lang='lat' dir='ltr'><strong>nominis</strong></span> 
     </span>
     <span class='ocr_line' id='line_1_21' title="bbox 365 2862 1644 2948; baseline 0.001 -22"><span class='ocrx_word' id='word_1_194' title='bbox 365 2902 392 2942; x_wconf 73' lang='lat'><strong>‚0</strong></span> <span class='ocrx_word' id='word_1_195' title='bbox 406 2863 650 2948; x_wconf 77' lang='lat' dir='ltr'><strong>perpendamus,</strong></span> <span class='ocrx_word' id='word_1_196' title='bbox 674 2885 756 2948; x_wconf 87' lang='lat' dir='ltr'><strong>quae</strong></span> <span class='ocrx_word' id='word_1_197' title='bbox 779 2868 827 2929; x_wconf 90' lang='lat' dir='ltr'><strong>est</strong></span> <span class='ocrx_word' id='word_1_198' title='bbox 850 2863 885 2927; x_wconf 90' lang='lat' dir='ltr'><strong>in</strong></span> <span class='ocrx_word' id='word_1_199' title='bbox 908 2886 946 2928; x_wconf 90' lang='lat' dir='ltr'><strong>eo</strong></span> <span class='ocrx_word' id='word_1_200' title='bbox 970 2863 1058 2947; x_wconf 90' lang='lat' dir='ltr'><strong>quod</strong></span> <span class='ocrx_word' id='word_1_201' title='bbox 1081 2885 1163 2947; x_wconf 81' lang='lat' dir='ltr'><strong>quae</strong></span> <span class='ocrx_word' id='word_1_202' title='bbox 1181 2885 1257 2927; x_wconf 86' lang='lat' dir='ltr'><strong>vera</strong></span> <span class='ocrx_word' id='word_1_203' title='bbox 1275 2885 1344 2927; x_wconf 88' lang='lat' dir='ltr'><strong>esse</strong></span> <span class='ocrx_word' id='word_1_204' title='bbox 1363 2862 1556 2931; x_wconf 87' lang='lat' dir='ltr'><strong>arbitramur</strong></span> <span class='ocrx_word' id='word_1_205' title='bbox 1573 2874 1644 2928; x_wconf 82' lang='grc' dir='ltr'><strong>τῶν</strong></span> 
     </span>
     <span class='ocr_line' id='line_1_22' title="bbox 405 2968 1642 3056; baseline -0.002 -21"><span class='ocrx_word' id='word_1_206' title='bbox 405 2971 468 3054; x_wconf 83' lang='grc' dir='ltr'><strong>γὰρ</strong></span> <span class='ocrx_word' id='word_1_207' title='bbox 500 2969 673 3056; x_wconf 79' lang='grc' dir='ltr'><strong><em>προτέρων</em></strong></span> <span class='ocrx_word' id='word_1_208' title='bbox 703 2969 792 3056; x_wconf 79' lang='grc' dir='ltr'><strong><em>περὶ</em></strong></span> <span class='ocrx_word' id='word_1_209' title='bbox 818 2969 1082 3056; x_wconf 76' lang='grc' dir='ltr'><strong><em>Ἀναξαγόρου</em></strong></span> <span class='ocrx_word' id='word_1_210' title='bbox 1113 2969 1240 3054; x_wconf 77' lang='grc' dir='ltr'><strong><em>λέγεται</em></strong></span> <span class='ocrx_word' id='word_1_211' title='bbox 1267 2970 1373 3053; x_wconf 75' lang='grc' dir='ltr'><strong><em>πολλὴ</em></strong></span> <span class='ocrx_word' id='word_1_212' title='bbox 1401 2968 1530 3054; x_wconf 88' lang='grc' dir='ltr'><strong><em>ἀμαθία</em></strong></span> <span class='ocrx_word' id='word_1_213' title='bbox 1557 2970 1642 3035; x_wconf 89' lang='lat' dir='ltr'><strong>exci-</strong></span> 
     </span>
     <span class='ocr_line' id='line_1_23' title="bbox 404 3075 1642 3163; baseline 0 -22"><span class='ocrx_word' id='word_1_214' title='bbox 404 3078 540 3160; x_wconf 88' lang='lat' dir='ltr'><strong>piuntur</strong></span> <span class='ocrx_word' id='word_1_215' title='bbox 574 3077 613 3142; x_wconf 82' lang='lat' dir='ltr'><strong>ab</strong></span> <span class='ocrx_word' id='word_1_216' title='bbox 646 3078 697 3143; x_wconf 92' lang='lat' dir='ltr'><strong>his</strong></span> <span class='ocrx_word' id='word_1_217' title='bbox 724 3078 929 3143; x_wconf 81' lang='grc' dir='ltr'><strong><em>’τούναντίον</em></strong></span> <span class='ocrx_word' id='word_1_218' title='bbox 960 3078 1024 3161; x_wconf 84' lang='grc' dir='ltr'><strong>γάρ</strong></span> <span class='ocrx_word' id='word_1_219' title='bbox 1052 3075 1294 3163; x_wconf 82' lang='grc' dir='ltr'><strong><em>Ἀναξαγόρᾳ</em></strong></span> <span class='ocrx_word' id='word_1_220' title='bbox 1327 3077 1433 3161; x_wconf 77' lang='grc' dir='ltr'><strong><em>φασίν</em></strong></span> <span class='ocrx_word' id='word_1_221' title='bbox 1464 3080 1642 3161; x_wconf 79' lang='grc' dir='ltr'><strong><em>συμβῆναι.</em></strong></span> 
     </span>
     <span class='ocr_line' id='line_1_24' title="bbox 405 3182 1642 3271; baseline 0 -22"><span class='ocrx_word' id='word_1_222' title='bbox 405 3182 475 3260; x_wconf 83' lang='lat' dir='ltr'><strong>Qua</strong></span> <span class='ocrx_word' id='word_1_223' title='bbox 502 3206 536 3249; x_wconf 87' lang='lat' dir='ltr'><strong>re</strong></span> <span class='ocrx_word' id='word_1_224' title='bbox 561 3185 700 3252; x_wconf 90' lang='lat' dir='ltr'><strong>maxime</strong></span> <span class='ocrx_word' id='word_1_225' title='bbox 723 3187 821 3251; x_wconf 87' lang='lat' dir='ltr'><strong>ceteri</strong></span> <span class='ocrx_word' id='word_1_226' title='bbox 844 3206 973 3271; x_wconf 89' lang='lat' dir='ltr'><strong>quoque</strong></span> <span class='ocrx_word' id='word_1_227' title='bbox 997 3184 1127 3250; x_wconf 87' lang='lat' dir='ltr'><strong>adducti</strong></span> <span class='ocrx_word' id='word_1_228' title='bbox 1150 3185 1313 3267; x_wconf 85' lang='lat' dir='ltr'><strong>videntur,</strong></span> <span class='ocrx_word' id='word_1_229' title='bbox 1340 3188 1377 3249; x_wconf 88' lang='lat' dir='ltr'><strong>ut</strong></span> <span class='ocrx_word' id='word_1_230' title='bbox 1401 3183 1546 3248; x_wconf 87' lang='lat' dir='ltr'><strong>addendo</strong></span> <span class='ocrx_word' id='word_1_231' title='bbox 1568 3205 1642 3267; x_wconf 91' lang='lat' dir='ltr'><strong>pec-</strong></span> 
     </span>
     <span class='ocr_line' id='line_1_25' title="bbox 405 3290 1641 3378; baseline -0.002 -21"><span class='ocrx_word' id='word_1_232' title='bbox 405 3297 514 3357; x_wconf 86' lang='lat' dir='ltr'><strong>catum</strong></span> <span class='ocrx_word' id='word_1_233' title='bbox 542 3314 610 3357; x_wconf 87' lang='lat' dir='ltr'><strong>esse</strong></span> <span class='ocrx_word' id='word_1_234' title='bbox 637 3296 818 3378; x_wconf 81' lang='lat' dir='ltr'><strong>arguerent.</strong></span> <span class='ocrx_word' id='word_1_235' title='bbox 853 3291 967 3378; x_wconf 84' lang='lat' dir='ltr'><strong>Neque</strong></span> <span class='ocrx_word' id='word_1_236' title='bbox 995 3305 1151 3378; x_wconf 79' lang='lat' dir='ltr'><strong>negamus</strong></span> <span class='ocrx_word' id='word_1_237' title='bbox 1178 3292 1323 3377; x_wconf 87' lang='lat' dir='ltr'><strong>potuisse</strong></span> <span class='ocrx_word' id='word_1_238' title='bbox 1346 3295 1421 3377; x_wconf 80' lang='lat' dir='ltr'><strong>apte</strong></span> <span class='ocrx_word' id='word_1_239' title='bbox 1444 3290 1541 3357; x_wconf 88' lang='lat' dir='ltr'><strong>scribi</strong></span> <span class='ocrx_word' id='word_1_240' title='bbox 1564 3291 1641 3355; x_wconf 88' lang='grc' dir='ltr'><strong>τού-</strong></span> 
     </span>
     <span class='ocr_line' id='line_1_26' title="bbox 404 3397 1643 3486; baseline 0 -23"><span class='ocrx_word' id='word_1_241' title='bbox 404 3402 544 3464; x_wconf 87' lang='grc' dir='ltr'><strong><em>ναντίον</em></strong></span> <span class='ocrx_word' id='word_1_242' title='bbox 570 3400 633 3483; x_wconf 90' lang='grc' dir='ltr'><strong>γάρ</strong></span> <span class='ocrx_word' id='word_1_243' title='bbox 662 3400 765 3486; x_wconf 78' lang='grc' dir='ltr'><strong><em>αὐτῷ</em></strong></span> <span class='ocrx_word' id='word_1_244' title='bbox 793 3418 899 3483; x_wconf 93' lang='grc' dir='ltr'><strong><em>φασιν</em></strong></span> <span class='ocrx_word' id='word_1_245' title='bbox 926 3401 1110 3483; x_wconf 72' lang='grc' dir='ltr'><strong><em>συμβῆναι,</em></strong></span> <span class='ocrx_word' id='word_1_246' title='bbox 1140 3419 1332 3483; x_wconf 87' lang='lat' dir='ltr'><strong>quamquam</strong></span> <span class='ocrx_word' id='word_1_247' title='bbox 1356 3397 1390 3462; x_wconf 88' lang='lat' dir='ltr'><strong>id</strong></span> <span class='ocrx_word' id='word_1_248' title='bbox 1414 3419 1543 3482; x_wconf 91' lang='lat' dir='ltr'><strong>quoque</strong></span> <span class='ocrx_word' id='word_1_249' title='bbox 1566 3397 1643 3462; x_wconf 85' lang='lat' dir='ltr'><strong>dan-</strong></span> 
     </span>
     <span class='ocr_line' id='line_1_27' title="bbox 406 3504 1642 3592; baseline 0.001 -24"><span class='ocrx_word' id='word_1_250' title='bbox 406 3505 482 3570; x_wconf 91' lang='lat' dir='ltr'><strong>dum</strong></span> <span class='ocrx_word' id='word_1_251' title='bbox 505 3510 568 3589; x_wconf 87' lang='lat' dir='ltr'><strong>est,</strong></span> <span class='ocrx_word' id='word_1_252' title='bbox 590 3506 619 3570; x_wconf 93' lang='lat' dir='ltr'><strong>si</strong></span> <span class='ocrx_word' id='word_1_253' title='bbox 642 3510 717 3572; x_wconf 86' lang='lat' dir='ltr'><strong>ante</strong></span> <span class='ocrx_word' id='word_1_254' title='bbox 739 3508 865 3571; x_wconf 88' lang='lat' dir='ltr'><strong>nullum</strong></span> <span class='ocrx_word' id='word_1_255' title='bbox 888 3510 957 3571; x_wconf 90' lang='lat' dir='ltr'><strong>erat</strong></span> <span class='ocrx_word' id='word_1_256' title='bbox 981 3505 1194 3592; x_wconf 81' lang='lat' dir='ltr'><strong>Anaxagorae</strong></span> <span class='ocrx_word' id='word_1_257' title='bbox 1216 3527 1333 3570; x_wconf 90' lang='lat' dir='ltr'><strong>nomeu</strong></span> <span class='ocrx_word' id='word_1_258' title='bbox 1357 3508 1389 3570; x_wconf 90' lang='lat' dir='ltr'><strong>et</strong></span> <span class='ocrx_word' id='word_1_259' title='bbox 1412 3504 1492 3570; x_wconf 82' lang='lat' dir='ltr'><strong>haec</strong></span> <span class='ocrx_word' id='word_1_260' title='bbox 1514 3508 1642 3570; x_wconf 85' lang='lat' dir='ltr'><strong>tantum</strong></span> 
     </span>
     <span class='ocr_line' id='line_1_28' title="bbox 406 3610 1642 3699; baseline 0.002 -24"><span class='ocrx_word' id='word_1_261' title='bbox 406 3612 638 3694; x_wconf 78' lang='lat' dir='ltr'><strong>praecedebant</strong></span> <span class='ocrx_word' id='word_1_262' title='bbox 665 3626 733 3679; x_wconf 86' lang='grc' dir='ltr'><strong>τῶν</strong></span> <span class='ocrx_word' id='word_1_263' title='bbox 760 3615 824 3699; x_wconf 93' lang='grc' dir='ltr'><strong>γάρ</strong></span> <span class='ocrx_word' id='word_1_264' title='bbox 847 3613 1020 3698; x_wconf 84' lang='grc' dir='ltr'><strong><em>προτέρων</em></strong></span> <span class='ocrx_word' id='word_1_265' title='bbox 1043 3612 1171 3695; x_wconf 79' lang='grc' dir='ltr'><strong><em>λέγεται</em></strong></span> <span class='ocrx_word' id='word_1_266' title='bbox 1194 3612 1301 3695; x_wconf 79' lang='grc' dir='ltr'><strong><em>πολλὴ</em></strong></span> <span class='ocrx_word' id='word_1_267' title='bbox 1326 3611 1468 3697; x_wconf 90' lang='grc' dir='ltr'><strong><em>ἀμαθία,</em></strong></span> <span class='ocrx_word' id='word_1_268' title='bbox 1497 3610 1642 3677; x_wconf 78' lang='lat' dir='ltr'><strong>ordinem</strong></span> 
     </span>
     <span class='ocr_line' id='line_1_29' title="bbox 406 3716 1643 3806; baseline 0.001 -24"><span class='ocrx_word' id='word_1_269' title='bbox 406 3716 629 3784; x_wconf 81' lang='lat' dir='ltr'><strong>invertendum</strong></span> <span class='ocrx_word' id='word_1_270' title='bbox 657 3724 691 3784; x_wconf 89' lang='lat' dir='ltr'><strong>et</strong></span> <span class='ocrx_word' id='word_1_271' title='bbox 713 3720 925 3806; x_wconf 84' lang='lat' dir='ltr'><strong>Anaxagorae</strong></span> <span class='ocrx_word' id='word_1_272' title='bbox 950 3718 1076 3785; x_wconf 90' lang='lat' dir='ltr'><strong>nomini</strong></span> <span class='ocrx_word' id='word_1_273' title='bbox 1098 3720 1238 3804; x_wconf 89' lang='lat' dir='ltr'><strong>primum</strong></span> <span class='ocrx_word' id='word_1_274' title='bbox 1261 3719 1368 3784; x_wconf 91' lang='lat' dir='ltr'><strong>locum</strong></span> <span class='ocrx_word' id='word_1_275' title='bbox 1393 3720 1426 3784; x_wconf 92' lang='lat' dir='ltr'><strong>in</strong></span> <span class='ocrx_word' id='word_1_276' title='bbox 1451 3721 1550 3784; x_wconf 87' lang='lat' dir='ltr'><strong>altera</strong></span> <span class='ocrx_word' id='word_1_277' title='bbox 1573 3741 1643 3783; x_wconf 90' lang='lat' dir='ltr'><strong>sen-</strong></span> 
     </span>
     <span class='ocr_line' id='line_1_30' title="bbox 406 3824 1641 3911; baseline -0.002 -20"><span class='ocrx_word' id='word_1_278' title='bbox 406 3824 508 3891; x_wconf 88' lang='lat' dir='ltr'><strong>tentia</strong></span> <span class='ocrx_word' id='word_1_279' title='bbox 539 3825 677 3891; x_wconf 91' lang='lat' dir='ltr'><strong>dandum</strong></span> <span class='ocrx_word' id='word_1_280' title='bbox 706 3827 820 3910; x_wconf 81' lang='lat' dir='ltr'><strong>fuisse,</strong></span> <span class='ocrx_word' id='word_1_281' title='bbox 846 3824 1048 3911; x_wconf 81' lang='grc' dir='ltr'><strong><em>Ἀναξαγόρᾳ</em></strong></span> <span class='ocrx_word' id='word_1_282' title='bbox 1074 3826 1138 3908; x_wconf 87' lang='grc' dir='ltr'><strong>γάρ</strong></span> <span class='ocrx_word' id='word_1_283' title='bbox 1165 3826 1378 3909; x_wconf 87' lang='grc' dir='ltr'><strong><em>τούναντίον,</em></strong></span> <span class='ocrx_word' id='word_1_284' title='bbox 1411 3825 1496 3910; x_wconf 92' lang='lat' dir='ltr'><strong>quod</strong></span> <span class='ocrx_word' id='word_1_285' title='bbox 1523 3847 1641 3890; x_wconf 88' lang='lat' dir='ltr'><strong>nomen</strong></span> 
     </span>
     <span class='ocr_line' id='line_1_31' title="bbox 364 3931 1643 4017; baseline 0 -21"><span class='ocrx_word' id='word_1_286' title='bbox 364 3972 391 4011; x_wconf 59' lang='grc' dir='ltr'><strong>ς,</strong></span> <span class='ocrx_word' id='word_1_287' title='bbox 405 3953 491 3997; x_wconf 77' lang='grc' dir='ltr'><strong><em>τινων</em></strong></span> <span class='ocrx_word' id='word_1_288' title='bbox 518 3933 587 3997; x_wconf 89' lang='lat' dir='ltr'><strong>sine</strong></span> <span class='ocrx_word' id='word_1_289' title='bbox 614 3932 756 4017; x_wconf 89' lang='lat' dir='ltr'><strong>pondere</strong></span> <span class='ocrx_word' id='word_1_290' title='bbox 783 3937 816 3997; x_wconf 94' lang='lat' dir='ltr'><strong>et</strong></span> <span class='ocrx_word' id='word_1_291' title='bbox 843 3932 913 3998; x_wconf 85' lang='lat' dir='ltr'><strong>sine</strong></span> <span class='ocrx_word' id='word_1_292' title='bbox 939 3931 972 3997; x_wconf 83' lang='lat' dir='ltr'><strong>vi</strong></span> <span class='ocrx_word' id='word_1_293' title='bbox 1001 3932 1068 3997; x_wconf 87' lang='lat' dir='ltr'><strong>ulla</strong></span> <span class='ocrx_word' id='word_1_294' title='bbox 1091 3932 1319 4017; x_wconf 88' lang='lat' dir='ltr'><strong>interpositum</strong></span> <span class='ocrx_word' id='word_1_295' title='bbox 1343 3937 1400 3998; x_wconf 85' lang='lat' dir='ltr'><strong>est.</strong></span> <span class='ocrx_word' id='word_1_296' title='bbox 1438 3932 1501 3997; x_wconf 85' lang='lat' dir='ltr'><strong>Sed</strong></span> <span class='ocrx_word' id='word_1_297' title='bbox 1524 3932 1563 3996; x_wconf 89' lang='lat' dir='ltr'><strong>de</strong></span> <span class='ocrx_word' id='word_1_298' title='bbox 1586 3955 1643 3997; x_wconf 94' lang='lat' dir='ltr'><strong>no-</strong></span> 
     </span>
     <span class='ocr_line' id='line_1_32' title="bbox 406 4039 1641 4125; baseline 0.002 -24"><span class='ocrx_word' id='word_1_299' title='bbox 406 4039 549 4104; x_wconf 90' lang='lat' dir='ltr'><strong>minibus</strong></span> <span class='ocrx_word' id='word_1_300' title='bbox 572 4040 713 4124; x_wconf 86' lang='lat' dir='ltr'><strong>propriis</strong></span> <span class='ocrx_word' id='word_1_301' title='bbox 736 4040 852 4124; x_wconf 89' lang='lat' dir='ltr'><strong>positis</strong></span> <span class='ocrx_word' id='word_1_302' title='bbox 876 4043 931 4106; x_wconf 88' lang='lat' dir='ltr'><strong>aut</strong></span> <span class='ocrx_word' id='word_1_303' title='bbox 955 4039 1084 4105; x_wconf 89' lang='lat' dir='ltr'><strong>omissis</strong></span> <span class='ocrx_word' id='word_1_304' title='bbox 1107 4062 1223 4125; x_wconf 77' lang='lat' dir='ltr'><strong>magna</strong></span> <span class='ocrx_word' id='word_1_305' title='bbox 1246 4039 1435 4105; x_wconf 88' lang='lat' dir='ltr'><strong>diiudicatio</strong></span> <span class='ocrx_word' id='word_1_306' title='bbox 1459 4042 1521 4125; x_wconf 86' lang='lat' dir='ltr'><strong>est,</strong></span> <span class='ocrx_word' id='word_1_307' title='bbox 1544 4060 1641 4125; x_wconf 87' lang='lat' dir='ltr'><strong>quam</strong></span> 
     </span>
     <span class='ocr_line' id='line_1_33' title="bbox 405 4144 1641 4232; baseline 0.004 -25"><span class='ocrx_word' id='word_1_308' title='bbox 405 4144 429 4208; x_wconf 93' lang='lat' dir='ltr'><strong>ii</strong></span> <span class='ocrx_word' id='word_1_309' title='bbox 457 4167 523 4211; x_wconf 94' lang='lat' dir='ltr'><strong>non</strong></span> <span class='ocrx_word' id='word_1_310' title='bbox 551 4146 630 4211; x_wconf 88' lang='lat' dir='ltr'><strong>satis</strong></span> <span class='ocrx_word' id='word_1_311' title='bbox 658 4150 744 4212; x_wconf 91' lang='lat' dir='ltr'><strong>recte</strong></span> <span class='ocrx_word' id='word_1_312' title='bbox 772 4151 885 4212; x_wconf 87' lang='lat' dir='ltr'><strong>taxant</strong></span> <span class='ocrx_word' id='word_1_313' title='bbox 913 4148 969 4232; x_wconf 90' lang='lat' dir='ltr'><strong>qui</strong></span> <span class='ocrx_word' id='word_1_314' title='bbox 997 4169 1063 4211; x_wconf 89' lang='lat' dir='ltr'><strong>non</strong></span> <span class='ocrx_word' id='word_1_315' title='bbox 1089 4148 1256 4231; x_wconf 81' lang='lat' dir='ltr'><strong>explorato</strong></span> <span class='ocrx_word' id='word_1_316' title='bbox 1280 4147 1474 4231; x_wconf 87' lang='lat' dir='ltr'><strong>scriptorum</strong></span> <span class='ocrx_word' id='word_1_317' title='bbox 1497 4170 1557 4212; x_wconf 88' lang='lat' dir='ltr'><strong>usu</strong></span> <span class='ocrx_word' id='word_1_318' title='bbox 1582 4168 1641 4213; x_wconf 89' lang='lat' dir='ltr'><strong>sno</strong></span> 
     </span>
     <span class='ocr_line' id='line_1_34' title="bbox 406 4252 1640 4340; baseline 0.001 -23"><span class='ocrx_word' id='word_1_319' title='bbox 406 4252 633 4338; x_wconf 74' lang='lat' dir='ltr'><strong>qualicumque</strong></span> <span class='ocrx_word' id='word_1_320' title='bbox 661 4276 756 4319; x_wconf 89' lang='lat' dir='ltr'><strong>sensu</strong></span> <span class='ocrx_word' id='word_1_321' title='bbox 784 4259 929 4319; x_wconf 83' lang='lat' dir='ltr'><strong>veterum</strong></span> <span class='ocrx_word' id='word_1_322' title='bbox 959 4275 1065 4319; x_wconf 91' lang='lat' dir='ltr'><strong>mores</strong></span> <span class='ocrx_word' id='word_1_323' title='bbox 1093 4275 1204 4340; x_wconf 84' lang='lat' dir='ltr'><strong>regere</strong></span> <span class='ocrx_word' id='word_1_324' title='bbox 1228 4256 1371 4339; x_wconf 85' lang='lat' dir='ltr'><strong>cupiunt.</strong></span> <span class='ocrx_word' id='word_1_325' title='bbox 1410 4253 1508 4319; x_wconf 88' lang='lat' dir='ltr'><strong>Velut</strong></span> <span class='ocrx_word' id='word_1_326' title='bbox 1531 4253 1566 4318; x_wconf 93' lang='lat' dir='ltr'><strong>in</strong></span> <span class='ocrx_word' id='word_1_327' title='bbox 1589 4253 1640 4318; x_wconf 79' lang='lat' dir='ltr'><strong>his</strong></span> 
     </span>
    </p>
   </div>
   <div class='ocr_carea' id='block_1_5' title="bbox 406 4399 574 4407">
    <p class='ocr_par' dir='ltr' id='par_1_5' title="bbox 406 4399 574 4407">
     <span class='ocr_line' id='line_1_35' title="bbox 406 4399 574 4407; baseline 0.018 -2"><span class='ocrx_word' id='word_1_328' title='bbox 406 4399 574 4407; x_wconf 65' lang='lat'><strong>—————</strong></span> 
     </span>
    </p>
   </div>
   <div class='ocr_carea' id='block_1_6' title="bbox 400 4482 1641 4998">
    <p class='ocr_par' dir='ltr' id='par_1_6' title="bbox 400 4482 1641 4998">
     <span class='ocr_line' id='line_1_36' title="bbox 495 4482 1639 4553; baseline -0.002 -16"><span class='ocrx_word' id='word_1_329' title='bbox 495 4483 543 4552; x_wconf 81' lang='grc'><strong>*3)</strong></span> <span class='ocrx_word' id='word_1_330' title='bbox 562 4483 602 4537; x_wconf 90' lang='lat' dir='ltr'><strong>De</strong></span> <span class='ocrx_word' id='word_1_331' title='bbox 618 4483 747 4553; x_wconf 81' lang='lat' dir='ltr'><strong>genetivo</strong></span> <span class='ocrx_word' id='word_1_332' title='bbox 761 4483 897 4553; x_wconf 82' lang='lat' dir='ltr'><strong>partitivo</strong></span> <span class='ocrx_word' id='word_1_333' title='bbox 912 4500 976 4536; x_wconf 90' lang='lat' dir='ltr'><strong>cum</strong></span> <span class='ocrx_word' id='word_1_334' title='bbox 991 4482 1110 4548; x_wconf 80' lang='lat' dir='ltr'><strong>dicatur,</strong></span> <span class='ocrx_word' id='word_1_335' title='bbox 1129 4482 1199 4550; x_wconf 88' lang='lat' dir='ltr'><strong>quid</strong></span> <span class='ocrx_word' id='word_1_336' title='bbox 1212 4484 1290 4537; x_wconf 87' lang='lat' dir='ltr'><strong>vetat</strong></span> <span class='ocrx_word' id='word_1_337' title='bbox 1304 4483 1387 4537; x_wconf 88' lang='lat' dir='ltr'><strong>verbo</strong></span> <span class='ocrx_word' id='word_1_338' title='bbox 1403 4482 1554 4537; x_wconf 86' lang='lat' dir='ltr'><strong>defendere</strong></span> <span class='ocrx_word' id='word_1_339' title='bbox 1568 4498 1639 4551; x_wconf 80' lang='lat' dir='ltr'><strong>quaa</strong></span> 
     </span>
     <span class='ocr_line' id='line_1_37' title="bbox 400 4566 1641 4641; baseline 0.002 -19"><span class='ocrx_word' id='word_1_340' title='bbox 400 4569 539 4638; x_wconf 79' lang='lat' dir='ltr'><strong>leguntur</strong></span> <span class='ocrx_word' id='word_1_341' title='bbox 556 4570 587 4624; x_wconf 88' lang='lat' dir='ltr'><strong>in</strong></span> <span class='ocrx_word' id='word_1_342' title='bbox 605 4571 690 4641; x_wconf 89' lang='lat' dir='ltr'><strong>Hipp.</strong></span> <span class='ocrx_word' id='word_1_343' title='bbox 705 4572 771 4627; x_wconf 83' lang='lat' dir='ltr'><strong>mai.</strong></span> <span class='ocrx_word' id='word_1_344' title='bbox 787 4590 813 4640; x_wconf 89' lang='lat' dir='ltr'><strong>p.</strong></span> <span class='ocrx_word' id='word_1_345' title='bbox 829 4578 907 4639; x_wconf 77' lang='grc'>2,21</span> <span class='ocrx_word' id='word_1_346' title='bbox 935 4569 1056 4641; x_wconf 85' lang='grc' dir='ltr'><strong><em>Γοργίας</em></strong></span> <span class='ocrx_word' id='word_1_347' title='bbox 1078 4590 1107 4626; x_wconf 83' lang='grc' dir='ltr'><strong>τε</strong></span> <span class='ocrx_word' id='word_1_348' title='bbox 1131 4570 1183 4639; x_wconf 84' lang='grc' dir='ltr'><strong>γὰρ</strong></span> <span class='ocrx_word' id='word_1_349' title='bbox 1202 4566 1284 4634; x_wconf 75' lang='grc' dir='ltr'><strong><em>οὗτος</em></strong></span> <span class='ocrx_word' id='word_1_350' title='bbox 1302 4570 1317 4625; x_wconf 88' lang='grc' dir='ltr'><strong><em>ό</em></strong></span> <span class='ocrx_word' id='word_1_351' title='bbox 1336 4578 1489 4633; x_wconf 82' lang='grc' dir='ltr'><strong><em>Λεοντῖνος</em></strong></span> <span class='ocrx_word' id='word_1_352' title='bbox 1506 4570 1641 4640; x_wconf 77' lang='grc' dir='ltr'><strong><em>σοφιστὴς</em></strong></span> 
     </span>
     <span class='ocr_line' id='line_1_38' title="bbox 404 4656 1639 4735; baseline 0.002 -24"><span class='ocrx_word' id='word_1_353' title='bbox 404 4659 490 4724; x_wconf 83' lang='grc' dir='ltr'><strong><em>δεῦρο</em></strong></span> <span class='ocrx_word' id='word_1_354' title='bbox 513 4656 631 4726; x_wconf 81' lang='grc' dir='ltr'><strong><em>ἀφίκετο</em></strong></span> <span class='ocrx_word' id='word_1_355' title='bbox 655 4658 777 4735; x_wconf 80' lang='grc' dir='ltr'><strong><em>δημοσίᾳ</em></strong></span> <span class='ocrx_word' id='word_1_356' title='bbox 800 4660 918 4715; x_wconf 79' lang='grc' dir='ltr'><strong><em>οἴκοθεν</em></strong></span> <span class='ocrx_word' id='word_1_357' title='bbox 941 4660 1117 4731; x_wconf 82' lang='grc' dir='ltr'><strong><em>πρεσβείων,</em></strong></span> <span class='ocrx_word' id='word_1_358' title='bbox 1140 4660 1178 4723; x_wconf 82' lang='grc' dir='ltr'><strong>ὡς</strong></span> <span class='ocrx_word' id='word_1_359' title='bbox 1196 4659 1368 4722; x_wconf 80' lang='grc' dir='ltr'><strong><em>ἱκανώτατος</em></strong></span> <span class='ocrx_word' id='word_1_360' title='bbox 1386 4658 1426 4716; x_wconf 80' lang='grc' dir='ltr'><strong>ἀν</strong></span> <span class='ocrx_word' id='word_1_361' title='bbox 1444 4658 1639 4716; x_wconf 83' lang='grc' dir='ltr'><strong><em>Λεοντίνων</em></strong></span> 
     </span>
     <span class='ocr_line' id='line_1_39' title="bbox 402 4746 1640 4819; baseline 0.002 -19"><span class='ocrx_word' id='word_1_362' title='bbox 402 4747 442 4800; x_wconf 83' lang='grc' dir='ltr'><strong>τὰ</strong></span> <span class='ocrx_word' id='word_1_363' title='bbox 465 4746 548 4802; x_wconf 81' lang='grc' dir='ltr'><strong><em>ιιοινά</em></strong></span> <span class='ocrx_word' id='word_1_364' title='bbox 571 4747 715 4815; x_wconf 83' lang='grc' dir='ltr'><strong><em>πράττειν,</em></strong></span> <span class='ocrx_word' id='word_1_365' title='bbox 744 4767 778 4805; x_wconf 86' lang='lat' dir='ltr'><strong>ex</strong></span> <span class='ocrx_word' id='word_1_366' title='bbox 801 4750 904 4819; x_wconf 90' lang='lat' dir='ltr'><strong>quibus</strong></span> <span class='ocrx_word' id='word_1_367' title='bbox 928 4749 1082 4804; x_wconf 81' lang='lat' dir='ltr'><strong>Schanzius</strong></span> <span class='ocrx_word' id='word_1_368' title='bbox 1105 4747 1263 4804; x_wconf 82' lang='grc' dir='ltr'><strong><em>Λεοντίνων</em></strong></span> <span class='ocrx_word' id='word_1_369' title='bbox 1286 4750 1419 4805; x_wconf 82' lang='lat' dir='ltr'><strong>exclusit:</strong></span> <span class='ocrx_word' id='word_1_370' title='bbox 1448 4768 1504 4819; x_wconf 89' lang='lat' dir='ltr'><strong>quo</strong></span> <span class='ocrx_word' id='word_1_371' title='bbox 1527 4750 1640 4804; x_wconf 88' lang='lat' dir='ltr'><strong>nomine</strong></span> 
     </span>
     <span class='ocr_line' id='line_1_40' title="bbox 404 4835 1640 4911; baseline 0.002 -22"><span class='ocrx_word' id='word_1_372' title='bbox 404 4835 597 4905; x_wconf 63' lang='lat' dir='ltr'><strong>nihilaptius</strong></span> <span class='ocrx_word' id='word_1_373' title='bbox 623 4838 695 4903; x_wconf 79' lang='lat' dir='ltr'><strong>erat,</strong></span> <span class='ocrx_word' id='word_1_374' title='bbox 719 4838 744 4892; x_wconf 87' lang='lat' dir='ltr'><strong>si</strong></span> <span class='ocrx_word' id='word_1_375' title='bbox 764 4839 880 4907; x_wconf 85' lang='lat' dir='ltr'><strong>quidem</strong></span> <span class='ocrx_word' id='word_1_376' title='bbox 899 4838 1018 4911; x_wconf 78' lang='lat' dir='ltr'><strong>Gorgias</strong></span> <span class='ocrx_word' id='word_1_377' title='bbox 1037 4855 1094 4892; x_wconf 90' lang='lat' dir='ltr'><strong>non</strong></span> <span class='ocrx_word' id='word_1_378' title='bbox 1112 4837 1299 4907; x_wconf 82' lang='lat' dir='ltr'><strong>peritissimus</strong></span> <span class='ocrx_word' id='word_1_379' title='bbox 1318 4840 1448 4893; x_wconf 82' lang='lat' dir='ltr'><strong>universe</strong></span> <span class='ocrx_word' id='word_1_380' title='bbox 1466 4840 1517 4893; x_wconf 88' lang='lat' dir='ltr'><strong>sed</strong></span> <span class='ocrx_word' id='word_1_381' title='bbox 1535 4840 1640 4894; x_wconf 87' lang='lat' dir='ltr'><strong>Leon·</strong></span> 
     </span>
     <span class='ocr_line' id='line_1_41' title="bbox 407 4924 1595 4998; baseline 0.004 -22"><span class='ocrx_word' id='word_1_382' title='bbox 407 4924 558 4979; x_wconf 89' lang='lat' dir='ltr'><strong>tinorum</strong></span> <span class='ocrx_word' id='word_1_383' title='bbox 575 4924 756 4994; x_wconf 83' lang='lat' dir='ltr'><strong>popularium</strong></span> <span class='ocrx_word' id='word_1_384' title='bbox 774 4944 888 4982; x_wconf 90' lang='lat' dir='ltr'><strong>suorum</strong></span> <span class='ocrx_word' id='word_1_385' title='bbox 906 4928 1095 4998; x_wconf 86' lang='lat' dir='ltr'><strong>peritissimus</strong></span> <span class='ocrx_word' id='word_1_386' title='bbox 1114 4927 1155 4982; x_wconf 90' lang='lat' dir='ltr'><strong>rei</strong></span> <span class='ocrx_word' id='word_1_387' title='bbox 1173 4926 1305 4997; x_wconf 83' lang='lat' dir='ltr'><strong>publicae</strong></span> <span class='ocrx_word' id='word_1_388' title='bbox 1323 4928 1463 4997; x_wconf 78' lang='lat' dir='ltr'><strong>gerendae</strong></span> <span class='ocrx_word' id='word_1_389' title='bbox 1482 4926 1595 4982; x_wconf 87' lang='lat' dir='ltr'><strong>dicitur.</strong></span> 
     </span>
    </p>
   </div>
   <div class='ocr_carea' id='block_1_7' title="bbox 0 0 1988 5725">
    <p class='ocr_par' dir='ltr' id='par_1_7' title="bbox 0 0 1988 5725">
     <span class='ocr_line' id='line_1_42' title="bbox 0 0 1988 5725; baseline 0 0"><span class='ocrx_word' id='word_1_390' title='bbox 0 0 1988 5725; x_wconf 95' lang='lat' dir='ltr'><strong> </strong></span> 
     </span>
    </p>
   </div>
  </div>
 </body>
</html>
