3967 5725
513 564 810 617 oasnavarronne
829 564 997 617 camora
1015 567 1054 617 m
1073 566 1273 619 sornocms
1291 568 1495 620 nonomen.
1555 566 1619 631 167

386 747 452 790 una
482 725 656 813 tragoedia.
699 724 762 790 Sed
794 726 851 791 has
885 725 1094 793 difficultates
1122 727 1225 793 critici
1253 729 1317 814 ipsi
1345 733 1508 814 oreanmt,
1540 752 1622 814 quae

333 838 371 894 11
387 831 495 897 nullae
518 836 594 897 suut
617 834 808 917 simpliciter
831 854 869 898 ac
894 856 965 899 vere
988 834 1153 900 iudicanti.
1194 833 1384 921 Impeditior
1407 840 1456 902 est
1479 836 1621 902 eiusdem

387 961 498 1005 versus
517 942 631 1023 exitus,
655 962 749 1023 quem
768 940 869 1014 codex
888 940 1123 1006 Laurentianus
1141 942 1189 1006 ita
1207 942 1363 1027 scriptum
1382 942 1514 1009 exhibet
1532 942 1624 1022 ἄξιος

388 1052 509 1132 φιλεῖν,
531 1068 604 1112 cum
627 1046 698 1111 aliis
717 1046 883 1111 Parisinus
906 1046 997 1125 ἄξιος
1015 1059 1138 1132 τυχεῖν,
1162 1048 1195 1112 id
1214 1050 1301 1133 quod
1318 1050 1507 1116 correctoris
1525 1072 1623 1115 manu

387 1153 540 1219 balatum
559 1158 607 1219 est
626 1154 723 1218 etiem
742 1154 776 1218 in
795 1153 1056 1220 Laurentianum.
1093 1154 1177 1221 Sunt
1196 1156 1252 1240 qui
1270 1167 1385 1240 τυχεῖν
1402 1178 1462 1241 pro
1477 1179 1553 1223 vero
1567 1158 1623 1222 ha

388 1261 478 1346 bont,
492 1282 552 1327 nec
564 1260 789 1345 improbabilis
809 1262 934 1327 exsistit
953 1263 1068 1347 oratio,
1086 1264 1153 1327 sive
1172 1264 1218 1327 ita
1237 1264 1457 1348 interpreteris
1476 1268 1515 1329 ut
1533 1263 1624 1344 ἄξιος

385 1368 513 1433 dicatur
539 1374 674 1437 πολλῶν
701 1378 815 1452 τυχεῖν
842 1370 909 1434 sive
937 1369 977 1433 ad
1005 1375 1140 1435 πολλῶν
1167 1369 1257 1448 ἄξιος
1283 1370 1481 1437 infinitivum
1509 1382 1624 1455 τυχεῖν

384 1474 488 1540 libere
502 1475 660 1540 adiectum
676 1479 807 1541 statuas.
831 1474 898 1539 Alii
912 1477 947 1540 in
961 1476 1070 1542 eadem
1085 1479 1245 1542 sententia
1254 1481 1368 1561 λαχεῖν
1377 1477 1622 1563 praeferendum

386 1587 590 1666 censuerunt,
612 1586 645 1647 et
666 1587 780 1649 notum
803 1587 852 1648 est
875 1584 956 1649 haec
973 1584 1038 1649 duo
1058 1583 1156 1649 verba
1174 1583 1289 1649 similis
1308 1584 1431 1649 formae
1449 1589 1621 1670 cognatae-

387 1711 450 1774 que
473 1690 718 1775 significationis
742 1712 985 1775 nonnumquam
1009 1693 1094 1755 inter
1117 1713 1150 1757 se
1174 1695 1355 1775 permutata
1377 1713 1447 1756 esse
1468 1692 1503 1756 in
1519 1691 1622 1775 libris,
1636 1718 1663 1758 ro

387 1797 477 1861 velut
504 1797 539 1861 in
561 1796 708 1862 Electrae
737 1820 831 1862 versu
854 1797 921 1862 364
948 1794 1003 1883 (cf.
1024 1796 1116 1885 751),
1143 1798 1200 1862 sed
1228 1799 1284 1883 qni
1311 1797 1370 1863 hos
1398 1821 1510 1864 verens
1539 1798 1619 1864 dnos

386 1904 576 1989 respexerit,
598 1904 782 1990 Antigonae
806 1904 871 1969 699

647 2012 708 2095 οὐχ
731 2012 789 2095 ἥδε
813 2021 937 2096 χρυσῆς
960 2009 1035 2089 ιἰξίιι
1058 2021 1153 2096 τιμῆς
1175 2016 1302 2098 λαχεῖν,

328 2145 356 2193 χι
388 2116 496 2183 Aiacis
516 2117 582 2182 924
645 2114 670 2183 ὦ
696 2116 834 2203 driopop’
859 2124 959 2201 Αῖας,
983 2108 1054 2195 οἷος
1077 2120 1125 2184 ὢν
1148 2119 1226 2195 οἵοις
1248 2115 1350 2203 ἔχεις,

646 2226 690 2302 ὡς
713 2224 768 2291 καὶ
791 2223 874 2310 παρ’
897 2224 1033 2310 ἐχθροῖς
1056 2224 1148 2304 ἄξιος
1170 2229 1309 2311 θρήνων
1332 2236 1460 2311 τυχεῖν,

386 2333 478 2398 dabit
496 2333 642 2417 fortasse,
664 2356 731 2399 non
750 2355 827 2417 cese,
847 2334 875 2397 si
893 2334 977 2399 hanc
997 2334 1189 2397 sententiam
1208 2335 1380 2419 sequimur,
1399 2332 1487 2417 quod
1500 2344 1624 2417 τυχεῖν,

386 2463 470 2526 quae
501 2441 604 2506 forma
634 2440 733 2506 habet
764 2446 872 2505 tamen
905 2439 1017 2524 scripti
1046 2439 1122 2504 libri
1151 2441 1387 2521 testimonium,
1419 2443 1562 2506 mutetur
1589 2441 1624 2504 in

386 2552 510 2633 λαχεῖν.
548 2547 611 2613 Sed
635 2549 696 2611 etsi
718 2547 919 2631 probabilem
943 2568 1013 2613 esee
1036 2547 1131 2612 istam
1155 2549 1334 2612 orationem
1358 2548 1513 2632 diximus,
1541 2568 1623 2631 quae

387 2678 453 2722 non
480 2655 594 2720 leviter
621 2656 790 2720 adiuvatur
817 2655 972 2739 exemplis
1002 2654 1098 2720 modo
1124 2655 1245 2739 allatis,
1272 2657 1382 2719 tamen
1405 2676 1502 2739 qnam
1525 2654 1621 2717 fidem

385 2763 505 2827 habeat
521 2762 577 2827 illa
590 2763 750 2846 scriptura
764 2761 968 2826 vehementer
982 2761 1167 2826 dubitamus
1180 2766 1351 2846 propterea
1366 2762 1452 2845 quod
1467 2761 1494 2826 si
1508 2771 1622 2845 τυχεῖν
1638 2789 1663 2839 τι

387 2893 499 2938 verum
526 2874 589 2956 eet,
618 2875 730 2954 φιλεῖν
758 2870 845 2955 quod
873 2874 922 2935 est
949 2869 983 2934 in
1011 2869 1181 2955 potissimo
1206 2870 1315 2935 codiee
1339 2869 1422 2934 unde
1446 2874 1554 2934 ortum
1578 2869 1621 2933 sit

388 2979 482 3062 plane
515 2983 565 3042 est
592 2977 627 3041 in
655 2979 802 3043 obscuro.
849 2975 954 3054 Quare
981 2977 1029 3041 sic
1059 2975 1246 3062 statuimus,
1276 2989 1390 3061 τυχεῖν
1420 2977 1621 3042 coniecturae

385 3089 555 3170 acceptum
584 3084 674 3168 ferri,
701 3083 833 3150 minime
860 3084 1068 3168 vituperabili
1094 3084 1145 3147 illi
1172 3085 1301 3169 quidem
1329 3082 1385 3148 sed
1412 3087 1521 3148 tamen
1548 3105 1623 3148 con·

383 3194 536 3276 iacturae,
560 3215 657 3276 qnam
679 3192 822 3256 inierunt
846 3193 904 3267 uui
922 3197 1035 3276 φιλεῖν
1053 3190 1192 3277 intelligi
1210 3213 1305 3275 posse
1324 3190 1537 3274 desperarent.
1561 3187 1623 3254 Ita

387 3323 450 3384 que
481 3300 633 3365 laudandi
666 3303 741 3364 sunt
774 3299 830 3382 qni
861 3298 900 3364 ab
928 3297 992 3362 hoc
1020 3299 1129 3381 potius
1157 3299 1255 3363 verbo
1283 3298 1420 3382 profecti
1449 3296 1622 3363 divinando

387 3411 501 3492 poetae
529 3430 658 3472 manum
686 3407 841 3471 suscitare
869 3405 1081 3488 conabantur3
1109 3403 1165 3468 sed
1191 3406 1280 3470 varia
1308 3427 1390 3488 quae
1417 3406 1624 3488 protulerunt

387 3518 583 3599 commenta,
610 3537 628 3576 a
651 3512 809 3578 Michaele
832 3514 867 3577 in
889 3511 1098 3576 adnotatione
1120 3512 1173 3575 vel
1195 3511 1229 3574 in
1253 3510 1428 3596 appendice
1452 3510 1624 3597 diligenter

387 3621 538 3706 collecta,

548 3735 683 3795 πολλῶν
707 3729 749 3794 dlv
771 3729 874 3812 ἥκοις,
899 3724 923 3793 ὦ
948 3724 1029 3810 ξέν’,
1053 3724 1144 3804 ἄξιος
1167 3728 1294 3810 φίλων

548 3842 682 3902 πολλῶν
704 3835 747 3899 dv
769 3835 873 3918 ἥκοις,
897 3827 923 3899 ὦ
947 3832 1026 3917 ξέν’,
1048 3832 1140 3912 ἄξιος
1163 3833 1300 3917 φίλοιν
1323 3831 1375 3896 vel
1398 3835 1532 3915 φίλοις
1636 3858 1663 3905 ιι

548 3948 683 4009 πολλῶν
705 3941 748 4007 ἂν
771 3942 873 4025 ἥκοις,
896 3937 922 4006 ὦ
947 3939 1026 4026 ξέν’,
1051 3939 1143 4018 ἄξιος
1166 3937 1318 4025 φέρειν,

386 4072 583 4136 quamquam
601 4049 689 4114 aliud
708 4050 770 4114 alio
790 4047 904 4140 melius
924 4052 982 4133 est,
1006 4051 1038 4112 et
1056 4047 1119 4113 hoc
1137 4048 1336 4131 postremum
1355 4046 1527 4129 praecipue
1542 4045 1622 4113 scite

387 4159 606 4245 excogitatum
630 4159 688 4242 est,
713 4159 820 4221 tamen
843 4154 923 4219 haec
947 4153 1054 4220 onmia
1076 4175 1143 4217 non
1166 4175 1235 4218 eam
1259 4154 1424 4238 attingunt
1446 4151 1622 4237 probabili-

387 4268 487 4329 tatem
510 4287 575 4349 que
594 4264 688 4328 facile
707 4263 900 4346 acquiescas.
942 4261 1019 4326 Fuit
1037 4261 1135 4326 etiam
1153 4261 1204 4324 vir
1223 4261 1336 4326 doctus
1356 4261 1413 4344 qui
1430 4281 1490 4325 neo
1508 4270 1622 4344 τυχεῖν

387 4393 446 4436 neo
465 4375 577 4455 φιλεῖν
594 4370 798 4436 tolerandum
817 4372 916 4452 ratus,
935 4367 1060 4433 abiecto
1075 4368 1173 4432 verbo
1187 4388 1367 4451 pronomen
1380 4366 1518 4432 inseruit
1531 4365 1622 4452 ἡμῖν,

387 4500 453 4564 quo
481 4478 591 4543 addito
619 4477 799 4541 orationem
825 4475 955 4560 quidem
984 4474 1090 4538 effecit
1117 4473 1205 4538 haud
1233 4474 1390 4558 ineptam,
1408 4478 1552 4545 ,πολλῶν
1579 4474 1623 4538 ἂν

322 4605 326 4614 ·
386 4586 481 4669 ἥκοις
503 4584 594 4670 ἡμῖν,
616 4580 643 4650 ὦ
667 4582 747 4666 ξέν’,
772 4581 876 4664 ἄξιος,
905 4582 960 4646 sed
979 4602 1096 4667 genere
1119 4580 1309 4646 emendandi
1330 4603 1423 4665 usus,
1449 4580 1538 4665 quod
1560 4582 1622 4647 etsi

387 4691 508 4758 multos
530 4692 629 4758 hebet
650 4693 826 4775 plausores,
850 4711 922 4753 raro
947 4687 1034 4773 quod
1052 4685 1119 4752 veri
1138 4687 1241 4752 simile
1261 4692 1343 4752 esset
1361 4691 1544 4754 assecutum
1563 4691 1621 4754 est

387 4797 458 4866 Nos
485 4798 653 4866 recensitis
681 4798 830 4863 omnibus
859 4801 970 4882 φιλεῖν
996 4793 1197 4880 repetiimus,
1224 4777 1343 4864 codicis
1366 4795 1429 4859 fide
1452 4795 1622 4876 munitum,
