3967 5725
405 627 470 693 268
588 632 685 682 XLVI.
705 631 820 681 INDEX
842 631 1056 682 LECTIONUM
1073 631 1314 682 HIBERNARUM
1334 628 1464 700 1897ί98.

404 791 582 858 sistendum
605 795 662 875 est,
686 792 741 857 sed
765 796 802 856 ut
823 795 909 855 reete
931 790 1092 856 iudicetur
1110 794 1142 857 et
1160 791 1289 876 penitus
1308 792 1522 876 perspiciatur
1541 814 1637 877 quam

403 898 556 983 proclivis
574 899 636 964 iste
654 898 809 964 transitus
829 899 862 963 in
881 921 1065 964 sermonum
1085 898 1210 964 viribus
1230 899 1335 984 fuerit,
1354 921 1394 963 na
1412 901 1491 965 talia
1509 899 1638 984 quidem

404 1006 597 1093 negligenda
619 1010 696 1070 sunt
719 1006 827 1090 qualia
845 1003 988 1090 Oedipus
1012 1007 1111 1070 irrotat
1134 1007 1169 1070 in
1187 1006 1351 1092 Tiresiam,
1375 1029 1447 1072 oum
1470 1008 1575 1091 primo
1600 1006 1639 1072 de

403 1113 564 1198 praesenti
582 1117 747 1197 tamquam
767 1112 892 1178 absenti
906 1114 1061 1196 loquitur,
1080 1113 1154 1178 dein
1168 1114 1274 1179 subito
1290 1113 1324 1177 in
1338 1114 1445 1198 ipsum
1460 1115 1639 1178 orationem

402 1221 505 1286 fleotit
527 1218 623 1308 (383)

564 1330 594 1392 εί
616 1326 718 1411 τῆσδέ
739 1325 768 1410 γ’
797 1327 899 1412 ἀρχῆς

675 1433 796 1517 Κρέων
818 1434 836 1499 ὁ
858 1437 990 1518 πιστός,
1014 1433 1073 1513 οὑξ
1097 1433 1198 1519 ἀρχῆς
1221 1438 1334 1519 φίλος,

565 1543 677 1623 λάθρα
700 1539 731 1624 μ’
759 1541 918 1606 ὑπελθὼν
941 1541 1095 1624 ἐκβαλεῖν
1119 1542 1293 1625 ἱμείρεται,

565 1648 662 1732 ὑφεὶς
684 1648 811 1731 μάνον
834 1650 993 1713 τοιόνδε
1016 1649 1293 1735 μηχανορράφον,

566 1757 683 1821 δόλιον
706 1754 870 1839 ἀγύρτην,
893 1754 984 1830 ὅστις
1008 1754 1045 1820 ἐν
1068 1767 1138 1834 τοῖς
1160 1755 1314 1840 κέρδεσιν

563 1865 670 1944 μόνον
693 1861 844 1945 δέδορκε,
867 1862 929 1945 τὴν
951 1859 1071 1946 τέχνην
1095 1860 1125 1927 δ’
1152 1859 1217 1947 έφυ
1242 1866 1381 1948 τυφλός·

564 1970 649 2050 ἐπεί,
673 1966 755 2054 φέρ’
784 1966 883 2047 είπέ,
905 1976 972 2034 ποῦ
996 1970 1043 2033 σὺ
1066 1969 1185 2052 μάντις
1207 1961 1245 2034 εί
1265 1972 1388 2053 σαφης;

403 2077 448 2143 Et
479 2077 557 2142 haee
588 2078 621 2142 in
649 2075 873 2164 progrediente
902 2075 1060 2140 oratione:
1093 2075 1171 2159 quid
1199 2077 1284 2160 quod
1314 2077 1348 2140 in
1375 2098 1439 2140 una
1466 2075 1640 2160 eademque

404 2185 563 2251 sententia
581 2183 716 2267 loquens
736 2205 755 2248 a
772 2182 869 2247 tertia
882 2180 922 2245 ad
937 2180 1108 2246 secundam
1124 2204 1158 2247 se
1172 2187 1339 2248 convertat
1351 2204 1530 2267 personam,
1549 2183 1640 2248 velut

405 2291 549 2358 Achilles
572 2290 609 2356 Η.
628 2309 666 2355 1x
684 2290 750 2354 418

564 2399 618 2463 καί
642 2395 670 2462 δ’
700 2396 742 2462 ἀν
765 2408 848 2474 τοῖς
871 2398 1056 2462 ἀλλοισιν
1080 2395 1143 2480 ἐγὼ
1166 2399 1474 2482 παραμυθησαίμην

565 2503 670 2570 οἴκαδ’
698 2504 907 2587 ἀποπλείειν,
930 2503 1002 2569 έπελ
1026 2503 1135 2572 οὐκέτι
1161 2505 1274 2587 δήετε
1297 2504 1424 2590 τέκμωρ

573 2611 668 2676 Ἰλίου
692 2614 844 2694 αἰπεινῆς

406 2727 438 2786 et
460 2717 687 2785 Il.xxr11208

288 2813 292 2820 ¹
364 2862 391 2903 ,ι
566 2825 638 2892 ἀλλ’
660 2823 809 2910 Ἀχιλεὺς
832 2823 962 2910 Βορέην
985 2822 1046 2910 ἠδέ
1068 2823 1226 2911 Ζέφυρον
1249 2827 1442 2893 κελαδεινὸν

566 2934 679 2999 έλθεῖν
702 2932 835 3017 ἀρᾶται,
858 2931 913 2997 καὶ
936 2933 1109 3017 ὑπίσχεται
1134 2935 1206 3018 ίερδι
1230 2935 1329 3017 καλά,

566 3044 654 3127 όφρα
676 3042 789 3125 πυρὴν
812 3042 954 3126 όρσητε
976 3043 1152 3124 καήμεναι,
1176 3032 1197 3125 ᾗ
1219 3038 1271 3106 ένι
1294 3052 1399 3106 κεῖται

566 3150 769 3233 Πάτροκλος.

406 3258 493 3335 Quae
513 3259 568 3342 qui
587 3260 674 3321 reete
693 3259 726 3321 et
744 3259 781 3319 ut
800 3257 929 3339 oportet
942 3255 1110 3339 taxaverit,
1132 3242 1266 3340 cavebit,
1287 3256 1466 3342 opinamur,
1479 3257 1514 3321 in
1529 3276 1641 3319 eorum

405 3364 596 3431 sententiam
624 3362 761 3448 pedibus
789 3362 835 3427 ire
864 3360 920 3445 qui
949 3361 1063 3425 autin
1087 3358 1316 3446 Aristophanis
1339 3361 1520 3447 Lysistrata
1543 3359 1640 3449 (486)

406 3494 478 3537 eum
501 3470 599 3535 ohoro
625 3492 737 3534 senum
760 3468 905 3533 hortanti

450 3575 523 3644 ἀλλ’
549 3577 697 3661 ἀνερώτα
721 3574 774 3641 καλ
798 3577 842 3660 μὴ
865 3577 989 3641 πείθου
1013 3574 1068 3640 καί
1090 3577 1258 3660 πρόσφερε
1281 3577 1406 3653 πάντας
1429 3574 1584 3661 ἐλέγχους

450 3686 495 3762 ὡς
518 3683 657 3769 αίσχρὸν
680 3682 917 3749 ἀκωδώνιστον
941 3682 1000 3747 ε’ᾶν
1022 3678 1060 3747 τό
1084 3691 1238 3747 τοιοῦτον
1262 3693 1395 3768 πρᾶγμα
1418 3681 1582 3768 μεθέντας

405 3795 603 3878 Πρόβουλος
625 3790 800 3876 respondet

365 3933 391 3973 ιι
449 3899 503 3963 καί
527 3899 593 3982 μὴν
616 3898 746 3963 αὐτῶν
770 3894 859 3962 τοῦτ’
887 3895 1040 3980 ἐπιθυμῶ
1064 3898 1106 3981 νὴ
1130 3898 1189 3961 τὸν
1211 3897 1280 3961 Δία
1302 3908 1416 3983 πρῶτα
1434 3894 1609 3962 πυθέσθαι

451 4005 469 4069 ὅ
493 4028 525 4070 τι
547 4007 751 4087 βουλόμεναι
773 4005 835 4087 τὴν
856 4006 956 4069 πόλιν
979 4004 1073 4086 ἡμῶν
1097 4000 1338 4090 ἀπεκλῄσατε
1361 4014 1447 4069 τοῖσι
1466 4009 1641 4088 μοχλοῖσιν

406 4111 518 4176 αὐτῶν
541 4112 730 4196 insequente
754 4106 955 4197 ἀπεκλῄσατε
975 4110 1144 4175 ferendum
1167 4132 1233 4174 non
1252 4132 1321 4175 esse
1339 4111 1401 4175 rati
1419 4112 1517 4175 variis
1535 4110 1693 4181 modis14

407 4222 566 4283 mutatum
590 4216 767 4305 iverunt*)‚
789 4221 845 4283 aut
868 4217 903 4281 in
925 4216 1092 4301 Euripidis
1115 4216 1249 4282 Hecuba
1272 4215 1390 4305 (1195)

566 4328 623 4390 καί
644 4350 701 4410 μοι
725 4327 762 4390 τὸ
785 4321 847 4407 μὲν
870 4326 933 4390 σὸν
956 4319 1020 4389 ὧδε
1045 4326 1215 4410 φροιμίοις
1238 4321 1317 4409 ἕχει·

566 4434 650 4519 πρὸς
674 4434 788 4499 τόνδε
813 4429 843 4496 δ’
871 4422 938 4513 είμι
960 4429 1015 4496 καὶ
1040 4433 1151 4514 λόχοις
1175 4430 1367 4514 ἀμείψομαι,

567 4539 608 4616 ὃς
631 4541 706 4624 φης
723 4537 860 4624 Ἀχαιῶν
882 4539 988 4603 πόνον
1012 4536 1234 4605 ἀπαλλάσσων
1257 4539 1401 4604 διπλοῦν

564 4646 804 4731 Ἀγαμέμνονός
827 4643 861 4710 θ’
889 4643 980 4709 ἕκατι
1003 4643 1094 4710 παῖδ’
1123 4644 1203 4727 ε’μὸν
1226 4656 1359 4711 κτανεῖν

495 4803 560 4873 ⁸33)
579 4802 697 4875 [Eoeles
709 4807 760 4856 180
774 4802 895 4873 χαλεπόν
910 4802 961 4872 μὲν
975 4798 1027 4856 οὖν
1041 4801 1149 4869 ἀνδρας
1163 4799 1350 4871 δυσαρέστους
1364 4806 1521 4871 νουθετεῖν,
1535 4802 1563 4857 ολ
1572 4804 1639 4867 τοδς

407 4896 499 4961 φιλεῖν
517 4891 569 4962 μὲν
587 4890 773 4964 βουλομένους
791 4888 995 4963 δεδοίκατε]
