3967 5725
435 1615 526 1688 LIV.
553 1615 707 1688 INDEX
734 1614 1018 1688 LucTIONUM
1046 1613 1376 1688 HIBERNARUM
1400 1619 1560 1708 1901s02.

471 1787 559 1866 Quae
586 1794 659 1855 ante
686 1789 747 1856 hos
775 1812 831 1854 sex
859 1810 984 1855 menses
1011 1790 1235 1875 prooemiaudi
1262 1811 1358 1856 cauea
1379 1790 1442 1856 hoc
1463 1790 1537 1857 loco
1560 1810 1651 1865 ‹ex-3

380 1899 555 1983 posuimus,
570 1920 643 1962 cum
652 1897 743 1963 Accii
757 1902 871 1983 poetae
885 1898 1002 1984 tragici
1015 1898 1169 1964 iudicium
1185 1898 1223 1962 de
1237 1897 1346 1963 Plauti
1359 1899 1479 1964 fabulis
1493 1898 1614 1963 factum

381 2004 641 2089 disceptaremus,
659 2003 700 2070 iis
719 2026 760 2070 nc
779 2005 874 2070 nimis
889 2007 995 2070 tenuis
1010 2007 1094 2069 esset
1109 2005 1285 2089 disputatio
1301 2005 1457 2071 nonnulla
1471 2005 1512 2070 ad
1527 2006 1613 2090 ipsas

378 2111 488 2177 Plauti
512 2113 693 2179 comoedias
716 2112 912 2197 pertinentia
934 2111 1076 2177 addituri
1099 2133 1232 2178 eramus.
1270 2111 1320 2176 lla
1343 2135 1424 2196 quae
1447 2116 1517 2177 tum
1537 2116 1615 2177 tem-

379 2219 467 2304 poris
492 2220 649 2306 angustiis
673 2219 852 2304 praepediti
876 2219 1077 2304 seposuimus
1106 2240 1178 2286 oum
1202 2241 1287 2283 nuno
1315 2219 1423 2284 eadem
1447 2219 1614 2285 oc'oasione

379 2347 576 2412 promamus,
590 2328 744 2411 quoniam
759 2347 920 2412 perpauca
934 2330 1010 2392 sunt
1025 2347 1105 2410 quae
1116 2326 1287 2405 afferimus,
1301 2325 1613 2411 hancprolusiouem

379 2434 467 2499 illius
491 2455 560 2499 esse
583 2433 793 2518 appendicem
811 2433 969 2498 volumus.
1007 2432 1150 2509 Quarum
1170 2432 1353 2498 communio
1373 2454 1409 2497 aa
1428 2436 1532 2498 estut
1551 2455 1616 2517 qua

379 2543 450 2604 tum
473 2541 524 2605 uei
547 2562 656 2605 sumus
679 2540 714 2603 in
738 2539 942 2624 expediendis
966 2538 1058 2603 Accii
1081 2539 1187 2605 verbis
1211 2540 1444 2625 interpretandi
1468 2544 1550 2624 arte,
1577 2563 1616 2605 ea

340 2673 367 2712 ιο
380 2647 421 2710 ad
443 2645 552 2711 Plauti
574 2664 688 2711 versus
716 2647 833 2710 tralata
860 2649 1055 2729 temptemus
1084 2645 1160 2729 quid
1184 2647 1269 2710 effici
1296 2649 1407 2731 possit.
1454 2644 1616 2711 Conamur

380 2757 487 2818 autem
504 2775 615 2817 versus
635 2754 789 2837 quosdam
804 2752 1087 2818 Menaechmorum
1106 2755 1145 2819 de
1164 2757 1237 2818 actu
1256 2755 1371 2840 primo,
1389 2776 1483 2838 saepe
1500 2758 1615 2819 tracta-

380 2865 431 2926 tos
459 2864 492 2925 et
521 2862 577 2945 qui
600 2859 721 2925 variam
745 2859 934 2926 emendandi
961 2865 1018 2925 aut
1041 2862 1223 2946 explicandi
1251 2866 1369 2927 eoitem
1394 2861 1616 2946 sustinuerint,

380 2969 421 3031 ad
443 2990 533 3033 suam
557 2967 716 3033 rationem
739 2988 889 3033 revocare
913 2968 941 3032 si
963 2990 1144 3053 possumus.
1181 2966 1219 3033 In
1240 2992 1303 3054 qua
1321 2992 1355 3033 re
1374 2968 1401 3033 si
1424 2991 1483 3034 nos
1503 2969 1615 3053 opinio

379 3073 538 3153 fefellerit,
561 3078 670 3139 tamen
694 3078 788 3139 erunt
812 3075 845 3138 in
868 3074 930 3140 hac
953 3074 1136 3159 scriptione,
1159 3097 1338 3160 speramus,
1361 3097 1442 3159 quae
1464 3075 1615 3142 nonnihil

380 3180 530 3248 utilitatis
559 3182 670 3246 afferre
700 3181 883 3269 legentibus
914 3182 1055 3266 possint,
1088 3183 1127 3246 iis
1155 3182 1342 3267 praesertim
1371 3204 1508 3266 quorum
1540 3184 1615 3247 usui

379 3289 467 3373 haec,
494 3292 532 3353 ut
557 3292 670 3354 nostra
697 3291 818 3372 omnia,
851 3289 956 3354 dicata
983 3310 1052 3354 esse
1080 3289 1245 3374 volumus,
1277 3290 1535 3355 adulescentibus
1567 3291 1614 3354 in-

380 3417 556 3481 genuarum
580 3397 697 3461 artium
721 3395 883 3462 studiosis.

468 3501 583 3587 Itaque
605 3502 842 3589 Menaechmus,
865 3504 921 3588 qui
944 3505 1065 3588 pallam
1088 3505 1127 3569 ab
1153 3528 1251 3570 uxore
1276 3508 1358 3571 olam
1383 3508 1562 3589 surreptam
1582 3508 1617 3568 et

380 3609 440 3673 sub
463 3609 563 3694 pallio
588 3632 646 3676 suo
670 3611 816 3675 indutam
839 3614 871 3675 et
894 3611 1115 3676 absconditam
1139 3612 1304 3677 delaturus
1333 3616 1382 3677 est
1404 3611 1444 3675 ad
1467 3611 1615 3696 amicam,

339 3741 366 3781 ao
379 3716 436 3780 ubi
458 3716 546 3787 foras
564 3717 673 3782 exiens
692 3717 834 3801 parasito
853 3719 1002 3800 occurrit,
1021 3718 1061 3782 ab
1081 3740 1118 3783 eo
1137 3719 1276 3803 primum
1296 3720 1394 3804 cupit,
1413 3720 1464 3784 cui
1483 3719 1616 3803 rapinae

379 3823 535 3889 indicium
561 3824 652 3908 facit,
681 3823 722 3888 ob
746 3824 827 3889 bene
850 3846 918 3889 rem
941 3828 1066 3910 gestam
1090 3826 1214 3911 magnis
1237 3825 1387 3890 laudibus
1411 3825 1530 3910 efferri,
1558 3824 1614 3892 sed

379 3930 434 3995 ille
461 3931 559 3995 minis
586 3929 720 4015 auditis,
752 3931 870 4015 quibus
893 3930 1122 3996 Menaechmus
1150 3953 1282 3997 uxorem
1311 3932 1350 3997 ab
1374 3934 1471 3997 ianua
1496 3934 1616 4021 abegit,

379 4060 492 4102 verens
514 4060 555 4101 ne
578 4057 652 4121 spes
675 4039 767 4102 irrita
789 4038 847 4103 fiat
865 4059 962 4121 quem
980 4038 1111 4103 fovebat
1129 4038 1325 4103 luculentam
1345 4061 1456 4104 cenam
1475 4040 1508 4104 iu
1527 4042 1614 4126 regis

380 4145 430 4210 sui
453 4144 549 4209 domo
574 4144 727 4228 obeundi,
754 4165 849 4229 aegre
877 4166 911 4209 se
939 4166 977 4209 eo
1006 4144 1120 4209 adduci
1148 4148 1284 4229 patitur,
1312 4150 1348 4211 ut
1377 4148 1521 4212 nesciens
1549 4170 1616 4231 qua

378 4252 492 4338 gratia,
515 4251 673 4337 largiatur
696 4272 792 4335 quem
815 4251 871 4315 ille
894 4252 1054 4316 desiderat
1077 4252 1227 4335 plausum
1249 4258 1282 4318 et
1305 4255 1558 4319 admirationem.

468 4357 520 4423 Ex
542 4358 604 4423 bac
626 4358 813 4424 condicione
836 4380 942 4423 rernm
965 4358 1020 4424 hic
1043 4360 1127 4423 inter
1150 4358 1230 4424 duos
1254 4381 1359 4423 sermo
1382 4361 1534 4426 nascitur.

427 4464 489 4529 143
513 4466 595 4530 ME.
624 4464 688 4529 Dic
701 4465 788 4543 mibi,
802 4486 981 4547 caanqaom
995 4472 1028 4531 ta
1042 4466 1150 4531 vidisti
1164 4466 1302 4531 tabulam
1310 4468 1432 4548 pictam
1446 4470 1618 4549 inportata

519 4573 584 4639 Ubi
606 4572 715 4655 aquila
736 4570 929 4638 Ootcmdam
946 4578 1076 4654 raperet,
1095 4578 1152 4637 cat
1168 4572 1222 4637 abi
1242 4572 1345 4639 Venus
1362 4573 1527 4639 Adoneam
1545 4574 1616 4638 —?

425 4680 488 4743 145
513 4679 584 4745 PE.
613 4679 720 4761 Saepe,
739 4680 793 4745 sed
810 4680 888 4761 qaid
901 4680 981 4745 istiu
987 4681 1133 4761 platomas
1146 4680 1191 4744 ad
1203 4700 1252 4743 me
1265 4680 1418 4745 attinent?
1449 4680 1531 4745 ME.
1546 4681 1617 4764 Ape

338 4807 365 4847 ao
1236 4807 1284 4851 me
1306 4789 1417 4868 aspice

512 4892 639 4975 Ecquid
661 4892 816 4959 adalam
834 4891 1002 4957 similiter?
1040 4891 1110 4957 PE.
1139 4892 1200 4973 Qui
1222 4894 1293 4958 istic
1310 4900 1354 4959 est
1371 4900 1501 4960 ornatus
1518 4895 1615 4961 taus?
