3967 5725
394 587 439 651 62
574 590 712 641 XXXVII.
732 590 848 640 INDEX
866 588 1082 644 LEOTIONUM
1099 588 1332 641 AESTIVARUM
1351 590 1428 640 1893.

394 752 468 816 addi
492 751 675 816 coniunctio
698 752 850 836 potuerit.
896 749 935 815 In
956 772 1052 815 versu
1076 748 1172 816 tertio
1197 752 1245 826 εἰς
1266 748 1306 815 ’σέ
1325 774 1374 833 γε,
1397 751 1437 816 de
1460 772 1525 834 quo
1549 752 1626 816 olim

393 858 563 923 variabant
590 858 710 923 iudicia
736 840 914 923 doctorum
932 856 1041 944 (Anal
1063 857 1176 942 Eurip.
1196 856 1289 944 234),
1314 857 1341 922 si
1368 879 1443 922 vere
1469 858 1628 922 traditum

395 970 457 1048 est,
486 964 661 1048 quodiam
683 964 928 1029 Wilamowitaii
952 965 1192 1029 silentiocredi
1215 968 1357 1050 oportet,
1383 986 1451 1030 non
1476 966 1629 1030 destitue-

395 1093 467 1135 mus
490 1093 551 1137 neo
573 1071 759 1136 accedemus
782 1072 822 1137 iis
845 1070 900 1156 qui
920 1074 1007 1137 εἰσιν
1025 1071 1118 1135 edere
1136 1071 1328 1154 maluerunt,
1351 1072 1380 1137 si
1398 1072 1527 1156 quidem
1545 1070 1627 1159 illud

394 1179 493 1244 habet
517 1179 604 1264 quod
627 1181 749 1263 optime
772 1179 920 1243 adhunc
943 1180 1137 1244 sententiam
1164 1178 1269 1243 facere
1296 1179 1451 1243 videatur.
1496 1179 1628 1244 Etenim

396 1287 444 1363 εἰς
466 1286 665 1370 praepositio
688 1308 774 1351 nunc
792 1307 859 1349 non
877 1286 923 1349 ita
940 1286 1048 1371 posita
1067 1289 1116 1351 est
1134 1289 1171 1350 ut
1189 1288 1348 1368 κακίστην
1367 1288 1414 1362 εἰς
1432 1285 1530 1351 παῖδ’
1548 1285 1629 1371 ἐμόν

395 1391 503 1480 (223),
536 1394 588 1458 vel
621 1396 669 1471 εἰς
698 1398 819 1476 φίλους
850 1389 935 1477 ἔφυς
966 1386 1066 1469 κακός
1098 1389 1335 1478 (01111424),
1366 1392 1418 1457 vel
1449 1393 1629 1470 Μενέλεως

394 1501 550 1577 κάκιστος
569 1500 602 1577 ἐς
620 1500 679 1584 ἐμέ
694 1498 785 1587 (ibid.
807 1497 895 1586 736),
918 1501 1077 1584 usquein
1099 1500 1165 1563 vim
1189 1499 1439 1582 comparationis
1462 1500 1629 1584 accipitur,

397 1608 452 1672 sed
475 1630 536 1672 usu
559 1611 638 1673 noto
662 1605 716 1694 (de
740 1630 803 1691 quo
826 1606 1098 1673 Wilamowituius
1121 1608 1161 1671 ad
1183 1630 1212 1671 v.
1232 1605 1274 1671 63
1298 1611 1331 1671 et
1356 1607 1417 1670 171
1446 1605 1628 1693 adnotavit)

355 1741 382 1781 11
397 1714 497 1798 ‘quod
523 1714 650 1780 attinet'
676 1714 726 1779 vel
750 1716 801 1779 ‘de
825 1736 889 1798 quo
913 1715 1032 1801 agitur’
1057 1714 1187 1779 indicat.
1232 1712 1280 1779 Ut
1301 1714 1380 1777 haec
1404 1713 1447 1779 sit
1470 1715 1630 1779 sententia

397 1821 447 1886 ‘de
475 1825 508 1885 te
536 1821 665 1905 quidem
694 1823 722 1887 si
749 1823 858 1908 agitur
880 1819 940 1908 (im
964 1822 1115 1886 Hinbliclr
1137 1819 1209 1905 aas)
1239 1822 1348 1907 ignavi
1371 1823 1466 1885 sunt’
1513 1820 1629 1906 Neque

396 1952 433 2011 γε
457 1928 617 2012 particula
639 1950 705 1994 non
728 1929 822 1993 affert
845 1929 932 2013 quod
954 1928 1035 1993 utile
1059 1930 1115 1993 sit:
1144 1929 1190 1994 sic
1218 1931 1303 1994 enim
1325 1926 1482 1993 Hercules
1505 1930 1540 1993 in
1562 1951 1628 2013 quo

396 2034 446 2099 illi
469 2035 579 2121 ignavi
602 2039 678 2101 sunt
702 2037 823 2121 opponi
846 2037 974 2101 videtur
996 2035 1107 2101 liberis
1126 2037 1195 2101 eius
1215 2035 1385 2118 inquibus
1404 2035 1628 2101 fortitudinem

396 2164 474 2226 prae
497 2164 532 2207 se
554 2143 664 2207 ferunt
685 2147 723 2208 ut
751 2142 895 2208 occidere
922 2142 1069 2207 audeant
1116 2141 1180 2207 Sed
1206 2142 1293 2207 hunc
1320 2162 1448 2207 versum
1472 2141 1629 2207 Wilamo

396 2250 539 2332 witzius,
567 2255 603 2315 ut
626 2250 682 2315 alii
705 2255 778 2315 ante
807 2272 893 2335 eum,
921 2250 1091 2315 delendum
1114 2251 1252 2336 censuit,
1280 2254 1312 2314 et
1335 2250 1467 2314 concedi
1490 2252 1629 2334 oportet,

397 2357 430 2420 in
459 2380 497 2421 ea
523 2357 628 2422 forma
653 2378 749 2439 quam
773 2359 842 2442 ipse
865 2358 1024 2443 superiori
1046 2358 1153 2422 versui
1177 2357 1273 2440 dedit,
1300 2355 1387 2421 hunc
1408 2377 1475 2420 non
1498 2356 1629 2443 requiri,

333 2542 335 2549 y
396 2464 431 2527 in
454 2467 574 2547 nostra,
602 2464 651 2527 uti
674 2463 824 2548 diximus,
847 2465 957 2531 abesae
979 2487 1047 2530 non
1069 2466 1185 2548 potuit.
1232 2464 1326 2541 Quod
1352 2484 1427 2528 vero
1451 2464 1538 2528 hunc
1560 2484 1629 2527 ver-

397 2592 470 2633 sum
493 2571 640 2655 ineptum
664 2592 733 2636 esse
756 2572 843 2655 dicit,
866 2572 943 2656 quia
960 2572 1068 2657 Lycus
1085 2593 1152 2637 non
1171 2571 1275 2636 solum
1295 2593 1368 2638 cum
1386 2569 1526 2635 Hercule
1545 2592 1629 2634 com·

396 2681 527 2761 paratus
555 2678 611 2741 sed
638 2683 752 2763 suapte
779 2682 895 2743 natura
921 2682 1022 2755 κακός
1049 2679 1148 2743 fuerit
1175 2683 1208 2743 et
1235 2678 1262 2743 si
1286 2677 1442 2743 Hercules
1470 2676 1525 2742 καὶ
1551 2678 1629 2741 σκιὰ

357 2810 384 2849 so
398 2788 517 2867 φανείς
541 2785 637 2849 saluti
661 2806 730 2850 esse
752 2786 865 2870 possit,
887 2786 922 2851 id
944 2788 978 2850 in
1002 2786 1104 2871 ipsius
1127 2785 1358 2873 magnitudine,
1381 2805 1447 2850 non
1470 2783 1630 2849 1111111111-

397 2911 509 2955 corum
536 2891 666 2976 ignavia
692 2893 835 2976 positum
863 2893 918 2976 sit,
950 2893 1013 2956 hoc
1040 2893 1284 2976 respondemus,
1313 2892 1492 2978 Megaram,
1520 2915 1630 2976 quam·
1660 2945 1663 2950 .

398 3019 495 3080 quam
513 2995 685 3063 Herculem
704 2999 802 3063 etiam
820 2999 953 3064 umbrae
973 3000 1075 3064 instar
1092 3004 1304 3065 revertentem
1323 3000 1401 3064 satis
1420 2999 1534 3064 salutis
1553 3000 1629 3064 alla

398 3109 506 3169 turum
535 3105 678 3188 confidit,
705 3110 822 3191 tamen,
850 3106 1009 3191 quidquid
1036 3110 1111 3170 ante
1137 3107 1245 3172 locuta
1272 3111 1322 3172 est
1349 3107 1506 3172 moriendi
1535 3110 1630 3189 certa,

398 3211 529 3276 minime
554 3213 618 3276 iam
641 3234 731 3298 spem
756 3212 909 3278 abiecisse
932 3213 1002 3278 fore
1024 3217 1062 3277 ut
1085 3213 1177 3278 vivus
1200 3213 1310 3279 redeat
1333 3237 1372 3278 ex
1391 3214 1516 3299 inferis,
1539 3214 1629 3278 rede-

396 3322 510 3383 untem
533 3323 641 3383 autem
665 3341 870 3404 quocumque
893 3321 990 3385 modo
1014 3320 1186 3385 Herculem
1211 3321 1298 3405 quod
1319 3342 1429 3405 parem
1453 3321 1522 3386 fore
1551 3320 1631 3385 dicit

399 3424 538 3490 inimicis
563 3427 684 3512 quippe
707 3427 894 3512 inbellibus,
922 3449 988 3492 non
1012 3449 1083 3492 oum
1108 3427 1261 3493 dedecore
1284 3428 1433 3492 Herculis
1460 3427 1536 3506 dici,
1563 3447 1631 3492 nou

398 3533 502 3618 magis
512 3554 608 3616 quam
620 3533 707 3617 quod
716 3532 912 3618 Amphitryo
922 3533 1069 3600 reducem
1078 3535 1182 3598 filium
1193 3535 1440 3601 commonefacit
1454 3531 1534 3619 (586
1545 3531 1631 3619 sqq.)

399 3661 440 3703 ne
463 3639 650 3723 imprudens
673 3641 708 3704 in
731 3641 935 3704 inimicorum
959 3640 1072 3728 plagas
1095 3643 1250 3727 incurrat3
1273 3641 1312 3705 de
1331 3663 1395 3725 quo
1414 3640 1546 3726 Megara
1563 3641 1631 3705 fere

400 3748 518 3811 sentire
540 3747 676 3831 videtur,
699 3747 787 3830 quod
809 3746 928 3812 milites
948 3746 1115 3813 Salaminii
1140 3748 1174 3812 in
1192 3748 1291 3814 Aiace
1314 3749 1353 3814 de
1376 3749 1455 3814 duce
1479 3770 1631 3814 succum

358 3878 385 3918 11
399 3853 445 3916 ita
468 3852 578 3916 dicunt

505 3959 568 4023 165
615 3961 728 4045 χήμεῖς
751 3957 852 4026 οὐδὲν
875 3961 1041 4046 σθένομεν
1063 3964 1146 4044 πρὸς
1169 3962 1266 4027 ταῦτ’

614 4065 842 4145 ἀναλέξασθαι
864 4077 927 4133 σοῦ
950 4072 1061 4153 χωρίς,
1084 4071 1175 4146 ἄναξ.

613 4173 679 4241 ἀλλ’
708 4175 763 4240 ὅτε
785 4177 848 4260 γὰρ
872 4176 914 4259 δὴ
937 4178 974 4241 τὸ
999 4178 1060 4241 σὸν
1083 4175 1155 4261 ὄμμ’
1182 4176 1339 4260 ἀπέδραν,

614 4292 821 4366 παταγοῦσιν
845 4285 900 4350 ἅτε
923 4295 1059 4367 πτηνῶν
1083 4283 1209 4367 ἀγέλαν

614 4387 718 4472 μέγαν
741 4391 899 4473 αἰγυπιὸν
923 4391 954 4454 d’
979 4390 1215 4467 ὑποδείσαντες

505 4493 569 4557 170
614 4493 679 4580 τάχ’
707 4496 750 4561 ἂν
773 4496 941 4582 ἐξαίφνης,
965 4500 997 4562 εἰ
1018 4499 1061 4563 σὺ
1085 4501 1232 4582 φανείης,

614 4613 691 4688 σιγῇ
713 4603 869 4688 πτήξειαν
893 4606 1032 4690 ἄφωνοι.

400 4705 523 4791 Lycum
547 4713 651 4774 autem
677 4711 889 4798 intelligimus
913 4732 979 4776 non
1003 4716 1069 4775 tam
1088 4714 1265 4798 comparari
1286 4735 1358 4778 cum
1377 4712 1516 4781 Hercule
1536 4722 1686 4799 quam12

401 4801 537 4880 describi
560 4819 665 4901 qualis
688 4819 840 4884 adversus
864 4817 1037 4882 Herculem
1059 4817 1207 4884 reducem
1233 4823 1275 4885 sit
1297 4821 1426 4887 futurus
1449 4826 1481 4886 et
1506 4823 1633 4905 qualem
