3967 5725
626 592 677 642 nn
695 590 925 643 mmnnluno
944 592 1104 643 venemo
1121 593 1278 644 mmo.
1512 589 1576 655 139

339 753 525 837 appositum
556 753 614 837 sit;
643 773 749 836 neque
780 751 876 817 aliter
905 752 1013 836 prima
1038 774 1137 817 manu
1164 754 1201 817 in
1224 753 1384 819 Bomensi
1411 756 1577 819 orantum

337 860 439 925 fnisse
472 860 612 944 videtum
642 859 723 923 baec
754 859 884 942 quidem
915 860 1025 925 odiosi
1054 862 1208 925 scitam
1233 860 1403 944 Kompiins
1434 860 1578 925 affirmat

339 966 419 1031 satis
441 969 529 1030 certo
553 967 588 1030 in
609 988 682 1031 raso
704 965 777 1030 loco
800 966 941 1051 agnosci.
978 965 1073 1043 Quod
1095 990 1136 1032 ex
1159 967 1375 1035 deterioribus
1397 966 1491 1032 libris
1508 967 1577 1052 vul·

340 1074 478 1157 gabatur
498 1074 555 1139 sed
574 1075 605 1139 si
627 1073 849 1139 ultim-asiai
870 1076 1014 1155 mysterio
1035 1075 1173 1141 domimo
1192 1076 1298 1156 fuer-it,
1320 1073 1373 1139 rel
1395 1074 1485 1158 qnod
1502 1074 1577 1139 inde

339 1179 528 1245 Perizonius
551 1181 736 1247 coniectura
759 1179 866 1245 effecit
888 1181 944 1245 sed
963 1182 995 1245 si
1016 1182 1112 1246 altior
1132 1182 1254 1247 animis
1274 1183 1421 1265 recitatio
1438 1182 1577 1247 cemma

298 1284 321 1341 8
339 1289 445 1369 fuer-it,
468 1292 640 1372 utrumque
664 1288 742 1351 olim
765 1286 934 1371 Kompfins
957 1287 1027 1351 iure
1049 1310 1108 1351 suo
1130 1289 1317 1373 reprobavit
1338 1291 1387 1353 ita
1407 1290 1578 1355 ratiocina-

340 1399 395 1459 tus
427 1414 487 1459 nee
515 1394 659 1469 ultioran
691 1395 797 1459 asinii
824 1396 1039 1475 moilatioacm
1065 1395 1213 1461 absolute
1239 1396 1362 1461 domitu
1389 1395 1453 1461 dioi
1480 1416 1577 1480 posse

339 1522 445 1585 neque
467 1503 589 1567 demilb
612 1524 684 1567 cnm
703 1501 803 1565 tertio
820 1502 873 1565 vel
890 1504 982 1565 sexto
1002 1524 1079 1567 casu
1096 1502 1238 1567 nominis
1256 1500 1405 1589 (animis)
1424 1502 1578 1587 coniungi

341 1608 398 1672 sed
428 1609 647 1673 accusativum
678 1611 712 1672 et
742 1610 781 1673 ia
806 1608 1079 1692 praepositionem
1105 1609 1169 1674 sibi
1195 1608 1272 1673 addi
1299 1610 1447 1695 flagitare
1474 1607 1579 1696 (uelut

340 1721 435 1797 comm
455 1717 492 1779 ia
513 1722 613 1781 ubam
635 1716 757 1781 maisi
774 1737 805 1797 p.
820 1714 896 1798 452,
911 1713 979 1800 14).
1014 1714 1129 1799 Itaque
1146 1720 1317 1801 utrumqne
1335 1716 1490 1783 offensam
1508 1716 1620 1802 ipsese

342 1826 379 1885 ut
406 1822 580 1909 refugeret,
607 1822 790 1887 demittendi
817 1824 925 1886 antem
948 1823 1049 1887 uerbo
1071 1823 1242 1888 adderetur
1263 1824 1352 1907 quod
1375 1823 1579 1907 desideraret,

340 1933 411 1995 tum
429 1929 459 1994 si
476 1930 574 1993 ouius
591 1930 696 1995 ocimi
713 1930 857 2011 equam
875 1930 1014 1995 missa
1029 1931 1128 2010 fucrit
1144 1930 1380 1998 restituendum
1392 1932 1579 2017 proposuit3

339 2036 437 2119 idque
460 2040 496 2101 ut
517 2041 605 2101 recte
628 2036 727 2101 scribi
749 2040 878 2120 poterat
901 2033 1013 2122 (ultim
1035 2037 1122 2101 enim
1141 2038 1235 2102 affert
1252 2060 1324 2102 eam
1343 2060 1426 2122 quae
1443 2038 1578 2122 requiri-

339 2148 395 2209 tur
417 2144 481 2208 loci
504 2140 788 2229 significationem)
815 2144 861 2207 ita
885 2142 1016 2209 Halmio
1038 2143 1198 2227 probavit
1234 2143 1349 2228 Nuper
1370 2145 1496 2219 abiecta
1517 2145 1579 2211 hae

339 2251 436 2315 aliam
461 2249 651 2315 emendandi
673 2251 759 2317 viam
782 2251 948 2337 ingressus
971 2254 1022 2315 est
1040 2249 1154 2335 (praef.
1172 2274 1204 2334 p.
1221 2250 1275 2334 x):
1298 2253 1345 2317 sic
1363 2253 1451 2318 enim
1467 2253 1577 2336 polius

338 2356 439 2423 scribi
471 2357 566 2421 iussit
596 2358 652 2423 sed
681 2358 711 2423 si
742 2357 837 2423 uilior
863 2359 947 2424 initu
974 2359 1079 2422 animi
1105 2360 1248 2440 moilatio
1278 2358 1446 2444 [demissa]
1470 2361 1578 2442 facit.

341 2464 411 2540 Qua
433 2482 468 2530 re
489 2463 554 2529 hoc
577 2468 743 2531 assecutus
766 2468 824 2548 est,
848 2468 886 2529 ut
902 2466 987 2531 initu
1006 2464 1137 2549 quidem
1155 2467 1233 2530 satis
1253 2470 1400 2537 accurate
1418 2467 1579 2552 exprimat

338 2570 464 2635 litteras
492 2570 649 2654 quasdam
677 2588 758 2655 quas
785 2570 920 2637 habent·
934 2571 1012 2637 libri
1035 2570 1113 2637 olim
1134 2573 1312 2658 neglectas,
1340 2573 1396 2639 sed
1419 2574 1517 2639 simul
1539 2596 1577 2639 eo

337 2678 497 2743 adductus
521 2681 570 2743 est
591 2682 629 2742 ut
652 2678 739 2762 quod
761 2677 827 2743 iam
847 2700 1120 2763 supervacaneum
1139 2682 1189 2743 est
1207 2681 1342 2745 demissa
1361 2682 1487 2766 glossae
1504 2681 1577 2747 loco

338 2785 582 2870 exstirpandum
610 2789 746 2850 censeat.
785 2782 997 2861 Concedimus
1024 2785 1109 2852 hanc
1133 2806 1261 2870 quoque
1285 2808 1382 2871 quam
1404 2809 1491 2855 nunc
1512 2787 1578 2855 for·
1591 2814 1619 2855 ro

338 2895 441 2958 mavit
457 2891 553 2958 -hand
575 2893 822 2976 improbabilem
835 2915 915 2972 ..esse
938 2894 1133 2978 cretionem,
1160 2894 1215 2958 sed
1238 2894 1484 2979 rationemque
1506 2917 1578 2962 sam

338 3001 548 3084 recuperavit,
572 3021 768 3084 quamquam
790 2999 854 3066 hoc
877 3022 978 3087 genus
998 3001 1188 3066 emendandi
1205 3002 1318 3066 multis
1337 3001 1433 3067 hodie
1452 3003 1578 3087 placere

338 3107 436 3190 solet,
458 3128 524 3171 non
547 3129 720 3192 possumus
743 3130 810 3174 non
832 3108 1045 3173 reiectaneam
1067 3107 1194 3173 habere.
1237 3107 1340 3184 Quam
1363 3109 1459 3192 enim,
1482 3131 1578 3194 quae·

239 3263 242 3268 .
338 3235 461 3297 sumus,
483 3213 746 3297 probabilitatem
768 3213 887 3280 habere
905 3219 1016 3298 potest
1032 3217 1124 3298 inito,
1147 3238 1212 3300 quo
1230 3215 1294 3281 hoc
1312 3214 1453 3282 efficitur
1470 3220 1509 3280 ut
1526 3218 1578 3282 dc-

337 3323 438 3388 misso
464 3343 528 3386 uox
557 3322 728 3388 incolumis
754 3325 788 3386 et
816 3323 995 3406 exquisitae
1023 3322 1269 3408 significationis
1298 3323 1331 3388 in
1360 3323 1577 3408 suspicionem

339 3428 545 3512 glossematis
568 3429 726 3502 trudatur.
762 3428 875 3514 Itaque
900 3429 1032 3496 omnino
1055 3430 1090 3496 in
1108 3429 1304 3496 contrariam
1322 3434 1447 3514 partem
1466 3431 1506 3496 ab
1525 3431 1577 3496 his

337 3555 421 3618 quae
449 3535 626 3608 certissima
649 3539 733 3600 sunt
758 3538 789 3602 si
815 3537 910 3602 altior
936 3539 1041 3602 ocimi
1068 3539 1210 3620 cogitatio
1238 3539 1375 3603 misso
1399 3539 1498 3618 faciit
1524 3559 1576 3604 er·

337 3641 529 3722 ordiendum
553 3646 611 3726 est,
633 3647 671 3707 ut
693 3646 865 3727 quaeratur
886 3644 1120 3727 numquidnam
1143 3666 1182 3708 ex
1201 3644 1319 3709 litteris
1338 3645 1411 3708 istis
1430 3646 1576 3711 obscuris

339 3769 421 3832 quae
439 3752 575 3824 „exstant
597 3749 747 3816 inlibris
771 3751 925 3816 suscitare
947 3750 1043 3816 liceat
1067 3751 1154 3834 quod
1176 3772 1249 3816 oum
1272 3751 1338 3819 illis
1362 3750 1577 3836 coniungatur

336 3860 371 3946 et
397 3857 591 3920 sententiam
619 3878 683 3939 qna
710 3861 802 3940 parte
829 3877 942 3936 manca
969 3861 1020 3921 est
1046 3857 1201 3923 absolvat.
1243 3857 1280 3923 Id
1309 3857 1395 3942 quod
1422 3857 1508 3924 effici
1530 3858 1575 3922 vi·
1590 3881 1617 3924 eo

338 3961 441 4044 detur,
468 3984 541 4028 oum
569 3964 614 4028 ita
638 3962 817 4047 scribitur,:.
833 3965 1011 4029 mutatione
1035 3986 1137 4048 paene
1159 3965 1264 4048 nulla,
1291 3966 1428 4049 syllabis
1449 3968 1576 4032 tantum

338 4069 501 4153 dispostis,
523 4071 606 4152 qnod
621 4076 821 4152 praeceptum
840 4072 951 4152 omma
972 4073 1073 4154 mocio
1093 4073 1192 4138 nimis
1212 4074 1345 4153 fortasse
1361 4072 1512 4138 collidam
1530 4073 1576 4138 ci·

336 4176 449 4240 deobrr
476 4178 699 4258 inimicumque
725 4177 922 4258 simplicitati
945 4228 952 4241 .
974 4228 981 4242 .
1000 4179 1056 4244 sed
1076 4180 1106 4243 si
1128 4178 1223 4244 altior
1244 4182 1285 4245 ia
1309 4180 1349 4244 id
1371 4181 1475 4244 animi
1497 4181 1577 4263 eooi-

336 4284 415 4362 tutio
433 4283 579 4348 demisso
599 4285 711 4365 fcerit,
731 4284 986 4378 paquumlulile
1007 4285 1222 4372 reperietur.*)
1266 4285 1353 4362 Quae
1376 4286 1462 4352 enim
1485 4307 1576 4371 repo·

338 4388 455 4474 nimus,
468 4391 515 4454 ici
532 4391 577 4472 id,
598 4391 632 4455 in
651 4391 769 4474 quibus
787 4412 968 4475 pronomen
986 4392 1027 4455 ad
1039 4398 1240 4474 praecepium
1259 4393 1412 4458 nimirum
1429 4391 1576 4478 refertur,

338 4495 427 4560 velut
450 4496 486 4559 in
508 4497 607 4560 simili
631 4499 775 4561 oratione
798 4519 828 4582 p.
847 4497 923 4581 456,
944 4498 986 4563 14
1005 4501 1190 4564 ocem-anius
1200 4501 1377 4581 parricidii
1395 4501 1577 4582 recitatione

428 4672 494 4741 *34)
513 4670 722 4742 [Coniecturam
739 4691 763 4726 a
786 4671 897 4726 (latinio
921 4689 983 4728 esse
1005 4630 1095 4743 (Bcrl
1108 4675 1177 4742 phil
1191 4674 1368 4730 wccbcncclun
1385 4679 1453 4730 1892
1468 4693 1496 4744 p.
1510 4676 1575 4744 ⁶98)

337 4762 507 4830 occupatam
525 4759 558 4815 G.
569 4761 694 4817 Heriem
709 4778 788 4816 meus
797 4762 964 4816 memoravit
972 4763 1167 4833 (Jaarceberfi
1178 4763 1369 4820 mochum.
1380 4764 1434 4818 vol.
1445 4782 1575 4818 nxxxxvn

338 4855 408 4906 ,1898
423 4850 476 4921 11)‚]
863 4861 865 4870 '
945 4875 947 4880 ·
