3967 5725
530 635 581 684 DE
600 634 763 685 VERGILII
782 633 944 686 calamna
961 636 1147 688 BUCOLIOO
1167 638 1241 688 VIII.
1260 639 1343 689 DISP
1367 639 1401 690 11.
1519 638 1583 702 531

352 817 410 880 per
438 817 472 859 se
500 795 658 879 spectanti
686 799 718 860 et
744 796 783 859 ad
806 795 922 860 horum
945 797 1123 862 carminum
1148 799 1411 864 consuetudinem
1434 801 1585 867 referenti

352 903 477 986 placere
500 923 603 986 posse,
626 906 663 966 ut
686 903 797 966 multis
820 904 1024 987 placuerunt:
1048 904 1104 988 qui
1128 926 1202 969 vero
1228 927 1309 989 quae
1332 907 1500 992 ingeniosa
1519 910 1586 992 opi-

352 1010 483 1072 natione
509 1013 604 1093 parta
630 1013 706 1074 sunt
733 1010 772 1074 ad
800 1010 897 1074 fidem
925 1011 1132 1094 traditorum,
1161 1034 1242 1096 quae
1270 1014 1365 1077 unica
1391 1036 1504 1079 norma
1528 1019 1586 1100 est,

352 1117 504 1202 exegerit,
523 1116 671 1180 dubitare
690 1117 831 1201 incipiet,
851 1117 1029 1203 opinamur,
1049 1140 1146 1201 quam
1165 1141 1241 1184 vera
1261 1121 1325 1183 sint
1344 1142 1425 1203 quae
1440 1124 1586 1205 speciosa

352 1245 420 1288 esse
447 1224 541 1288 facile
570 1223 770 1289 concesserit.
806 1222 918 1308 Itaque
942 1224 1148 1290 Hermannus
1175 1228 1213 1290 ut
1241 1230 1306 1290 tres
1334 1249 1444 1292 versus
1469 1233 1585 1314 essent,

350 1352 417 1396 non
441 1333 601 1415 quattuor,
625 1330 766 1394 medium
788 1328 861 1416 (49)
881 1332 1016 1421 cadetis
1034 1339 1133 1397 mater
1151 1335 1254 1416 mopis
1271 1355 1315 1398 uu
1328 1310 1413 1416 puer
1427 1336 1586 1418 improbis

350 1437 404 1501 illc
421 1436 547 1521 delevit,
571 1439 691 1521 quippe
710 1438 750 1501 ab
769 1436 831 1502 hac
850 1439 1017 1522 sententia,
1037 1461 1101 1522 qua
1120 1441 1252 1504 saevitia
1271 1439 1401 1505 Amoris
1421 1442 1586 1525 probanda

351 1548 433 1627 erat,
456 1543 691 1609 abhorrentem.
730 1543 831 1621 Quem
855 1567 961 1627 aquo
985 1549 1042 1610 ant
1066 1568 1130 1630 quo
1154 1547 1290 1612 consilio
1307 1548 1473 1646 gdieotum
1498 1550 1584 1614 dicas

350 1673 410 1715 nec
432 1650 636 1717 Hermannus
660 1652 819 1734 quaesivit
842 1655 874 1716 et
897 1653 991 1717 nobis
1015 1656 1065 1716 est
1087 1655 1330 1738 incompertum.
1368 1654 1431 1720 Sed
1454 1677 1492 1719 eo
1513 1657 1585 1720 sub-

350 1759 417 1824 lato
442 1781 523 1843 quae
546 1763 669 1823 restant
691 1760 767 1825 ilico
792 1763 925 1843 apparet
947 1759 1149 1825 labefactari:
1599 1789 1627 1828 ro

395 1866 437 1930 47
484 1866 603 1932 Soccus
625 1867 727 1931 Amor
749 1867 853 1931 docuit
873 1873 1020 1931 acimum
1042 1868 1196 1950 sauguine
1219 1874 1350 1933 mabam

395 1973 438 2037 48
486 1972 721 2038 Commuculorc
743 1994 870 2052 mnus,
893 1975 1059 2038 crudelis
1081 1980 1120 2038 tc
1142 1995 1281 2056 quoque
1303 1981 1431 2040 muter.

395 2078 439 2144 50
484 2079 651 2162 Improbat
672 2079 726 2145 illc
741 2101 836 2162 puer,
859 2081 1024 2146 erudelis
1047 2086 1085 2144 tu
1107 2101 1246 2162 quoquc
1268 2087 1393 2145 mater.

351 2184 429 2263 Quis
454 2187 539 2251 enim
557 2188 641 2251 ferat
658 2186 718 2251 hos
737 2186 817 2251 dnos
836 2209 946 2252 versus
965 2188 1136 2251 continuos
1156 2187 1267 2251 ecdem
1286 2186 1491 2253 hemistichia
1511 2210 1583 2253 con·

351 2293 480 2358 clusos?
517 2291 661 2369 Quorum
679 2292 957 2358 hemistichiorum
975 2314 1088 2358 rursus
1106 2293 1242 2358 alterurn
1261 2315 1334 2358 oum
1351 2307 1480 2359 necesse
1500 2301 1585 2361 esset

350 2401 617 2484 exstingueretur,
631 2399 835 2465 Hermannus
849 2400 940 2484 prius
955 2399 1029 2488 (48)
1046 2402 1192 2485 removit,
1208 2401 1295 2484 quod
1310 2423 1367 2466 sno
1381 2403 1454 2467 loco
1469 2403 1584 2467 inutile

350 2529 419 2571 esse
442 2512 475 2572 et
496 2507 672 2571 absurdum
696 2507 812 2593 arguit.
849 2506 951 2591 Atqui
974 2507 1039 2572 iarn
1062 2530 1191 2573 versum
1209 2509 1318 2592 istum,
1342 2530 1438 2592 quem
1458 2532 1516 2576 suo
1536 2533 1582 2574 ar·

349 2614 447 2679 bitrio
471 2636 511 2678 ex
533 2613 688 2679 incolumi
710 2635 858 2679 mancum
882 2614 1030 2700 reddidit,
1053 2619 1090 2679 ut
1107 2615 1341 2702 redintegraret
1359 2618 1584 2701 supplementa

348 2721 498 2786 adhibuit
525 2720 624 2786 verba
651 2742 733 2804 quae
759 2742 819 2786 nec
842 2723 1001 2786 sententia
1023 2723 1234 2806 requiruntur
1257 2745 1316 2788 nec
1339 2745 1408 2788 eam
1432 2723 1583 2788 adiuvare

349 2833 500 2917 possunt,
527 2828 581 2895 sed
607 2849 680 2893 cum
704 2829 869 2914 geminant
892 2850 973 2913 quae
997 2833 1125 2896 exstant
1147 2830 1307 2898 inutiliter
1330 2832 1508 2897 orationem
1532 2853 1584 2896 cu·
1597 2855 1624 2897 rc

347 2936 472 3001 mutare
495 2936 676 3001 videantur:

393 3045 436 3110 48
851 3065 946 3126 puer,
969 3065 990 3109 c
1007 3065 1090 3125 puer
1112 3044 1270 3126 improbus
1292 3045 1362 3109 ille:

482 3151 648 3233 [mprobus
670 3151 724 3215 ule
740 3172 829 3231 puer.

349 3255 437 3333 Quae
467 3258 547 3323 haec
574 3261 623 3321 est
649 3256 884 3340 probabilitas?
916 3258 1106 3340 praesertim
1136 3277 1210 3319 curn
1238 3259 1385 3321 teneatur
1411 3254 1490 3320 haec
1516 3278 1582 3321 non

348 3368 462 3450 suapte
486 3367 601 3448 sponte
620 3364 755 3445 institui,
779 3363 925 3446 quamvis
943 3362 1006 3426 hoc
1025 3363 1070 3428 ita
1088 3362 1190 3426 videri
1209 3362 1357 3446 voluerit,
1380 3362 1436 3426 sed
1455 3362 1582 3428 aliunde

348 3474 483 3557 urgente
509 3470 714 3552 necessitate,
742 3491 839 3553 quam
864 3470 952 3534 ultro
981 3470 1167 3533 emendator
1192 3469 1326 3553 paravit.
1364 3467 1457 3545 Quod
1480 3491 1582 3556 genus

348 3578 487 3660 criticae,
509 3578 544 3641 in
568 3597 632 3660 qno
656 3576 792 3640 alterum
816 3576 856 3639 ab
881 3578 983 3641 altero
1008 3580 1040 3640 et
1061 3576 1158 3640 tertio
1177 3575 1296 3660 pendet
1314 3576 1583 3660 quemadmodum

348 3683 437 3749 anuli
462 3687 591 3748 catenae
614 3683 751 3748 inuicem
775 3684 930 3767 suspensi,
955 3704 1152 3767 quamquam
1175 3704 1268 3767 saepe
1288 3683 1399 3748 multis
1419 3684 1583 3768 probatur,

349 3812 443 3875 aegre
475 3790 570 3856 nobis
597 3789 827 3874 persuademus
855 3791 981 3855 efficere
1009 3812 1103 3874 posse
1133 3790 1220 3873 quod
1247 3789 1344 3855 fidem
1371 3791 1582 3855 nanciscatur.

350 3897 435 3975 Quid
458 3897 545 3981 quod
567 3896 619 3962 his
642 3897 788 3962 artificiis
812 3898 930 3981 quibus
952 3919 1030 3961 usus
1054 3901 1104 3961 est
1127 3896 1331 3961 Hermannus
1353 3918 1394 3960 ne
1417 3899 1582 3961 assecutus
1610 3922 1636 3963 eo

349 4004 479 4089 quidem
503 4003 631 4069 videtur
649 4004 735 4088 quod
755 4006 881 4070 voluit?
915 4002 1000 4070 Nam
1020 4003 1108 4089 quod
1127 4002 1309 4068 crudelitati
1327 4002 1457 4067 Medeae
1475 4004 1582 4067 locum

349 4134 419 4178 esse
445 4112 552 4176 noluit
579 4110 614 4175 in
640 4112 702 4176 hac
727 4113 886 4196 oratione,
913 4133 995 4195 quae
1018 4110 1081 4175 hoc
1104 4114 1180 4197 agat
1201 4113 1239 4174 ut
1262 4111 1428 4175 saevitiam
1451 4107 1582 4173 Amoris

349 4219 507 4304 deploret,
533 4218 715 4306 refragatur
737 4218 874 4283 alterum
896 4218 1137 4285 hemistichium
1159 4214 1233 4304 (50)
1256 4216 1390 4281 crudelis
1411 4222 1445 4281 tu
1466 4236 1583 4299 quoque

349 4335 461 4408 muter,
489 4326 576 4411 quod
604 4348 663 4392 suo
690 4327 763 4391 loco
790 4348 831 4391 ne
853 4347 911 4409 per
933 4323 1122 4389 violentiam
1146 4323 1275 4408 quidem
1300 4345 1334 4388 se
1356 4323 1429 4388 tolli
1451 4344 1582 4407 passum

350 4438 411 4518 est,
438 4456 478 4499 ex
504 4455 542 4498 eo
567 4436 605 4498 ut
628 4433 663 4497 in
686 4432 883 4499 contrarium
904 4433 1015 4517 potius
1039 4430 1151 4517 colligi
1173 4433 1334 4515 oporteat,
1362 4428 1582 4493 crudelitatem

349 4546 526 4606 maternam
548 4562 615 4605 non
636 4539 732 4604 nihili
753 4539 854 4603 fuisse
872 4540 906 4603 in
923 4538 984 4603 hac
1003 4537 1144 4623 pastoris
1164 4537 1330 4601 sententia
1362 4534 1456 4600 Hanc
1474 4538 1582 4599 autern

724 4697 913 4766 Daptminque
932 4703 1011 4751 tuum
1030 4697 1153 4751 tollemus
1172 4696 1209 4749 ad
1228 4700 1318 4760 osta,

510 4789 648 4857 Daphnin
666 4788 704 4841 ad
721 4793 799 4841 caba
816 4786 949 4851 fermus:
967 4787 1072 4841 amauit
1089 4802 1139 4840 uos
1157 4799 1262 4853 quoquc
1280 4783 1419 4852 Deplmis.

349 4876 477 4932 Catullus
497 4881 630 4947 (c1‚1ae;
650 4881 693 4943 63,
708 4878 752 4944 61)
770 4876 853 4930 miser
870 4891 889 4928 o
906 4876 995 4929 mirer.

1315 4960 1367 5012 ΒΡ
