3967 5725
353 2653 380 2695 lt

392 1596 502 1670 XLII.
526 1595 699 1669 INDEX
726 1594 1044 1668 LEOTIONUM
1072 1588 1627 1688 HIBERNARUM1895J96.

482 1770 672 1837 Lectionum
705 1771 958 1836 academicarum
991 1771 1240 1855 enumerationi,
1272 1792 1353 1854 quae
1382 1769 1522 1855 proximi
1550 1769 1663 1844 annia

393 1878 556 1944 mensibus
580 1877 724 1943 hibernis
745 1876 960 1962 habebuntur,
982 1881 1020 1942 ut
1043 1877 1166 1976 aliquid
1189 1880 1228 1942 de
1248 1877 1366 1942 litteris
1385 1899 1475 1942 more
1494 1877 1627 1961 antiquo

392 1986 632 2071 praemittatur,
660 2006 733 2051 oum
762 1984 800 2048 de
823 1983 989 2050 Theocriti
1012 1984 1126 2068 idyllio
1151 1986 1302 2069 septimo,
1330 1983 1382 2048 cui
1408 1983 1559 2049 Θαλύσια
1582 1983 1629 2046 in-

393 2093 555 2177 scribitur,
577 2093 733 2158 nonnulla
756 2091 921 2175 disputare
944 2091 1155 2176 instituimus,
1177 2113 1278 2175 paene
1301 2091 1406 2175 pudor
1428 2111 1488 2156 nos
1511 2091 1629 2155 retinet

393 2201 566 2284 quominus
590 2220 803 2283 exsequamur
827 2198 913 2282 quod
934 2198 1096 2264 volumus:
1119 2202 1185 2262 tam
1204 2199 1315 2263 tenuia
1333 2200 1409 2262 sunt
1428 2220 1510 2282 quae
1529 2197 1631 2262 afferi-

393 2330 464 2372 mus
487 2327 547 2372 nec
568 2306 636 2371 ullo
660 2307 755 2371 modo
775 2306 989 2391 comparanda
1007 2328 1079 2371 eum
1099 2305 1138 2370 iis
1159 2328 1240 2390 quae
1259 2306 1321 2370 viri
1340 2304 1427 2390 clari,
1450 2305 1629 2370 eruditione

393 2419 426 2479 et
449 2414 580 2500 ingenio
603 2414 726 2498 pariter
748 2415 957 2496 praestantes,
981 2435 1051 2477 cum
1077 2414 1116 2478 de
1135 2414 1223 2479 omni
1242 2413 1333 2497 poesi
1352 2411 1542 2479 Theocritea
1559 2415 1629 2476 tum

395 2521 433 2587 de
464 2521 527 2586 hoc
555 2521 704 2604 carmine,
735 2519 821 2585 unde
849 2519 940 2603 quasi
969 2521 1126 2603 quaedam
1153 2520 1275 2585 radices
1303 2524 1369 2584 tam
1397 2541 1502 2584 rerum
1533 2540 1629 2602 quam

394 2629 472 2693 artis
486 2627 695 2692 Theocriteae
714 2626 884 2710 ducuntur,
902 2625 954 2689 his
972 2627 1129 2710 proximis
1144 2625 1235 2692 annis
1251 2628 1398 2692 certatim
1413 2625 1629 2692 enuclearunt.

395 2735 457 2813 Qui
475 2758 548 2800 cunr
568 2738 624 2798 aut
642 2733 853 2816 antiquitates
867 2730 948 2798 Ooas
967 2734 1127 2818 persecuti
1145 2733 1292 2801 locorum
1312 2734 1411 2799 sitnm
1426 2738 1459 2798 et
1472 2738 1630 2818 naturam,

393 2843 427 2908 in
456 2842 571 2927 quibus
600 2840 679 2906 haec
707 2863 789 2926 quae
817 2845 893 2906 sunt
919 2841 954 2906 in
980 2839 1044 2909 hoc
1072 2842 1212 2907 carmine
1240 2842 1294 2927 agi
1319 2841 1424 2906 voluit
1447 2845 1542 2925 poeta
1564 2865 1631 2908 non

392 2952 462 3016 sine
485 2951 750 3014 documentorum
773 2948 836 3011 fide
862 2952 1017 3032 eruerent,
1041 2953 1096 3013 aut
1115 2948 1263 3013 homines
1282 2948 1338 3031 qui
1358 2951 1482 3013 actores
1502 2950 1630 3014 suntin

393 3056 454 3121 hac
480 3055 590 3121 fabula
617 3054 669 3119 vel
695 3057 914 3119 memorantur
941 3055 976 3119 in
1004 3077 1041 3119 ea
1064 3056 1196 3140 derepta
1219 3078 1317 3139 quam
1340 3059 1471 3140 gestant
1493 3078 1631 3141 persona

393 3164 566 3250 pastoricia
593 3167 650 3227 aut
675 3164 843 3227 nominum
870 3161 997 3248 griphis
1026 3163 1143 3248 quibus
1165 3163 1377 3227 involvuntur
1399 3163 1515 3229 solutis
1540 3186 1630 3229 suam

394 3293 502 3336 veram
529 3273 708 3335 monstrare
740 3269 854 3335 faciem
885 3273 1050 3356 cogerent,
1083 3274 1139 3335 aut
1166 3272 1201 3335 iu
1230 3274 1477 3354 βουκολιασμοῦ
1505 3271 1571 3335 vim
1599 3274 1631 3335 et

394 3400 489 3443 usum
513 3381 545 3442 et
564 3377 660 3442 huius
679 3377 828 3443 carminis
848 3376 985 3442 artificia
1003 3378 1202 3461 inquirerent
1223 3377 1402 3462 quibusque
1422 3377 1455 3441 id
1473 3377 1538 3443 filis
1558 3399 1631 3442 cum

395 3486 466 3549 aliis
494 3483 615 3567 idylliis
644 3487 887 3549 connecteretur
913 3484 1111 3568 patefactum
1138 3486 1235 3569 irent,
1264 3486 1367 3549 multa
1394 3484 1428 3548 in
1452 3485 1537 3549 clara
1559 3483 1631 3550 luce

393 3593 501 3677 posita
524 3594 601 3655 sunt
624 3612 705 3675 quae
729 3591 834 3657 adhuc
857 3592 1062 3657 tenebrarum
1086 3591 1285 3658 obscuritate
1309 3592 1436 3656 obtecta
1455 3593 1630 3656 iacuerunt.

395 3697 539 3776 Quorum
561 3699 761 3783 ingeniosam
784 3700 947 3781 virtutem,
971 3721 1068 3783 quam
1091 3698 1144 3763 vel
1161 3698 1207 3763 ibi
1226 3697 1428 3781 admiramur,
1451 3698 1508 3763 ubi
1527 3720 1631 3763 assen-

394 3806 450 3870 tiri
464 3804 658 3888 dubitamus,
673 3827 713 3869 ne
727 3806 873 3889 speciosa
886 3826 946 3889 pro
961 3806 1045 3870 veris
1061 3805 1299 3889 amplectamur,
1314 3805 1467 3889 quoniam
1477 3806 1631 3870 aemulari

394 3934 454 3978 nec
471 3934 642 3998 possumus
661 3934 721 3978 nec
739 3913 897 3996 volumuS,
915 3934 970 3976 eos
989 3913 1017 3978 si
1038 3913 1094 3995 qui
1108 3911 1273 3977 Theocriti
1295 3934 1345 3976 res
1365 3902 1397 3977 et
1415 3913 1512 3977 huius
1526 3912 1631 3996 idyllii

395 4021 536 4085 rationes
559 4020 689 4105 penitus
714 4040 906 4105 cognoscere
930 4020 1071 4104 cupiant,
1099 4021 1140 4084 ad
1163 4019 1294 4085 illorum
1316 4041 1429 4104 operas
1451 4018 1630 4083 luculentas

396 4127 483 4191 abire
506 4126 663 4211 iubemus,
685 4148 745 4191 nos
768 4125 856 4192 hunc
877 4130 1078 4192 contractum
1096 4128 1260 4191 tramitem
1280 4148 1376 4210 quem
1396 4128 1536 4191 solemus
1554 4126 1631 4191 insi·

396 4236 517 4298 stantes
533 4232 774 4298 observationes
789 4233 942 4317 quasdam
958 4232 1184 4319 grammaticas
1199 4256 1238 4298 ex
1252 4254 1318 4298 uno
1333 4254 1428 4297 versu
1438 4233 1550 4298 ductas
1560 4253 1632 4317 pro·

395 4342 556 4425 ponimus,
579 4344 617 4405 ut
638 4339 716 4405 hnic
738 4339 905 4423 praefandi
928 4340 1037 4406 officio
1057 4341 1104 4404 sic
1122 4343 1159 4404 ut
1177 4361 1350 4425 possumus
1370 4341 1448 4404 satis
1466 4340 1631 4405 faciamus.

485 4445 599 4532 Itaque
631 4446 666 4511 iu
698 4446 858 4513 cantilena
890 4469 986 4531 quam
1014 4446 1151 4531 Lycidas
1184 4447 1288 4512 amico
1321 4447 1416 4511 offert
1446 4448 1493 4512 ita
1524 4445 1631 4511 diceus

397 4550 440 4640 (v.
460 4551 517 4639 50)

713 4662 802 4745 κήγὼ
828 4659 890 4743 μέν
912 4697 958 4709 -
980 4661 1054 4746 ὄρη,
1078 4662 1190 4746 φίλος,
1213 4667 1249 4727 εἴ
1266 4684 1317 4726 τοι
1341 4659 1472 4743 ἀρέσκει

559 4766 659 4833 τοῦθ’
683 4767 701 4832 ὅ
724 4792 756 4833 τι
779 4777 869 4853 apuu
892 4766 929 4832 ἐν
953 4768 1023 4852 ὄρει
1046 4768 1084 4833 τὸ
1107 4769 1289 4855 μελύδριον
1312 4765 1491 4846 theadrada

397 4896 416 4939 a
438 4897 467 4940 v.
489 4874 532 4939 72
553 4874 634 4941 haec
657 4879 829 4941 narrantur
852 4873 891 4939 de
913 4873 1085 4960 Daphnide

1649 4886 1668 4945 4
