3967 5725
404 1587 532 1660 XLIII.
559 1587 731 1660 INDEX
757 1587 1075 1662 LEGTIONUM
1102 1589 1449 1664 AESTIVARUM
1476 1591 1573 1663 1896.

333 1766 356 1823 8
462 1762 506 1827 Μ.
525 1761 637 1827 Gicero
664 1763 759 1828 initio
786 1764 877 1828 tertii
903 1763 943 1828 de
969 1764 1097 1849 legibus
1125 1763 1239 1830 scribit
1266 1762 1407 1850 ‘Sequar
1433 1764 1534 1850 igitur
1560 1764 1605 1828 di-

370 1871 483 1934 vinum
506 1869 601 1934 illum
622 1869 730 1934 virum
752 1892 850 1956 quem
873 1871 1013 1955 quadam
1036 1871 1249 1937 admiratione
1272 1875 1453 1936 commotus
1476 1872 1605 1956 saepius

370 1977 508 2041 fortasm
529 1977 626 2041 laudo
650 1999 748 2061 quam
770 1998 900 2042 necesse
923 1978 991 2042 est'
1030 1975 1090 2043 Cui
1108 1977 1239 2045 Atticus
1258 1978 1438 2044 ‘Platonem
1456 1978 1606 2044 videlicet

371 2083 472 2148 dicis.’
508 2082 569 2149 Ille
586 2105 664 2149 vero
683 2082 800 2149 ‘Istum
817 2085 934 2168 ipsum,
951 2082 1082 2150 Attice?
1114 2084 1184 2150 Nos
1203 2106 1333 2170 quoque
1351 2106 1522 2169 sequemur
1538 2105 1607 2150 uon

370 2190 539 2256 Platonem
568 2192 624 2257 sed
648 2189 848 2276 Ciceronem,
874 2196 912 2255 ut
938 2192 1152 2258 admiratione
1179 2192 1334 2258 commoti
1358 2214 1453 2276 quem
1478 2192 1605 2275 saepius

371 2300 436 2363 iam
458 2298 617 2364 hocloco
639 2298 856 2382 laudavimus,
884 2299 1105 2364 adulescentes
1128 2298 1305 2382 adhortati,
1328 2320 1466 2383 quonam
1490 2298 1606 2364 studiis

369 2405 449 2469 haec
471 2426 554 2489 quae
576 2406 748 2470 scribimus
771 2405 1062 2488 accommodamus,
1084 2409 1120 2470 ut
1143 2428 1183 2470 ne
1202 2405 1389 2471 omitterent
1406 2406 1605 2492 incompara-

369 2511 468 2576 bilem
496 2511 643 2577 Platonis
672 2517 775 2576 artem
803 2516 836 2576 et
863 2511 1081 2576 urbanitatem
1109 2513 1254 2597 impensa
1282 2533 1380 2598 opera
1406 2533 1606 2599 pernoscere,

368 2641 444 2684 eum
470 2640 556 2683 nunc
583 2641 712 2683 rursum
738 2624 851 2684 nostra
876 2619 987 2701 laude,
1014 2620 1113 2685 immo
1136 2619 1275 2704 quadam
1297 2621 1503 2686 veneratione
1524 2623 1605 2685 tam·
1620 2647 1646 2688 ro

368 2748 467 2810 quam
485 2747 561 2791 vere
578 2727 685 2791 virum
702 2726 848 2791 divinum
866 2747 1108 2810 prosequamur.
1145 2726 1276 2792 Etenim
1293 2749 1399 2812 nuper
1412 2728 1453 2792 iis
1467 2729 1606 2793 maxime

368 2833 623 2921 cogitationibus
650 2834 813 2918 occupati,
841 2834 970 2917 qualem
997 2855 1085 2899 mors
1107 2833 1233 2900 homini
1256 2838 1376 2901 sortem
1400 2835 1537 2901 allatura
1558 2835 1605 2900 vi-

369 2941 496 3025 deatur,
525 2963 637 3005 eamne
664 2940 805 3005 faustam
832 2941 975 3007 dicamus
1004 2964 1046 3007 an
1073 2942 1262 3026 infaustam,
1290 2964 1364 3008 cum
1391 2942 1433 3008 ad
1460 2942 1605 3009 Platonis

369 3047 574 3113 Phaedonem
596 3048 695 3113 toties
716 3047 838 3112 lectum
861 3047 966 3113 deuuo
989 3048 1163 3135 legendum
1187 3048 1285 3114 delati
1309 3070 1463 3131 essemus,
1486 3050 1604 3114 mirum

368 3155 404 3219 in
434 3155 568 3219 modum
596 3153 821 3219 recreabamur
847 3156 955 3219 animo
984 3154 1238 3241 contemplantes
1267 3156 1396 3242 egregie
1424 3178 1442 3220 a
1469 3156 1605 3221 Platone

367 3283 551 3346 expressam
574 3259 717 3326 Socratis
744 3261 997 3345 persuasionem,
1027 3283 1123 3346 quam
1149 3263 1204 3327 ille
1227 3264 1321 3328 unice
1345 3263 1476 3351 dignam
1499 3262 1604 3347 philo·

366 3368 472 3453 sopho
504 3369 679 3434 arbItratus
711 3368 800 3433 omni
828 3368 861 3432 vi
889 3367 1074 3452 disputandi
1102 3368 1248 3434 adhibita
1274 3370 1365 3436 nullo
1393 3391 1459 3435 non
1487 3391 1604 3457 genere

367 3480 632 3562 argumentorum
664 3474 779 3540 fulcire
810 3480 842 3540 et
870 3475 1078 3540 corroborare
1105 3475 1193 3540 haud
1221 3476 1360 3561 desistit,
1393 3477 1512 3561 quippe
1541 3498 1604 3560 qua

366 3582 451 3666 sola,
474 3583 530 3665 ait,
551 3582 701 3646 firmatus
724 3603 798 3647 cum
820 3582 939 3645 fiducia
961 3604 999 3646 ac
1022 3604 1078 3667 spe
1101 3583 1188 3647 bona
1210 3584 1254 3647 sit
1276 3585 1374 3648 morti
1397 3584 1527 3648 iamiam
1551 3583 1604 3648 ad-

367 3690 513 3754 ventanti
537 3688 667 3754 obviam
691 3690 805 3771 iturus,
828 3711 897 3753 eam
916 3688 1018 3773 igitur
1035 3689 1285 3774 persuasionem,
1309 3713 1372 3775 qua
1391 3712 1424 3754 se
1443 3691 1603 3755 confidere
1618 3716 1644 3757 aa

367 3796 521 3879 affirmat,
543 3817 610 3860 uon
633 3796 836 3861 interituram
860 3795 894 3859 in
917 3799 1021 3861 morte
1044 3795 1197 3880 animam,
1225 3796 1281 3861 sed
1304 3798 1343 3861 de
1366 3818 1498 3881 corpore
1522 3819 1603 3863 mor-

367 3907 434 3967 tem
462 3902 671 3969 occumbeute
699 3902 849 3967 decedere
874 3900 978 3985 ipsam
1002 3902 1137 3987 salvam,
1164 3924 1225 3969 nec
1247 3902 1433 3968 destitutam
1457 3903 1603 3987 corporis

368 4010 550 4075 velamento
575 4010 667 4094 quasi
689 4009 778 4074 venti
801 4008 932 4073 flamine
949 4009 1055 4095 abripi
1074 4014 1106 4075 et
1124 4010 1166 4073 ad
1182 4008 1322 4074 nihilum
1341 4010 1468 4094 deferri,
1490 4033 1602 4076 verum

366 4117 544 4182 consistere
562 4118 722 4203 integram
742 4137 778 4180 ac
797 4115 947 4180 stabilem
966 4121 1000 4181 et
1018 4120 1199 4201 separatam
1218 4139 1238 4182 a
1256 4138 1315 4182 suo
1334 4137 1478 4202 corpore,
1499 4116 1603 4203 qualis

368 4228 443 4289 ante
464 4227 578 4289 natum
601 4222 766 4288 hominem
787 4222 894 4306 fuerit,
917 4223 1103 4289 duraturam
1121 4228 1287 4309 perpetuo,
1310 4223 1484 4290 secuudum
1503 4225 1603 4290 vitam

366 4335 442 4396 ante
470 4334 574 4396 actam
600 4329 739 4394 feliciter
766 4332 915 4416 agentem
943 4333 1000 4394 aut
1023 4334 1144 4396 contra.
1181 4329 1275 4397 Unde
1297 4330 1380 4397 hauc
1404 4354 1473 4397 esse
1494 4354 1603 4397 veram

367 4460 514 4504 normam
532 4438 618 4503 vitae
636 4436 699 4502 viri
718 4435 907 4522 philosophi
925 4436 1148 4502 ratiocinando
1167 4438 1276 4521 efficit,
1294 4442 1331 4502 ut
1350 4440 1503 4522 quoniam
1517 4461 1603 4505 mors

367 4545 458 4611 nulla
480 4568 516 4611 re
538 4546 602 4611 alia
626 4566 723 4629 quam
742 4543 973 4609 secernendae
991 4564 1126 4627 corpore
1144 4546 1251 4609 anima
1270 4546 1481 4629 contineatur,
1505 4547 1603 4611 etiam

368 4652 445 4718 dum
467 4653 559 4736 vivit,
581 4651 664 4718 mori
687 4672 726 4717 ac
747 4655 894 4716 mortuus
918 4671 987 4715 esse
1011 4649 1114 4715 discat
1137 4652 1292 4735 incoque
1312 4674 1345 4718 se
1365 4657 1518 4736 exerceat,
1540 4652 1604 4720 hoc

368 4763 417 4824 est
439 4759 523 4823 nihil
545 4757 711 4844 antiquius
729 4756 855 4839 habeat,
879 4779 976 4841 quam
996 4760 1031 4821 ut
1050 4757 1204 4842 seiuncta,
1226 4763 1382 4843 quantum
1400 4759 1472 4825 fieri
1491 4761 1602 4844 possit,
1617 4786 1644 4825 ao

368 4887 388 4929 a
415 4887 549 4951 corpore
577 4866 685 4929 anima
712 4865 784 4947 ipsa
811 4886 869 4948 per
897 4885 965 4928 sese
992 4862 1091 4929 nullis
1121 4865 1264 4950 corporis
1292 4866 1524 4952 cupiditatibus
1547 4871 1603 4931 aut
