3967 5725
778 682 828 732 DE
846 682 1025 734 PLATONIS
1043 682 1189 734 GORGIA.

918 843 1002 909 άλλᾶ
1024 842 1079 908 καὶ
1102 855 1223 926 σοφοῖς

497 948 552 1015 καὶ
575 960 663 1015 τοῖσι
687 952 830 1034 φαύλοις
852 947 969 1035 ἔνδιχ’,
993 951 1038 1027 ὡς
1061 948 1133 1033 ἐμοὶ
1157 951 1258 1017 δοκεῖ.

358 1056 468 1142 Iphig.
487 1055 594 1121 Aulid.
616 1056 680 1121 734
1200 1130 1205 1136 ,

496 1164 558 1248 οὐχ
581 1162 599 1228 ὑ
622 1166 724 1247 νόμος
747 1158 860 1248 οὗτος,
884 1168 926 1229 σὺ
949 1161 987 1229 ὑὲ
1011 1164 1119 1249 φαῦλ’
1140 1164 1217 1247 ἡγεῖ
1236 1164 1323 1230 τάδε.

360 1270 444 1334 Med.
464 1270 527 1333 807

494 1361 610 1443 μηδείς
632 1384 672 1441 με
695 1360 831 1444 φαύλην
853 1360 1000 1443 κάσθενῆ
1024 1360 1190 1443 νομιζέτω.
1213 1374 1216 1379 “

451 1466 513 1530 Sed
538 1466 576 1530 de
599 1467 706 1551 lapide
724 1466 828 1551 Lydio
853 1488 926 1531 cum
949 1467 1103 1550 dicamus,
1126 1489 1192 1532 non
1215 1468 1396 1532 omittimus
1418 1467 1597 1552 disceptare

356 1574 472 1657 paucis
491 1572 638 1638 Platonis
661 1573 774 1656 verba,
801 1574 867 1638 iam
890 1596 986 1658 supra
1009 1575 1109 1640 semel
1132 1578 1164 1639 et
1187 1576 1303 1640 iterum
1328 1598 1347 1638 a
1369 1575 1464 1640 nobis
1488 1576 1597 1657 ascita,

356 1679 479 1763 quibus
502 1680 543 1764 is,
564 1684 604 1744 'ut
627 1684 750 1745 veteres
776 1682 889 1762 solent,
914 1679 954 1745 ab
977 1702 1016 1745 eo
1038 1683 1146 1767 lapide
1169 1682 1298 1747 ductam
1322 1683 1596 1767 comparationem

358 1787 509 1853 instituit.
548 1785 612 1863 Qui
627 1786 792 1852 Socratem
810 1788 858 1851 ita
877 1788 1037 1854 dicentem
1050 1789 1128 1855 facit
1142 1791 1177 1853 in
1191 1787 1312 1875 Gorgia
1325 1786 1371 1874 (p.
1386 1788 1439 1873 57,
1455 1788 1497 1852 10
1506 1786 1594 1873 Sch.)
1611 1835 1638 1874 ω

493 1904 535 1968 El
559 1912 687 1987 χρυσῆν
710 1900 795 1988 ἔχων
819 1902 1003 1988 ἐτύγχανον
1025 1905 1086 1988 τὴν
1108 1908 1230 1990 ψυχήν,
1253 1901 1279 1970 ὦ
1303 1906 1510 1987 Καλλίκλεις,
1534 1906 1595 1970 ούκ

493 2009 536 2074 dir
559 2016 622 2075 οῖει
645 2034 686 2094 με
710 2011 857 2092 άσμενον
880 2011 993 2095 εὑρεῖν
1015 2013 1143 2076 τούτων
1166 2013 1242 2077 τινά
1264 2022 1332 2077 τῶν
1355 2015 1473 2093 λίθων,
1496 2004 1517 2096 ᾗ
1540 2014 1596 2095 βα-

494 2120 664 2196 σανίζουσι
687 2119 746 2182 τὸν
769 2120 910 2202 χρυσόν,
938 2119 1001 2201 τὴν
1028 2118 1181 2202 ἀρίστην,
1208 2119 1291 2203 πρὸς
1314 2120 1433 2202 ἥντινα
1455 2115 1595 2199 ἔμελλον

492 2224 717 2308 προσαγαγὼν
741 2224 861 2307 αὑτήν,
890 2231 925 2288 εἴ
943 2248 1001 2308 μοι
1024 2224 1260 2309 ὁμολογήσειεν
1282 2223 1391 2308 ἐκείνη
1415 2230 1523 2301 καλῶς
1545 2249 1595 2289 τε-

492 2338 724 2415 θεραπεῦσθαι
753 2333 814 2415 τὴν
841 2333 968 2415 ψυχήν,
998 2326 1035 2395 εὑ
1058 2337 1210 2396 εἴσεσθαι
1233 2331 1286 2395 ὅτι
1309 2332 1431 2408 ἱκανῶς
1453 2328 1515 2416 ἔχοι
1540 2330 1595 2396 καὶ

493 2436 594 2503 οὐδέν
616 2463 675 2522 μοι
698 2440 748 2503 ὑεῖ
772 2440 873 2523 άλλης
896 2438 1064 2522 βασάνου;

354 2553 407 2618 Ι)ε
429 2554 480 2619 his
503 2552 610 2619 verbis
634 2577 738 2638 nuper
755 2554 961 2619 Hermannus
981 2552 1143 2638 Sauppius
1166 2555 1234 2638 egit
1256 2555 1291 2617 in
1308 2553 1416 2619 Variis
1434 2553 1593 2620 Lectioni-

357 2661 419 2726 bus
449 2662 483 2725 in
511 2662 710 2746 praefatione
739 2661 921 2726 scholarum
951 2660 1203 2725 academicorum
1232 2686 1258 2725 a.
1287 2661 1373 2725 1890
1401 2660 1509 2745 editis3
1538 2663 1594 2745 qui

353 2768 527 2853 profectus
551 2769 590 2833 ab
619 2791 656 2834 eo
686 2768 772 2852 quod
800 2767 973 2833 scholiasta
1002 2769 1041 2831 ad
1066 2768 1153 2833 huno
1175 2769 1297 2851 locum,
1325 2768 1402 2832 item
1426 2768 1466 2832 ad
1491 2772 1594 2833 Πολι-

356 2879 445 2953 τείας
458 2895 495 2940 vl
509 2900 539 2961 p.
555 2875 629 2960 308,
644 2876 688 2940 20
697 2875 798 2940 Beklr.
813 2876 988 2958 adnotavit,
1003 2877 1154 2959 βάσανον
1168 2876 1232 2940 dici
1246 2875 1384 2959 lapidem
1400 2897 1464 2959 quo
1479 2897 1592 2940 aurum
1607 2903 1636 2943 ιο

354 2985 587 3068 exploraretur,
605 2988 639 3048 et
656 2983 743 3047 hunc
761 2986 794 3047 et
812 2981 953 3066 reliquos
973 2982 1029 3066 qui
1045 2981 1129 3046 idem
1144 2982 1343 3066 tradiderint,
1362 2983 1590 3068 grammaticos

352 3095 389 3156 et
412 3089 667 3176 lexicographos
690 3091 790 3155 falsos
814 3113 883 3154 esse
906 3094 938 3153 et
960 3089 1110 3172 βάσανον
1134 3089 1168 3154 in
1190 3112 1252 3154 usu
1274 3091 1444 3173 poetarum
1462 3093 1495 3153 et
1514 3090 1590 3155 scri-

353 3201 487 3282 ptorum
509 3219 685 3280 numquam
703 3197 766 3261 nisi
786 3196 974 3281 explorandi
994 3217 1123 3281 operam
1143 3196 1325 3282 significare
1344 3197 1493 3280 affirmat,
1516 3196 1591 3260 dein

352 3303 502 3368 Platonis
534 3303 644 3388 verba,
677 3304 712 3367 in
744 3303 861 3387 quibus
894 3308 943 3369 est
975 3304 1062 3387 quod
1090 3305 1155 3368 iam
1183 3303 1261 3368 olim
1288 3305 1480 3387 interpretes
1508 3303 1593 3368 male

355 3411 479 3494 habuit,
502 3411 606 3476 deleto
626 3412 701 3476 τινά
719 3413 920 3495 pronomine,
943 3415 980 3476 αἳ
996 3434 1056 3496 pro
1075 3403 1097 3498 ᾗ
1115 3411 1266 3496 reposito,
1290 3410 1427 3493 denique
1446 3411 1592 3475 oratione

352 3517 507 3582 distincta
534 3519 568 3582 in
596 3518 682 3582 huno
709 3516 840 3583 modum
868 3518 908 3582 ad
936 3519 1105 3603 pristinam
1133 3520 1271 3583 formam
1298 3539 1447 3583 revocare
1476 3516 1591 3581 studet.

489 3627 535 3690 Εἰ
556 3634 683 3709 χρυσῆν
705 3621 791 3709 ἔχων
814 3623 999 3709 ἐτύγχανον
1021 3628 1083 3708 τὴν
1105 3627 1227 3709 ψυχήν,
1250 3621 1276 3689 ὦ
1300 3627 1354 3705 Κ,
1377 3623 1439 3688 ούκ
1462 3621 1505 3686 άν
1528 3629 1591 3688 oles

488 3733 529 3816 με
553 3733 699 3816 άσμενον
722 3732 835 3815 εὑρεῖν
857 3732 987 3796 τούτων
1010 3744 1077 3796 τῶν
1101 3735 1209 3797 λίθων
1232 3733 1267 3796 αἳ
1291 3732 1506 3815 βασανίζουσι
1530 3731 1590 3794 τὸν

489 3839 616 3924 χρυσὸν
647 3840 708 3922 τὴν
741 3839 895 3922 άρίστην,
928 3839 1012 3922 πρὸς
1045 3839 1163 3921 ἥντινα
1194 3835 1335 3922 ἔμελλον
1367 3829 1590 3921 τἰροσαγαγὼν

489 3945 608 4030 αὐτήν,
637 3951 670 4010 εῖ
693 3969 748 4030 μοι
778 3946 1015 4029 ὁμολογήσειεν
1041 3943 1151 4029 ἐκείνη
1178 3949 1285 4020 καλῶς
1311 3948 1590 4027 τεθεραπεῦσθαι,
1605 3973 1632 4011 so

489 4053 550 4136 τὴν
572 4053 684 4136 ψυχὴν
707 4047 744 4117 εὑ
765 4058 915 4117 εἴσεσθαι
939 4051 990 4117 ὅτι
1015 4054 1136 4128 ἱκανῶς
1159 4054 1221 4135 ἔχω
1245 4055 1311 4116 κτλ.

350 4159 403 4224 De
430 4163 567 4243 utraque
594 4181 628 4223 re
655 4158 750 4224 nobis
779 4158 949 4224 dicendum
977 4164 1033 4224 est.
1075 4156 1276 4241 Quamquam
1300 4159 1338 4221 de
1362 4159 1510 4242 βασάνου
1534 4181 1590 4224 no-

352 4265 450 4331 minis
473 4277 534 4331 u‘su
558 4271 591 4330 et
613 4267 848 4350 significatione
872 4266 1026 4350 impedita
1049 4266 1195 4348 quaestio
1219 4268 1282 4347 est,
1310 4284 1407 4348 quam
1430 4288 1496 4330 non
1518 4267 1591 4332 tu

350 4373 440 4460 glsse
471 4374 609 4438 forsitan
638 4372 741 4437 tutius
769 4373 876 4438 fuerit
926 4372 971 4437 Ut
1000 4373 1084 4436 enim
1113 4376 1260 4455 apertum
1285 4377 1336 4436 ‘est
1362 4372 1397 4437 in
1424 4374 1588 4437 nonnullis

351 4479 509 4564 exemplis
534 4500 645 4544 eorum
669 4500 751 4562 quae
770 4479 931 4564 Sauppius
956 4479 1089 4565 collegit
1110 4478 1237 4543 admitti
1257 4500 1327 4543 eam
1346 4501 1442 4562 quam
1461 4481 1588 4544 unicam

353 4607 422 4651 esse
445 4585 550 4652 voluit
571 4587 712 4651 nominis
736 4587 992 4671 explicationem,
1015 4581 1144 4650 in'aliis
1168 4607 1258 4650 secus
1282 4586 1484 4650 sentiendum
1503 4587 1589 4651 vide-

351 4699 420 4778 tur,
447 4695 537 4759 velut
563 4691 761 4778 Theognidis
785 4715 813 4757 v.
833 4692 898 4756 449
927 4693 1086 4777 εὑρήσεις
1107 4692 1147 4758 δέ
1172 4716 1212 4776 με
1236 4742 1270 4757 ..
1294 4693 1403 4774 ὥσπερ
1431 4693 1589 4775 ἄπεφθον

350 4802 494 4886 χρυσόν,
526 4798 677 4883 ἐρυθρὸν
705 4800 795 4864 ἰ’ὑεῖν
827 4801 1026 4883 τριβόμενον
1052 4800 1187 4887 βασάνῳ
1215 4821 1310 4885 aegre
1337 4797 1526 4862 adducimur
1552 4802 1589 4861 ut

349 4930 420 4972 non
441 4906 582 4991 lapidem
602 4907 665 4971 dici
686 4927 749 4990 quo
770 4929 882 4971 aurum
901 4911 1079 4990 temptetur
1096 4906 1325 4991 intelligamus,
1348 4923 1452 4984 neque
1470 4906 1508 4965 ut
1526 4902 1589 4966 hoo
