3967 5725
680 609 683 615 ¹
728 598 779 647 na
796 596 979 647 aunmmm
998 596 1178 647 errorum
1531 591 1575 656 qe

502 750 551 824 οἷ’
574 757 637 841 ἐγὼ
661 760 780 823 στάδια
804 759 993 843 δραμοῦμαι
1016 755 1157 840 στέρνον
1180 758 1228 832 εἰς
1246 755 1450 839 Ἡρακλέους

501 864 555 931 καὶ
579 863 771 951 καταρρήξω
794 864 946 949 μέλαθρα
968 862 1025 929 καὶ
1048 865 1173 947 δόμους
1196 861 1382 948 ἐπεμβαλῶ,

392 972 456 1037 865
502 971 588 1039 τέκν’
617 972 837 1038 ἀποκτείνασα
859 983 1005 1054 πρῶτον·
1029 970 1048 1037 ὁ
1071 971 1109 1035 δὲ
1132 971 1244 1036 κανὼν
1266 969 1328 1036 οὐκ
1352 977 1472 1037 είσετοι

400 1118 443 1127 -
501 1081 623 1157 παῖδας
647 1079 707 1156 οὓς
730 1076 826 1144 ἔτικτ’
855 1078 998 1161 ἐναίρων
1020 1078 1102 1164 πρίν
1124 1076 1167 1142 ἂν
1190 1076 1269 1161 ἔμας
1292 1079 1417 1155 λύσσας
1439 1078 1518 1165 ἀφῇ.

341 1186 381 1252 In
410 1186 471 1252 hac
502 1188 588 1251 enim
618 1186 764 1251 oratione
795 1208 921 1250 versum
952 1185 1018 1251 866
1051 1186 1192 1249 alienum
1222 1206 1290 1249 esse
1323 1184 1577 1251 additamentam

340 1294 612 1359 Wilamowitzius
642 1294 755 1359 multis
786 1293 930 1357 collectis
960 1291 1161 1379 argumentis
1194 1292 1413 1357 demonstrare
1443 1293 1576 1358 studuit.

302 1419 320 1427 ·’
340 1400 411 1465 Nos
439 1400 495 1485 qui
519 1422 611 1465 secus
634 1401 791 1465 sentimus
814 1421 879 1464 non
908 1399 1114 1464 exordiemur
1137 1422 1156 1462 a
1179 1399 1366 1482 temptando
1389 1400 1506 1464 horum
1529 1423 1577 1464 ar*

340 1512 569 1594 gumentorum
587 1509 739 1592 pondere,
757 1508 815 1571 scd
831 1506 884 1571 his
903 1506 1034 1571 interim
1053 1505 1204 1590 sepositis
1222 1506 1314 1589 prius
1332 1508 1577 1591 pensitabimus,

343 1615 421 1699 quid
448 1614 503 1679 ifle
531 1636 643 1679 versus
671 1614 818 1679 sublatus
846 1614 979 1697 efficiat,
1011 1612 1152 1697 quidque
1180 1613 1293 1677 afferat
1320 1614 1361 1677 ad
1383 1615 1576 1678 sententiam

342 1744 402 1787 suo
433 1722 505 1792 loco
538 1723 679 1787 relictus.
725 1720 787 1785 His
819 1722 905 1786 enim
938 1720 1035 1785 rebus
1068 1720 1254 1804 exploratis,
1287 1721 1365 1804 quid
1398 1722 1436 1785 de
1463 1742 1576 1785 versus
1591 1749 1620 1789 ιο

343 1828 468 1915 origine
491 1830 698 1894 iudicandum
722 1828 773 1911 eit,
796 1827 890 1893 facile
913 1828 1053 1912 patefiet.
1094 1826 1204 1911 Atque
1222 1827 1302 1892 haec
1320 1849 1402 1911 quae
1420 1826 1577 1893 Wilamo-

341 1936 469 2000 witzius
492 1936 613 2001 iudicat
636 1958 694 2021 per
717 1958 751 2000 se
775 1936 844 1999 sola
867 1935 988 1999 omisso
1010 1956 1106 1999 versu
1131 1935 1315 2018 insequenti
1337 1939 1452 2019 poetae
1475 1935 1577 1999 menti

342 2043 536 2127 satisfacere,
560 2044 578 2109 ὃ
602 2044 640 2109 δὲ
663 2042 776 2108 κανὼν
799 2043 860 2107 ούκ
884 2048 1016 2125 εἴσεται,
1040 2063 1105 2126 quo
1131 2042 1266 2106 consilio
1290 2041 1399 2106 addita
1421 2042 1488 2106 sint
1511 2064 1577 2106 om-

341 2152 429 2235 nino,
447 2151 569 2215 frustra
588 2149 782 2234 quaerimur,
802 2149 869 2215 ‘ille
889 2170 967 2213 vero
986 2148 1108 2213 nesciet
1127 2171 1161 2213 se
1180 2149 1361 2213 oocidisse'.
1387 2148 1472 2225 Quid
1490 2150 1577 2213 enim

341 2258 404 2323 hoc
434 2258 508 2322 miri
539 2261 588 2321 est
617 2257 652 2322 in
682 2279 734 2339 eo,
773 2279 868 2340 quem
904 2256 1014 2320 furore
1051 2260 1234 2340 correptum
1264 2256 1305 2320 iri
1334 2257 1452 2321 Λύσσα
1480 2257 1577 2320 modo

341 2387 461 2451 magna
487 2386 564 2430 voce
593 2364 752 2428 clamavit.
798 2362 901 2430 Porro
930 2363 948 2428 ὃ
973 2363 1009 2427 δὲ
1031 2363 1065 2426 in
1093 2362 1151 2426 illa
1173 2363 1334 2427 sententia
1359 2364 1578 2428 necessarium

343 2476 426 2555 erat,
453 2471 661 2556 perticipium
689 2476 726 2534 ut
748 2470 848 2536 verbo
871 2470 1127 2555 adhaeresceret3
1155 2471 1212 2534 scd
1239 2470 1315 2554 quia
1339 2472 1456 2536 Λύσσα
1480 2471 1519 2534 dc
1543 2492 1577 2534 sc

341 2580 438 2643 modo
461 2578 686 2662 pronuntiarit
708 2578 788 2662 quid
810 2581 921 2642 actura
945 2580 1039 2660 esset,
1061 2575 1254 2662 καταρρήξω
1277 2576 1430 2663 μέλαθρα
1448 2578 1503 2643 καὶ
1522 2580 1577 2643 δύ

341 2710 426 2769 μους
458 2684 630 2769 ἐπεμβαλῶ
662 2684 756 2750 τέκν’
784 2684 1005 2750 ἀποκτείνασα
1037 2696 1186 2769 πρῶτον,
1219 2706 1285 2748 non
1317 2684 1475 2750 absonum
1508 2691 1578 2750 erat

340 2793 425 2857 hano
455 2792 633 2859 orationem
664 2792 698 2856 in
728 2793 814 2856 hunc
843 2791 976 2856 modum
1007 2791 1231 2857 continuarid
1260 2788 1297 2856 di
1326 2793 1452 2877 κανών,
1481 2795 1520 2856 ut
1548 2792 1577 2855 is
1591 2820 1621 2859 ao

341 2900 581 2986 significaretur
609 2901 665 2984 qui
693 2900 821 2964 caedem
848 2903 1033 2983 patraturus
1057 2904 1154 2983 esset,
1185 2920 1280 2982 quam
1305 2900 1436 2984 quidem
1460 2902 1578 2966 Λύσσα

341 3012 410 3071 tam
439 3011 525 3072 recte
556 3007 619 3072 sibi
649 3008 769 3092 quippe
800 3007 924 3072 auctori
959 3028 1057 3090 quam
1089 3006 1232 3074 Herculi¹
1253 3008 1430 3073 attribuere
1460 3009 1579 3100 potuit,

258 3105 261 3110 ’
342 3115 400 3200 qui
423 3136 482 3179 sua
499 3137 597 3178 manu
615 3115 768 3199 perficiet.
805 3113 882 3179 Non
901 3113 1103 3178 dissimiliter
1122 3112 1378 3198 Clytaemnestra
1397 3114 1579 3200 Sophoclea

342 3222 471 3286 caedem
490 3221 792 3307 Agamemnoniam,
815 3243 879 3305 quo
898 3220 1018 3286 iustam
1037 3242 1107 3284 esse
1125 3221 1288 3306 probaret,
1311 3245 1403 3287 ruam
1425 3223 1523 3287 simul
1546 3227 1579 3286 et

341 3332 449 3412 Δίκης
477 3350 546 3392 esse
574 3329 749 3394 affirmavit
780 3326 912 3415 (Electr.
932 3325 1014 3415 528)
1041 3330 1062 3412 ἡ
1092 3329 1155 3414 γὰρ
1179 3333 1267 3412 Δίκη
1296 3354 1352 3394 νιν
1380 3321 1483 3414 εἶλεν,
1516 3331 1579 3396 οὐκ

342 3436 408 3520 ἐγὼ
431 3437 527 3520 μόνη,
551 3436 748 3520 eandemque
772 3434 985 3500 differentiam
1006 3458 1070 3500 non
1091 3435 1160 3499 sine
1179 3437 1325 3502 acumine
1344 3438 1461 3501 elatam
1479 3436 1579 3501 habet

341 3542 470 3607 Rhesus
492 3542 556 3606 938
1230 3572 1232 3575 ·

504 3647 691 3733 xat'eooo',
709 3648 849 3730 Ἀθάνα,
872 3650 993 3725 παντὸς
1016 3652 1105 3714 αίτία
1128 3652 1246 3734 μύρου,

505 3756 607 3822 οὐδὲν
629 3755 666 3821 d'
685 3755 873 3832 Ὀδυσσεὺς
896 3755 976 3820 οὐδ’
998 3756 1016 3821 ὁ
1046 3754 1179 3833 Τυδέως
1201 3760 1297 3834 τόκος

505 3860 626 3945 ἔδρασε
649 3864 787 3948 δράσας·
811 3864 855 3947 μὴ
880 3863 969 3928 δόκει
996 3863 1183 3946 λεληθέναι.

341 3969 457 4054 Itaque
470 3969 534 4034 hoc
547 3970 678 4034 initium
697 3974 823 4034 tantum
839 3970 1026 4053 sentcntiae,
1044 3991 1110 4034 non
1124 3971 1285 4056 integram
1301 3992 1370 4035 esse
1389 3971 1579 4055 orationem,

343 4076 553 4161 arbitremur,
581 4076 599 4142 ὁ
624 4077 661 4142 δὲ
684 4078 796 4142 κανὼν
819 4077 880 4143 ούκ
904 4083 1036 4142 εἴσεται.
1082 4076 1177 4153 Quod
1205 4077 1262 4142 ubi
1293 4100 1366 4143 eum
1396 4099 1492 4142 versu
1522 4079 1579 4162 qui

343 4184 443 4270 vulgo
467 4183 614 4268 sequitur
637 4184 843 4248 coniunctum
867 4206 967 4248 unum
992 4184 1195 4248 enuntiatum
1214 4184 1391 4249 effeceritd
1411 4185 1449 4250 δὲ
1466 4187 1579 4250 κανὼν

344 4290 407 4355 οὐκ
440 4290 561 4356 εἴσεται
592 4291 713 4366 παῖδας
743 4289 802 4367 οὓς
834 4289 931 4356 ἔτικτ’
969 4290 1112 4375 ἐναίρων
1148 4290 1230 4376 πρὶν
1262 4291 1305 4356 ἂν
1338 4291 1417 4376 ἔμας
1454 4283 1581 4370 λύσσας

344 4398 414 4483 ἀφῇ
437 4397 468 4461 h.
488 4420 513 4462 e.
539 4397 611 4481 ‘qui
634 4419 711 4462 vcro
734 4397 853 4463 occidit
876 4420 909 4462 se
933 4420 1010 4462 suos
1034 4398 1119 4463 filios
1143 4398 1287 4463 occidere
1304 4422 1370 4464 non
1389 4400 1469 4465 sciet
1486 4401 1581 4484 prius

344 4528 442 4589 quam
465 4505 590 4570 furores
615 4505 800 4588 dimiserit',
827 4505 906 4569 haec
933 4527 1028 4570 nemo
1056 4528 1122 4570 non
1152 4505 1394 4592 intelligitque
1421 4507 1460 4570 de
1483 4529 1581 4570 eausa

343 4611 468 4676 adiecta
495 4611 568 4676 sint.
619 4611 671 4676 Ex
698 4611 750 4675 his
779 4612 865 4678 enim
892 4613 1057 4696 percipere
1085 4613 1233 4678 videmur
1262 4613 1296 4676 in
1323 4613 1385 4678 hac
1412 4613 1581 4698 tragoedia

342 4719 414 4783 fore
437 4722 475 4781 ut
497 4718 653 4784 Hercules
677 4718 805 4783 tandem
831 4719 947 4784 mentis
972 4719 1110 4806 ealigine
1138 4720 1282 4785 discussa
1304 4719 1470 4802 resciscat,
1498 4725 1579 4802 quas

342 4824 475 4890 acerbas
499 4826 609 4890 caedes
631 4826 816 4910 patraverit.
863 4824 901 4889 Id
930 4827 1017 4910 quod
1044 4849 1141 4910 quam
1169 4827 1385 4893 necessarium
1412 4825 1511 4889 fuelit
1538 4825 1581 4888 ad
