3967 5725
442 626 724 678 ADNOTATIONES
743 626 1004 679 calomanoth
1021 628 1062 678 IN
1081 627 1282 679 SOPHOOLIS
1300 629 1503 682 ELEOTRAM.
1541 627 1605 691 511

464 785 571 853 Unam
590 788 686 851 etiam
706 788 927 872 quaestionem
946 789 1197 874 grammaticam,
1217 791 1270 854 cui
1289 787 1459 875 Sophoclis
1478 789 1609 857 Electra

375 897 408 958 et
431 894 561 959 Electra
584 893 725 959 Kaibelii
753 894 954 960 occasionem
982 895 1153 980 dederunt,
1180 897 1326 980 quamvis
1353 890 1418 962 late
1444 901 1608 982 patentem

375 1003 629 1088 perstringemus
652 1002 751 1066 brevi.
787 1001 998 1089 Paedagogus
1021 1003 1106 1067 enim
1131 1003 1165 1066 in
1189 1004 1365 1069 enarranda
1388 1003 1464 1069 ficta
1485 1002 1609 1069 Orestis

376 1110 558 1173 calamitate
585 1113 759 1193 postquam
785 1109 975 1174 felicitatem
999 1110 1211 1175 certaminum
1234 1110 1460 1196 gymnicorum
1483 1111 1609 1197 11111111,

375 1216 547 1281 transitum
575 1216 616 1280 ad
645 1216 858 1281 infortunium
887 1216 1040 1282 curriculi
1068 1238 1222 1301 equorum
1251 1216 1494 1284 describendum
1516 1224 1610 1303 parat

375 1323 422 1386 ita
444 1326 481 1387 ut
504 1322 591 1387 dicat
1255 1378 1258 1383 .
1405 1381 1409 1387 ,

592 1427 648 1495 καὶ
672 1440 775 1495 ταῦτα
798 1427 860 1515 μὲν
882 1428 1031 1496 τοιαῦθ’·
1055 1430 1137 1495 ὅταν
1160 1430 1201 1496 δέ
1221 1454 1271 1508 τις
1292 1438 1385 1497 θεῶν

480 1535 545 1602 696
591 1537 735 1624 βλάπτῃ,
759 1535 888 1602 δύναιτ’
915 1535 957 1602 ἂν
980 1535 1055 1603 οὐδ’
1081 1536 1125 1603 άν
1148 1539 1295 1623 ἰσχύων
1318 1548 1447 1623 φυγεῖν.

376 1642 416 1708 In
435 1665 499 1729 quo
518 1664 612 1708 versu
631 1645 758 1728 ἰσχύων
776 1643 863 1728 quod
881 1642 1019 1708 subiecti
1035 1644 1109 1710 loco
1128 1650 1177 1710 est
1195 1645 1406 1711 multifariam
1425 1646 1609 1712 criticorum

376 1750 543 1815 fastidium
572 1751 684 1834 movit,
712 1751 769 1835 qni
796 1755 853 1815 aut
879 1754 929 1827 τίς
953 1751 1040 1834 quod
1063 1752 1288 1817 desiderabant
1310 1752 1455 1817 artificiis
1479 1753 1609 1838 quibus·
1625 1781 1651 1822 1ο

376 1859 449 1922 dam
478 1859 639 1923 inculcare
666 1857 773 1922 versui
803 1861 1055 1942 temptaverunt,
1087 1862 1144 1950 aut
1172 1857 1280 1924 δύναι’
1313 1881 1352 1925 ex
1380 1859 1509 1925 δύναιτ’
1542 1860 1609 1924 effi-

377 1966 498 2031 cientes
521 1966 561 2030 ad
585 1964 754 2030 secundam
779 1965 859 2029 haec
880 1987 941 2049 pro
964 1965 1062 2029 tertia
1084 1987 1223 2051 persona
1244 1967 1477 2052 applicuenmt,
1500 1971 1555 2032 aut
1572 1971 1610 2032 ut

378 2072 516 2138 orationi
536 2094 632 2156 quam
651 2072 838 2156 plenissime
856 2073 1028 2137 satisfieret
1045 2094 1105 2157 pro
1126 2073 1251 2157 ἰσχύων
1269 2073 1421 2140 audacter
1439 2073 1456 2138 ὁ
1477 2073 1610 2140 σθένων

325 2199 362 2256 12
378 2183 598 2265 reposuerunt.
635 2178 761 2245 Horum
784 2179 953 2243 Kaibelius
980 2179 1064 2244 nihil
1091 2179 1255 2264 probavit,
1283 2180 1339 2264 qui
1368 2181 1403 2244 in
1426 2180 1483 2245 illa
1505 2180 1610 2245 forma

180 2286 181 2355 1
377 2289 428 2363 τίς
454 2308 633 2370 pronomen
662 2288 816 2352 omissum
844 2286 1029 2352 vindicabat
1057 2308 1129 2351 oum
1157 2287 1220 2352 hoc
1247 2289 1355 2373 legum
1383 2287 1531 2352 formulis
1554 2292 1611 2353 aut

377 2393 581 2479 generalibus
614 2393 781 2458 sententiis
808 2393 937 2458 licuisse
960 2393 1147 2476 affirmaret,
1175 2392 1329 2458 adhibitis
1353 2394 1517 2478 exemplis,
1545 2399 1610 2460 uno

377 2504 466 2565 certo
493 2498 656 2566 Hesiodeo
684 2501 745 2584 τὴν
773 2499 835 2585 μέν
861 2524 920 2566 κεν
947 2500 1152 2567 ἐπαινέσσειε
1180 2503 1327 2584 νοήσας
1356 2501 1401 2566 ‘id
1428 2505 1476 2566 est
1504 2507 1539 2567 εἴ
1561 2525 1611 2579 τις

377 2607 519 2692 νοήσειε’
551 2610 589 2672 ut
619 2606 697 2672 dicit
723 2606 906 2672 Lobcclrius
936 2608 992 2692 qui
1022 2631 1059 2674 eo
1087 2631 1164 2673 usus
1192 2611 1243 2672 est
1270 2609 1311 2674 ad
1338 2607 1509 2694 Sophoclis
1536 2607 1611 2674 Aia-

378 2736 446 2779 cem
473 2714 536 2779 155

844 2823 1007 2910 περὶγὰρ
1032 2832 1094 2890 σοῦ
1119 2833 1184 2890 νῦν
1625 2849 1653 2891 ao

592 2930 732 2996 εὔπιστα
755 2930 854 3015 λέγει,
877 2929 932 2996 καὶ
955 2944 1020 3008 ιιᾶς
1043 2931 1061 2997 ὁ
1085 2932 1198 2997 κλύων

591 3047 651 3103 τοῦ
676 3037 830 3117 λέξαντος
853 3038 959 3123 χαίρει
981 3043 1111 3120 μᾶλλον

592 3156 662 3222 τοῖς
684 3156 757 3222 σοῖς
780 3146 895 3229 άχεσιν
917 3146 1138 3231 necessust.

593 3263 660 3317 τῶν
683 3253 747 3336 γάρ
770 3252 924 3333 μεγάλων
946 3261 1064 3335 ψυχῶν
1089 3249 1163 3327 ἱεὶς

489 3357 553 3423 155
599 3358 661 3424 οὐκ
684 3356 727 3425 ἂν
750 3356 932 3442 ἁμάρτοι·
955 3358 1038 3421 κατὰ
1061 3353 1093 3422 d’
1120 3358 1163 3423 άν
1185 3380 1236 3433 τις
1259 3356 1339 3442 ἐμοῦ

593 3474 730 3530 τοιαῦτα
754 3463 860 3548 λέγων
882 3464 945 3531 οὐκ
968 3463 1012 3530 ἂν
1033 3466 1159 3548 πείθοι,

379 3572 436 3637 ubi
459 3572 599 3657 ἁμάρτοι
623 3571 743 3637 diserto
767 3571 958 3637 scholiastae
980 3571 1167 3637 testimonio
1192 3574 1327 3655 constat,
1350 3570 1507 3657 ἁμάρτοις
1525 3572 1613 3657 quod

380 3682 429 3744 est
460 3680 494 3743 in
528 3678 636 3743 codice
663 3677 878 3743 Laurentiano
913 3682 1094 3744 correctum
1125 3698 1195 3743 esse
1227 3678 1335 3742 credas
1364 3700 1405 3743 ne
1433 3678 1613 3745 subiectum

381 3786 504 3851 deesset
526 3786 680 3851 Mainekii
703 3786 850 3871 exemplo
874 3787 908 3850 in
931 3785 1081 3851 Electrae
1103 3807 1131 3850 1.
1151 3786 1227 3870 696,
1256 3784 1313 3850 111
1336 3784 1516 3850 subiectum
1539 3806 1612 3849 cum

380 3893 547 3959 Kaibelius
571 3916 611 3957 ex
633 3903 697 3971 τεᾶς
719 3893 807 3978 quod
828 3893 1001 3979 praecedit,
1031 3892 1205 3957 scholiasta
1228 3914 1267 3956 ex
1290 3895 1340 3969 τίς
1363 3891 1450 3976 quod
1472 3891 1613 3976 insequi·
1626 3918 1654 3959 so

380 4004 435 4065 tur
451 4000 660 4086 repetendum
679 3999 784 4083 ducat,
803 4021 863 4066 nos
882 4022 954 4065 cum
974 3999 1138 4065 Lobeclrio
1157 4000 1329 4064 statuimus
1348 4000 1420 4085 ipso
1439 3998 1611 4084 participio

381 4105 470 4195 (ἱείς)
500 4108 666 4173 contineri.
702 4106 752 4173 Ac
778 4107 855 4171 licet
881 4129 948 4171 non
978 4108 1173 4192 ignoremus,
1201 4107 1261 4189 τίς,
1284 4108 1319 4170 τί
1339 4127 1516 4191 pronomen
1539 4106 1611 4170 aliis

381 4236 510 4299 quoque
529 4214 771 4279 condicionibus
789 4213 1014 4298 praetermitti,
1033 4214 1085 4279 cui
1103 4213 1150 4277 rei
1164 4212 1332 4279 Kaibelius
1345 4212 1443 4277 nimis
1457 4216 1612 4299 angustos

380 4321 462 4387 fines
489 4322 633 4407 scripsit,
665 4342 725 4386 nos
754 4342 841 4385 nunc
867 4320 931 4385 nisi
959 4321 998 4385 11
1025 4318 1205 4406 participiis
1233 4317 1370 4385 subiecti
1397 4319 1469 4383 loco
1496 4317 1612 4400 positis

380 4450 447 4493 non
470 4450 609 4514 agemus.
648 4426 742 4504 Quod
765 4449 866 4513 genus
888 4426 1066 4492 Immanuel
1089 4426 1266 4510 Bekkerus,
1296 4424 1526 4490 subtilissimus
1550 4445 1613 4488 ser·

380 4535 486 4598 monis
507 4533 620 4600 Graeci
640 4534 837 4618 observator,
862 4554 956 4617 quem
977 4535 1134 4598 miramur
1151 4532 1186 4598 in
1204 4533 1265 4597 hac
1282 4554 1317 4596 re
1335 4553 1354 4595 a
1373 4530 1522 4595 Kaibelio
1541 4527 1613 4617 (sed

381 4647 400 4705 h
428 4663 492 4726 quo
519 4640 622 4729 nont)
648 4640 845 4727 neglectum,
878 4640 1099 4725 compluribus
1128 4638 1297 4724 exemplis,
1329 4637 1427 4702 etiam
1454 4637 1612 4723 pedestris

382 4747 547 4831 orationis,
570 4747 745 4813 declaravit
767 4745 886 4833 (sched
907 4745 1038 4811 Homer.
1058 4763 1085 4809 11
1107 4770 1137 4831 p.
1156 4743 1224 4832 41),
1247 4746 1283 4809 in
1305 4744 1423 4830 quibus
1447 4748 1522 4809 sunt
1544 4742 1613 4809 Ho-

382 4855 501 4920 merica
523 4854 596 4939 duo,
620 4853 873 4930 0111111294
