3967 5725
404 673 471 737 564
624 677 721 727 LXIH.
741 676 856 726 INDEX
874 674 1088 726 LECTIONUM
1105 674 1337 726 AESTIVARUM
1357 676 1435 726 1906.

538 838 614 922 ἀρτι
638 839 700 920 γάρ
726 836 786 900 οὐκ
810 830 875 901 οἶδ’
903 837 992 913 ὅπως
1019 844 1065 924 τῷ
1089 839 1178 923 λόγῳ
1206 838 1487 920 παρεχωρήσαμεν
1510 832 1546 900 ἐκ
1569 847 1637 900 τῶν

536 950 628 1009 θεῶν
656 945 717 1028 τὴν
745 944 907 1027 μαντικὴν
936 942 968 1019 ἐς
998 944 1158 1027 δαίμονας
1190 942 1333 1027 ἀτεχνῶς
1364 943 1636 1027 ἀποδιοπομπου-

535 1050 637 1139 μένφ·
661 1048 740 1115 νυνὶ
764 1050 804 1115 δέ
824 1075 881 1135 μοι
905 1050 1072 1134 δοκοῦμεν
1095 1050 1240 1126 αὐτοὺς
1262 1051 1364 1115 πάλιν
1387 1049 1567 1126 ἐκείνους
1589 1049 1638 1127 ἐξ·

537 1166 642 1224 ωθεῐν
664 1156 718 1223 καὶ
744 1158 944 1222 ἀπελαύνειν
968 1155 1109 1221 ἐνθένδε
1132 1162 1200 1221 κτλ.

491 1263 628 1329 Omissis
652 1265 724 1330 aliis
749 1265 910 1330 similibus
933 1286 999 1328 uno
1023 1266 1121 1329 etiam
1139 1263 1306 1328 Plutarchi
1329 1263 1401 1327 looo
1426 1264 1639 1351 defungemur

400 1370 499 1456 brevi,
519 1395 615 1456 quem
634 1395 653 1436 a
671 1372 848 1437 novissimo
867 1372 989 1436 editore
1009 1392 1081 1435 oum
1101 1370 1185 1435 male
1203 1370 1351 1435 habitum
1366 1371 1530 1436 videamus
1545 1392 1639 1436 cona-

398 1478 508 1543 bimur
531 1480 572 1543 ad
595 1502 685 1544 suam
710 1480 902 1544 sententiam
931 1499 1090 1543 revocare.
1142 1476 1225 1543 Sunt
1247 1477 1346 1542 verba
1368 1478 1448 1542 haec
1471 1479 1509 1543 de
1534 1482 1638 1562 tranq.

398 1587 495 1650 anim.
511 1609 542 1670 p.
556 1586 650 1650 4680
674 1584 751 1673 (vol.
767 1604 805 1649 111
820 1609 849 1669 p.
866 1586 940 1667 217,
957 1587 997 1650 ll
1008 1583 1060 1671 B.)

535 1694 573 1757 τὸ
597 1690 659 1777 μὲν
682 1689 745 1758 οὖν
769 1692 978 1757 ἀπευθύνειν
1001 1702 1104 1757 ταῦτα
1132 1694 1177 1777 μή
1205 1696 1316 1777 νόμιζε
1340 1694 1402 1758 σὸν
1426 1690 1528 1778 ἔργον
1551 1685 1637 1757 εἶναι
1656 1706 1675 1760 8

536 1798 611 1883 μηδ’
641 1802 747 1876 ἀλλως
779 1796 911 1886 ῥηίδιον·
936 1799 979 1864 ἀν
1012 1797 1042 1864 δ’
1066 1800 1111 1876 ὡς
1138 1800 1305 1876 τοιούτοις
1332 1800 1446 1877 αὐτοῖς
1473 1803 1639 1884 πεφυκόσι

537 1908 714 1990 χρώμενος,
738 1907 848 1991 ὥσπερ
874 1906 986 1989 ιάτρὸς
1009 1905 1230 1990 ὀδοντάγραις
1252 1908 1307 1971 καλ
1327 1906 1519 1990 ἀγκτῆρσιν,
1542 1910 1641 1991 ήπιος

537 2016 641 2100 φαίνῃ
655 2015 709 2078 καὶ
729 2013 861 2097 μέτριος
881 2013 916 2077 ἐκ
934 2024 1002 2078 τῶν
1022 2012 1259 2097 ἐνδεχομένων,
1279 2013 1429 2099 εὐφρανῇ
1448 2024 1488 2098 τῇ
1508 2024 1549 2100 σῃ
1569 2014 1642 2079 δια·

535 2121 630 2186 θέσει
657 2126 785 2205 μᾶλλον
812 2120 832 2205 il
861 2123 991 2205 λυπήσῃ
1019 2132 1091 2197 ταῖς
1120 2118 1243 2204 ἑτέρων
1271 2120 1402 2204 ἀηδίαις
1430 2122 1484 2185 καὶ
1513 2130 1641 2206 μοχθη-

538 2232 626 2309 ρίαις
649 2226 704 2292 καὶ
727 2229 837 2311 ὥσπερ
861 2227 960 2304 κύνες
983 2226 1026 2291 ἀν
1047 2226 1215 2292 ὑλακτῶσι
1244 2228 1281 2292 τὸ
1305 2237 1476 2311 προσηκον
1504 2228 1641 2305 αὐτοῖς

537 2333 709 2411 ἐκείνοις
733 2336 884 2418 οἰόμενος
907 2336 1079 2418 περαίνειν
1107 2333 1246 2419 ἐπιλήσῃ
1275 2335 1382 2399 πολλὰ
1405 2336 1537 2420 λυπηρὰ
1562 2353 1640 2400 συν-

536 2443 627 2523 ἀγων
655 2442 765 2524 ὥσπερ
794 2444 842 2518 εἰς
869 2444 994 2525 χωρίον
1013 2445 1138 2514 1κοῖλον
1171 2439 1227 2505 καὶ
1257 2443 1415 2507 ταπεινὸν
1445 2440 1642 2526 ἐπιρρέοντα

535 2551 596 2633 τήν
614 2550 840 2633 μικροψυχίαν
858 2550 983 2632 ταύτην
1002 2547 1057 2612 καὶ
1077 2549 1140 2632 τήν
1159 2547 1341 2613 ἀσθένειαν
1358 2548 1544 2633 ἀλλοτρίων
1561 2550 1642 2614 ἀνα-

535 2653 767 2738 πιμπλαμένην
790 2668 909 2721 κακῶν.

401 2762 490 2827 Haeo
513 2764 598 2827 enim
618 2764 664 2827 sic
683 2762 804 2847 scripta
822 2764 856 2826 in
875 2762 966 2827 libris
987 2784 1023 2827 ac
1041 2762 1174 2849 vulgata
1193 2766 1345 2847 putamus
1365 2764 1473 2829 omnia
1491 2763 1525 2827 in
1544 2786 1642 2829 unam

362 2899 388 2939 ιο
402 2870 721 2956 comprehensionem
750 2891 819 2934 esse
848 2869 1043 2956 colligenda,
1072 2875 1108 2934 ut
1130 2870 1210 2934 haec
1239 2871 1282 2934 sit
1304 2874 1479 2935 structura:
1512 2875 1642 2957 λυπήσῃ

402 2989 474 3055 ταῖς
497 2976 618 3063 ἑτέρων
642 2977 775 3060 ἀηδίαις
799 2974 856 3041 καὶ
879 2981 1081 3061 μοχθηρίαις
1104 2979 1159 3042 καλ
1182 2979 1220 3042 τὸ
1239 2987 1411 3060 προσῆκον
1429 2979 1543 3056 αὐτοῖς
1562 2978 1643 3044 ἐκεί-

402 3109 474 3161 νοις
498 3086 650 3168 οίύμενος
668 3087 840 3169 περαίνειν
860 3083 998 3170 ἐπιλήσῃ
1018 3085 1125 3150 πολλὰ
1145 3086 1277 3169 λυπηρά
1295 3085 1463 3168 συνάγων,
1486 3087 1522 3150 in
1540 3087 1643 3169 iisque

402 3191 499 3258 αὐτοὶ
523 3192 642 3257 ἐκεῖνοι
666 3191 799 3256 dubium
824 3213 890 3255 non
914 3195 964 3256 est
987 3192 1068 3275 quin
1087 3191 1237 3258 dicantur
1258 3213 1395 3276 quorum
1414 3193 1510 3258 modo
1530 3193 1643 3276 ἀηδίαι

404 3304 436 3364 et
458 3300 639 3384 μοχθηρίαι
667 3303 798 3364 notatae
827 3302 910 3363 sunt.
963 3297 1057 3374 Quod
1085 3301 1111 3362 si
1140 3302 1301 3381 tenemus,
1329 3300 1392 3363 iam
1422 3303 1556 3385 apparet
1579 3322 1644 3384 qua

403 3406 483 3471 haec
506 3408 630 3471 ratione
658 3407 743 3471 inter
766 3427 800 3470 se
823 3408 1011 3489 nectantur,
1041 3426 1122 3489 quae
1145 3405 1362 3470 Bernardakis
1385 3407 1643 3492 interpungendo

404 3517 436 3576 et
459 3513 647 3598 corrigendo
671 3513 843 3597 discerpsit
866 3517 898 3577 et
922 3512 1116 3577 obscuravit.

492 3619 623 3684 Praeter
645 3619 857 3685 Plutarchum
877 3620 993 3685 Dionis
1014 3619 1239 3703 Chrysostomi
1261 3620 1424 3685 orationes
1444 3620 1530 3686 hunc
1549 3645 1644 3687 usum

404 3748 499 3811 quem
524 3727 660 3792 dicimus
683 3727 902 3811 frequentant,
926 3728 1015 3792 velut
1033 3749 1078 3791 or.
1098 3727 1224 3790 xvr113

537 3836 695 3911 πολλάκις
717 3831 781 3900 οὖν
798 3832 889 3900 ἔστιν
910 3836 996 3900 ἰδεῖν
1014 3832 1051 3898 έν
1069 3845 1142 3910 ταῖς
1161 3837 1300 3900 πόλεσιν
1317 3833 1558 3913 ἀναλίσκοντας
1577 3838 1643 3921 μὲν

538 3939 671 4027 ἑτέρους
693 3940 748 4006 καὶ
767 3941 1002 4028 χαριζομένους
1019 3938 1075 4005 καὶ
1094 3940 1287 4024 ἀναθήμασι
1308 3952 1528 4027 κοσμοῦντας,
1552 3943 1641 4009 ἐπαι-

538 4048 722 4131 νουμένους
755 4045 792 4115 δὲ
824 4053 903 4125 τοὺς
936 4047 1106 4131 λέγοντας,
1145 4050 1188 4125 ὡς
1225 4047 1281 4113 καὶ
1313 4049 1443 4114 αὐτῶν
1476 4049 1646 4116 ἐκείνων

542 4157 679 4232 αἰτίους.

496 4286 541 4328 or.
559 4264 655 4328 xer

540 4371 624 4436 ὅπου
649 4393 686 4454 γε
710 4369 765 4435 καὶ
788 4371 913 4436 ὁπόταν
935 4368 1074 4454 βασιλέα
1097 4369 1269 4448 ἀποδεῖξαι
1292 4369 1366 4456 δέῃ,
1396 4371 1455 4436 τὸν
1478 4373 1644 4438 πλουσιώ-

541 4502 642 4543 τατον
669 4480 842 4563 αἱροῦνται
871 4475 926 4542 καὶ
953 4475 1030 4557 παρ’
1060 4469 1101 4540 οὗ
1129 4475 1172 4540 ἀν
1200 4474 1383 4544 ἐλπίσωσιν
1415 4479 1459 4555 ὡς
1487 4482 1645 4544 πλεῖστον

543 4585 707 4671 ἀργύριον
731 4587 908 4668 λήψεσθαι,
932 4585 971 4648 τά
991 4580 1028 4648 δὲ
1048 4585 1131 4648 ἀλλα
1150 4580 1253 4648 οὐδὲν
1273 4587 1511 4668 φροντίζουσιν
1529 4585 1646 4663 δποίος

544 4691 586 4756 ἀν
610 4685 640 4779 ᾗ,
664 4690 728 4756 κάν
750 4690 850 4776 μέλλῃ
874 4689 1001 4768 πάντας
1021 4692 1193 4775 Ιδιατεμεῖν
1216 4692 1418 4776 παραλαβὼν
1445 4693 1506 4777 τδμ
1529 4692 1647 4778 ἀρχήν,

544 4799 624 4874 τούς
646 4821 680 4862 τε
703 4799 826 4874 ἀλλους
849 4798 996 4873 ἅπαντας
1019 4797 1073 4861 καὶ
1097 4797 1243 4873 αὐτοὺς
1265 4797 1443 4874 ἐκείνους
1460 4802 1540 4877 τοὺς
1558 4801 1648 4884 είλη-

546 4907 650 4986 φότας
673 4905 713 4968 τά
737 4905 893 4987 χρήματα.
