3967 5725
394 584 462 650 210
608 588 708 639 xum.
727 588 843 638 inuax
862 586 1075 639 anemonen
1093 587 1326 702 npemvauuu
1346 590 1423 640 mee.

393 749 551 834 Apuleius
585 748 698 814 scribit
724 749 759 813 in
785 748 1090 834 Metamorphoseon
1118 753 1209 814 sexto
1237 770 1309 813 cum
1338 748 1417 813 dicit
1444 746 1483 835 (c.
1510 747 1565 834 18)
1593 755 1628 814 λα

392 856 483 923 nodo
513 876 582 922 voce
614 857 796 939 deprompto
822 858 919 922 λααὶλα
939 857 1110 938 praeterito
1136 856 1167 919 h.
1191 878 1216 920 e.
1246 867 1401 922 σιωπῶσα
1429 854 1626 942 ἀρρήτως*).

393 963 490 1029 Ηιιιιο
512 967 621 1028 autem
645 984 740 1047 quem
764 962 905 1028 diximus
928 984 998 1028 esse
1012 984 1151 1040 ¹sensum
1174 962 1264 1028 verbi
1283 961 1432 1049 ἀρρήτως
1451 985 1488 1028 eo
1508 963 1627 1030 certius

393 1070 490 1137 etiam
504 1071 573 1136 sine
588 1069 735 1154 exemplo
750 1069 933 1154 statuimus
952 1071 1029 1154 quia
1043 1070 1082 1134 ab
1099 1070 1208 1135 eadem
1223 1069 1348 1155 origine
1362 1070 1495 1135 ductum
1508 1091 1627 1134 nomen

393 1177 536 1264 ἄρρησία
554 1178 687 1243 eandem
706 1177 796 1241 illam
815 1199 912 1261 quam
926 1177 1114 1242 adverbium
1130 1177 1397 1263 significationem
1412 1199 1488 1261 prae
1503 1199 1537 1242 se
1551 1177 1627 1258 fert3

392 1287 439 1350 sic
462 1285 547 1350 euim
566 1284 683 1349 Pollux
707 1282 747 1371 (11
768 1283 846 1370 128)
871 1284 916 1349 ibi
939 1284 997 1349 ubi
1016 1281 1097 1367 ἔργα
1116 1285 1261 1367 γλώττης
1279 1288 1423 1348 recenset
1441 1283 1554 1349 scribit
1572 1283 1627 1349 καὶ

392 1392 534 1478 ἀρρησλα
556 1392 646 1477 παρὰ
662 1390 867 1476 Ἀντιφῶντι,
891 1391 911 1474 ἡ
933 1395 1052 1476 σιωπή,
1076 1413 1180 1475 neque
1199 1395 1373 1477 cognatum
1390 1412 1508 1455 nomen
1528 1391 1627 1476 ιἰρρη-

391 1500 521 1584 μοσύνη
548 1497 791 1585 negligeudum,
819 1503 876 1562 ant
900 1497 1073 1563 Homerica
1101 1499 1164 1582 δὴν
1192 1496 1232 1563 (λε’
1256 1522 1315 1581 μιν
1343 1498 1492 1583 ἀμφασίη
1521 1496 1627 1564 ἐπέων

392 1606 472 1690 λάβε
490 1607 543 1670 vel
561 1627 642 1690 quae
656 1605 833 1690 Dionysius
847 1604 951 1672 Halic.
967 1601 1032 1691 (ΧΠ
1046 1606 1067 1668 2
1082 1628 1112 1689 p.
1130 1603 1299 1690 1λ6,4Κ.)
1318 1603 1462 1689 διφασίας
1480 1603 1628 1681 ἅπαντας

351 1736 378 1776 ro
392 1713 627 1798 κατασχούσης.
663 1711 778 1796 Itaque
797 1734 962 1798 negamus,
985 1716 1018 1777 et
1037 1712 1099 1777 hoe
1119 1712 1247 1796 quidem
1265 1711 1412 1795 fidenter,
1435 1711 1538 1776 ullum
1557 1733 1627 1776 esse

392 1819 541 1906 ἀρράτως
568 1821 654 1904 apud
681 1818 906 1906 Aristotelem3
938 1820 993 1884 sed
1020 1823 1143 1884 restant
1171 1819 1234 1883 duo
1262 1818 1326 1883 loci
1354 1817 1515 1885 Platonici
1544 1840 1626 1903 quos

391 1927 528 1992 vidimus
552 1928 697 2014 ἄρρατον
719 1926 846 2011 habere,
870 1949 1008 2010 qnorum
1032 1926 1095 1991 fide
1117 1926 1237 1993 licebat
1258 1927 1391 1991 tertium
1410 1898 1561 2011 dodolenus
1579 1926 1626 1990 in·

388 2034 473 2098 ferre
499 2035 534 2098 in
556 2033 761 2099 Phaedonem
786 2072 828 2080 -
853 2035 881 2098 si
905 2034 1034 2117 quidem
1056 2034 1119 2100 hoo
1143 2033 1192 2097 illi
1215 2033 1393 2098 sententiae
1415 2034 1511 2117 plane
1534 2032 1626 2096 setis-

389 2140 494 2206 facere
516 2140 681 2206 fatendum
704 2145 761 2205 est.
797 2139 847 2205 De
871 2140 1108 2226 significatione
1130 2141 1220 2206 vocis
1241 2138 1404 2206 Usenerus
1427 2139 1510 2204 nihil
1534 2139 1627 2222 dixit,

388 2249 417 2312 is
449 2248 506 2332 qui
537 2248 630 2313 illum
658 2248 821 2332 probavit,
848 2247 1060 2331 Wohlrabus,
1093 2247 1244 2334 τἰρράτως
1271 2247 1484 2333 ‘infatigabili
1511 2247 1625 2311 modo'

390 2354 632 2441 (uncrmddlied)
656 2357 898 2439 interpretatur,
927 2355 1013 2438 quod
1037 2354 1123 2418 idem
1147 2352 1476 2420 Schleiermacherum
1500 2355 1533 2418 in
1559 2358 1625 2419 Πο-

389 2464 494 2546 λιτεία
516 2461 536 2526 l.
556 2483 581 2527 c.
610 2462 714 2527 facere
742 2461 896 2526 ridemus.
934 2459 998 2526 Sed
1024 2461 1088 2526 hoe
1115 2483 1213 2546 quam
1240 2465 1325 2526 recte
1350 2461 1422 2546 fiat,
1447 2482 1509 2525 nos
1533 2461 1625 2526 valde

389 2568 581 2633 dubitamus.
618 2569 750 2634 Etenim
773 2573 811 2632 ut
833 2567 917 2633 nihil
941 2563 1103 2633 tribuatur
1127 2568 1336 2655 originationi
1359 2568 1498 2633 nominis
1522 2566 1625 2632 aMe-

387 2675 502 2740 thodio
531 2674 660 2758 allatae,
688 2697 883 2759 quamquam
906 2697 977 2739 eam
999 2697 1040 2739 ue
1064 2675 1310 2760 improbabilem
1334 2675 1464 2759 quidem
1487 2696 1555 2739 esse
1579 2675 1625 2739 di-

347 2806 375 2847 ro
388 2783 488 2866 xoris,
510 2782 609 2847 verba
630 2781 776 2847 Platonis
799 2784 884 2868 ipsa,
912 2783 947 2847 in
971 2781 1102 2867 Oratylo
1126 2783 1311 2868 praecipue,
1335 2781 1566 2847 verumetiam
1590 2783 1623 2846 in

389 2893 558 2977 Πολιτείᾳ,
588 2890 616 2954 si
639 2889 711 2975 quis
734 2895 880 2956 accurate
904 2892 1012 2956 omnia
1034 2890 1207 2955 rimabitur
1230 2895 1262 2956 et
1285 2891 1445 2975 duplicem
1468 2891 1661 2976 laborem,9

387 2997 488 3061 animi
516 3001 550 3061 et
577 2997 734 3082 corporis,
763 2998 900 3063 discerni
928 2998 1115 3082 attenderit,
1142 2997 1205 3064 hoc
1230 2998 1371 3063 iudicare
1394 2999 1556 3081 videntur,
1584 2998 1625 3062 ad

388 3104 533 3189 corporis
555 3104 655 3169 robur
675 3108 708 3169 et
726 3105 878 3171 duritiem
896 3126 978 3190 quae
997 3105 1106 3170 labore
1126 3109 1158 3169 et
1177 3106 1382 3170 contentione
1402 3108 1434 3169 et
1453 3105 1623 3171 certamine

387 3231 453 3275 uon
480 3212 659 3277 conteritur
686 3233 745 3277 nec
771 3212 933 3299 frangitur
961 3216 1016 3278 aut
1045 3212 1083 3277 de
1112 3216 1199 3277 statu
1227 3211 1375 3277 deiicitur
1401 3233 1520 3277 nomen
1542 3211 1624 3276 illud

386 3318 511 3401 referri,
543 3340 677 3404 eamque
708 3319 977 3407 significationem
1006 3342 1043 3383 ea
1071 3319 1188 3404 quibus
1216 3319 1282 3384 vim
1309 3320 1398 3385 vocis
1426 3318 1625 3403 explicantes

386 3426 590 3510 grammatici
608 3426 659 3490 usi
678 3430 754 3491 sunt
771 3425 937 3511 vocabula,
961 3429 1107 3511 στερεόν,
1128 3424 1314 3512 ι’σχνρόν*),
1334 3429 1489 3512 σκληρόν,
1508 3428 1623 3491 δυσκί-

385 3554 502 3616 νητον,
529 3533 626 3597 etiam
654 3532 800 3617 ἀσφαλές
828 3537 861 3598 et
888 3533 1072 3617 ἀκάματον,
1099 3533 1305 3618 patefaciunt.
1343 3532 1413 3610 Quo
1442 3534 1545 3619 magis
1570 3533 1623 3598 ab·

386 3660 502 3703 sonum
526 3640 577 3723 sit,
600 3641 628 3704 si
651 3640 722 3724 qui·
742 3649 906 3725 σιωπῆσαι
925 3640 1075 3726 ἀρρατως
1094 3640 1231 3722 dicatum
1254 3640 1311 3705 sed
1329 3662 1396 3705 non
1413 3641 1624 3724 probabilius,

379 3741 416 3809 ‘si
439 3746 516 3829 quid
538 3746 704 3832 sentimus,
726 3749 817 3833 ψυχὴ
840 3748 903 3813 diei
926 3748 1073 3813 videatur
1096 3748 1257 3813 τεθνάναι
1277 3752 1445 3833 μελετῶσα
1464 3747 1623 3834 ἀρρατας.

345 3876 373 3917 ao
386 3851 535 3937 Namque
549 3853 656 3919 anima
670 3876 751 3939 qnae
765 3855 800 3919 in
815 3876 949 3939 corpore
962 3855 1090 3920 vivente
1103 3854 1212 3920 studet
1221 3876 1258 3920 ac
1267 3856 1440 3921 meditatur
1450 3855 1623 3935 τεθνάναι,

385 3961 446 4023 etsi
473 3964 650 4045 καρτερίαν
676 3962 835 4045 quandam
858 3983 987 4027 neeesse
1011 3965 1060 4027 est
1082 3961 1245 4045 adhibeat,
1274 3984 1337 4046 qua
1360 3962 1489 4027 delicias
1513 3967 1546 4026 et
1569 3984 1620 4028 cu-

384 4067 537 4150 piditates
560 4069 704 4152 corporis
728 4070 843 4153 procul
866 4092 885 4133 a
907 4091 941 4133 se
965 4073 1104 4155 spernat,
1127 4073 1234 4133 tamen
1256 4067 1387 4133 Platoni
1410 4069 1437 4133 si
1462 4068 1620 4134 credimus

386 4173 509 4257 optimo
531 4175 608 4239 testi
632 4196 714 4259 quae
737 4175 781 4239 sit
803 4178 962 4241 sententia
984 4184 1045 4241 τοῦ
1069 4175 1226 4261 ἄρρατον,
1248 4175 1328 4241 haec
1350 4173 1466 4260 μελέτη
1490 4176 1529 4241 ad
1551 4175 1619 4260 phi-

384 4279 565 4363 losophiam
587 4282 748 4347 tendentis
772 4283 897 4348 animae
915 4285 1056 4369 ἄρρατος
1075 4282 1230 4367 appellari
1249 4303 1313 4347 non
1332 4287 1468 4367 poterat.
1506 4282 1619 4360 Quam·

386 4384 496 4450 obrem
516 4387 555 4451 ab
575 4388 764 4454 emendandi
783 4390 936 4476 periculo,
960 4390 1128 4477 ingenioso
1148 4388 1205 4454 illo
1226 4390 1354 4473 quidem
1374 4389 1430 4455 sed
1449 4390 1536 4474 quod
1553 4412 1619 4455 nou

492 4578 539 4649 ·2)
558 4580 745 4637 Abundanter
758 4584 808 4638 sed
822 4583 893 4638 mire
907 4583 1034 4652 loquitur
1048 4583 1135 4637 etiam
1150 4585 1248 4639 auctor
1261 4582 1330 4637 belli
1345 4582 1541 4653 Hispaniensis
1556 4600 1619 4638 cum

385 4666 484 4724 scribit
501 4675 527 4736 t,
543 4674 557 4723 7
576 4688 651 4727 αααι
669 4689 702 4727 ατ
719 4675 822 4728 aarum
839 4674 992 4743 respondet,
1011 4680 1044 4729 ut
1060 4675 1141 4729 adeat
1158 4674 1267 4729 οιτνανι
1285 4675 1383 4741 facere.

473 4758 536 4828 '26)
555 4758 671 4816 Diversa
699 4777 760 4816 esee
788 4762 822 4815 de
850 4762 945 4816 anima
969 4778 1042 4830 quae
1066 4761 1199 4816 dicuntur
1221 4762 1372 4831 (Phaedon.
1393 4781 1419 4833 p.
1440 4769 1487 4829 81,
1508 4764 1552 4834 19)
1576 4760 1619 4817 ὅτι

386 4844 500 4917 ἰσχυρόν
518 4844 545 4901 η’
564 4847 638 4905 ἐστιν
657 4849 675 4919 ἡ
694 4849 771 4920 ψυχὴ
792 4851 840 4904 καλ
858 4849 995 4920 θεοειδές,
1014 4868 1070 4907 non
1090 4852 1227 4920 estquod
1246 4854 1402 4907 moueatur.
