3967 5725
560 628 740 679 snruoms
759 630 955 681 russorum
973 630 1271 683 ossurvnrronns
1290 633 1325 683 11.
1512 631 1578 695 385

307 862 310 868 1
341 787 415 852 cula
447 810 529 872 quae
562 789 760 854 desideratur
791 790 826 854 in
853 791 944 856 libris
972 793 1163 876 interposita
1191 794 1298 858 omnia
1326 817 1391 858 una
1420 797 1579 859 sententia

342 897 562 979 amplectatur,
582 895 599 961 δ
619 895 884 980 ἀπονενοημένος
903 902 1053 976 τοιοῦτός
1071 925 1122 976 τις
1140 891 1210 976 οἷος
1225 899 1343 984 ὀμόσαι
1357 903 1450 986 ταχύ,
1469 913 1579 978 κακῶς

341 1002 483 1068 ἀκοῦσαι
509 1001 588 1082 (καὶ)
614 1009 855 1088 λοιδορηθῆναι
880 1007 1067 1090 δυνάμενος
1088 1007 1119 1071 h.
1140 1031 1164 1071 e.
1189 1005 1454 1092 ἀπονενοημένος
1478 1007 1505 1072 is
1530 1010 1579 1072 cst

343 1110 399 1194 qui
423 1107 606 1197 (negligens
629 1115 666 1175 ut
689 1116 738 1176 est
761 1112 966 1199 sacramenti)
989 1113 1074 1178 iuret
1098 1115 1249 1198 celeriter,
1275 1119 1389 1199 utpote
1413 1117 1469 1198 qui
1492 1115 1578 1180 mala

341 1217 429 1281 fama
450 1219 560 1283 vexari
583 1221 615 1282 et
638 1219 793 1284 conviciis
812 1221 880 1304 peti
897 1222 1009 1304 possit
1048 1220 1118 1298 Qua
1136 1221 1170 1284 in
1189 1243 1222 1285 re
1242 1243 1437 1306 quamquam
1456 1222 1496 1286 ab
1515 1223 1578 1287 hoc

342 1325 500 1409 scriptore
523 1325 589 1390 fere
613 1325 752 1391 alienum
777 1331 825 1392 est
847 1329 1012 1414 geminare
1034 1327 1162 1412 similia,
1185 1333 1295 1393 tamen
1312 1329 1464 1394 hocloco
1485 1318 1578 1394 alteri

340 1431 480 1496 alterum
503 1455 543 1496 ex
566 1433 698 1518 paribus
722 1438 754 1498 et
777 1435 908 1519 gravius
931 1434 1017 1499 haud
1037 1435 1219 1500 inconsulto
1239 1435 1399 1500 adnexum
1417 1435 1578 1520 videatur,

342 1539 609 1624 interpolatorem
628 1561 704 1605 vero
723 1540 776 1604 hic
795 1541 874 1625 quid
892 1542 1031 1621 movisse
1050 1542 1195 1625 dicimus,
1214 1547 1251 1606 ut
1269 1543 1378 1608 addito
1398 1542 1496 1607 verbo
1511 1544 1577 1608 vim

342 1647 504 1729 passivam
532 1647 622 1711 verbi
645 1659 752 1724 κακῶς
775 1648 914 1713 ἀκοῦσαι
940 1648 1127 1733 declararet,
1156 1671 1229 1714 cum
1253 1651 1440 1734 praesertim
1467 1652 1577 1714 λοιδο-

342 1760 490 1836 ρηθῆναι
514 1754 700 1836 δυνάμενος
722 1776 819 1838 quam
842 1760 917 1840 apte
941 1755 1079 1839 dicatur,
1102 1756 1153 1820 vel
1175 1756 1373 1821 Philemonis
1397 1778 1507 1822 versus
1531 1757 1578 1821 in·
1593 1785 1620 1823 ιο

342 1859 426 1925 dicio
451 1860 517 1924 sint
541 1859 709 1948 (Meinekii
729 1860 817 1927 Com.
836 1861 945 1928 Graec.
965 1881 1001 1926 1v
1020 1887 1050 1947 p.
1071 1861 1105 1949 9)

579 1968 677 2051 ἥδιον
700 1969 802 2035 οὐδὲν
825 1966 904 2034 οὐδὲ
927 1972 1176 2055 μουσικώτερον

579 2072 645 2141 ἔστ’
673 2077 692 2160 ἢ
717 2076 885 2142 δύνασθαι
909 2078 1172 2161 λοιδορούμενον
1196 2076 1327 2163 φέρειν·

580 2182 597 2247 ὁ
621 2184 787 2268 λοιδορῶν
810 2182 889 2269 γάρ,
912 2185 955 2248 ἀν
978 2183 995 2249 δ
1021 2183 1277 2266 λοιδορούμενος

578 2291 622 2373 μῆ
646 2300 882 2376 προσποιῆται,
907 2293 1106 2375 λοιδορεῖται
1131 2291 1305 2373 λοιδορῶν.

342 2394 406 2460 Sed
423 2396 503 2462 haec
522 2399 597 2460 utut
614 2397 804 2481 iudicantur,
828 2398 973 2479 certiora,
997 2399 1061 2463 nisi
1078 2397 1230 2480 fallimur,
1249 2397 1325 2463 licet
1344 2397 1383 2462 de
1404 2396 1578 2462 Plutarcho

342 2503 564 2569 ratiocinando
584 2506 616 2568 et
635 2505 790 2588 exemplis
810 2505 944 2570 efficere.
978 2504 1080 2582 Quem
1100 2516 1207 2580 κακῶς
1226 2503 1363 2569 ἀκούειν
1382 2527 1418 2568 ea
1432 2506 1465 2568 vi
1481 2526 1579 2588 quam

343 2609 483 2676 Cobetus
508 2610 663 2696 explicuit
685 2612 861 2696 scripsisse,
884 2613 917 2676 id
941 2613 1027 2696 quod
1051 2614 1106 2678 ille
1129 2611 1277 2695 exemplo
1297 2611 1446 2691 firmarit,
1469 2615 1579 2696 potest

342 2722 450 2782 autem
473 2718 644 2803 permultis
667 2718 808 2802 probari,
831 2718 914 2783 nihil
933 2720 1016 2802 miri,
1040 2720 1068 2783 si
1088 2719 1216 2803 quidem
1234 2719 1314 2783 haec
1332 2722 1381 2783 est
1400 2719 1579 2783 communis

343 2825 469 2891 dicendi
491 2826 584 2911 ratio,
608 2847 671 2910 qua
694 2848 788 2911 saepe
811 2826 914 2911 multi,
940 2827 1037 2908 velut,
1061 2825 1149 2892 hunc
1171 2830 1208 2891 ut
1232 2848 1330 2911 supra
1353 2825 1459 2891 allatis
1483 2825 1578 2890 adda·
1592 2850 1619 2891 ιο

342 2956 426 3017 mus,
450 2932 563 3018 Lysias
587 2932 636 3020 (8,
655 2935 684 2998 3.
706 2934 761 3019 153
786 2932 1080 3019 10,11.13)‚us1
1103 2938 1187 2999 suut.
1226 2932 1348 2998 Verum
1371 2938 1480 2997 tamen
1503 2932 1577 2998 Plu-

342 3041 489 3107 tarchum
513 3042 548 3106 in
569 3041 637 3105 vita
660 3040 777 3105 Thesei
799 3062 865 3105 non
886 3042 1052 3125 scripsisse
1071 3063 1153 3124 quae
1171 3041 1263 3105 libris
1283 3041 1455 3105 traduntur
1473 3044 1505 3105 et
1525 3040 1579 3105 ad-

342 3147 407 3213 hue
430 3148 645 3234 vulgabantur
668 3151 722 3213 καὶ
746 3150 809 3232 γάρ
834 3147 851 3213 δ
870 3149 990 3224 Μίνως
1013 3146 1064 3212 ἀεὶ
1089 3146 1225 3212 διετέλει
1245 3158 1351 3224 κακῶς
1371 3146 1504 3211 ἀκούων
1522 3145 1578 3212 καλ

343 3256 601 3341 λοιδορούμενος
620 3254 656 3320 ἐν
675 3267 745 3331 τοῖς
756 3253 913 3330 Ἀττικοῖς
931 3255 1086 3339 θεάτροις
1105 3254 1161 3319 sed
1175 3258 1303 3319 tautum
1320 3253 1456 3319 διετέλει
1470 3265 1579 3330 κακῶς

342 3361 476 3427 ἀκούων
500 3362 535 3427 ἐν
558 3374 629 3439 τοῖς
648 3360 692 3426 Ἀ.
715 3363 882 3446 θεάτροις,
905 3362 991 3426 illius
1016 3365 1124 3425 autem
1148 3360 1329 3445 explicandi
1354 3372 1448 3445 causa
1467 3362 1578 3425 λοιδο-

341 3470 506 3555 ρούμενος
533 3470 574 3534 ab
602 3469 832 3552 interpolatore
860 3469 1033 3554 adiectum,
1066 3465 1206 3532 Cobetus
1235 3490 1329 3553 aegre
1357 3468 1454 3534 fidem
1477 3468 1578 3537 ,faciet

342 3577 559 3641 consideranti
582 3575 717 3641 ethaeo
740 3576 803 3641 duo
826 3598 886 3640 usu
911 3597 1090 3660 synonyma
1113 3595 1182 3638 esse
1205 3578 1237 3637 et
1260 3573 1470 3647 Plutarchum
1494 3573 1578 3638 nihil

341 3685 446 3769 magis
465 3684 500 3748 in
518 3684 641 3749 deliciis
659 3683 809 3749 habuisse
828 3705 925 3767 quam
945 3681 1117 3747 cumulatis
1136 3680 1273 3766 geminis
1293 3681 1431 3746 orationi
1450 3680 1577 3765 pondus

342 3790 467 3874 addere,
491 3792 556 3874 qui,
578 3812 619 3854 ne
641 3790 771 3877 longius
795 3790 955 3873 abeamus,
977 3791 1011 3854 in
1035 3811 1100 3854 uno
1125 3788 1228 3872 capite
1255 3788 1294 3851 17
1320 3787 1461 3852 eiusdem
1481 3785 1578 3851 Vitae

342 3897 457 3963 scribit
494 3897 720 3981 ὀδυρομένους
754 3896 808 3962 καὶ
842 3896 1129 3978 ἀγανακτοῦντας,
1166 3897 1315 3979 γνησίων
1347 3893 1490 3977 ἐρήμους
1521 3891 1577 3956 καὶ
1592 3918 1623 3957 so

342 4006 485 4080 ἀπαιδας
513 4004 811 4088 ἀπολειπομένους,
843 4002 913 4069 ε’πεί
941 4006 1098 4087 δεόμενος
1125 4004 1180 4067 καλ
1208 3999 1433 4066 καθικετεύων
1461 3999 1577 4083 ἀμετά-

340 4128 479 4176 πειστον
507 4112 593 4197 ἑώρα
620 4109 674 4175 καὶ
703 4109 958 4195 ἀμετάτρεπτον,
986 4110 1103 4195 quibus
1130 4132 1170 4174 ex
1193 4131 1217 4174 c.
1240 4108 1280 4172 13
1304 4104 1427 4189 ἔπηλυς
1451 4106 1498 4170 διν
1522 4104 1575 4170 καὶ

340 4216 445 4302 ξένος,
469 4240 493 4283 o.
515 4218 557 4282 14
580 4227 640 4283 τοῦ
663 4216 819 4301 ξενισμοῦ
843 4218 978 4300 καὶτῆς
1002 4217 1170 4301 ὑποδοχῆς
1193 4216 1300 4281 addita
1324 4215 1397 4280 sint.
1433 4212 1475 4277 Ei
1501 4233 1577 4277 vero

341 4326 396 4391 cui
419 4326 498 4390 haec
520 4326 711 4410 placuerunt
731 4325 907 4389 adimentes
925 4324 983 4389 illa
1002 4324 1139 4390 διετέλει
1157 4334 1265 4399 κακῶς
1284 4320 1416 4386 ἀκούων
1433 4318 1488 4384 καὶ
1509 4324 1576 4383 λοι-

342 4434 561 4516 δορούμενος,
589 4432 762 4497 verendum
790 4436 838 4496 est
864 4453 904 4495 ne
927 4454 985 4495 sua
1008 4432 1158 4514 scriptori
1181 4430 1372 4494 auferamus.
1410 4424 1473 4489 Sed
1498 4426 1579 4509 quid

341 4561 404 4604 nos
431 4539 510 4604 haec
538 4539 719 4626 colligendo
748 4561 787 4602 ex
815 4539 887 4602 aliis
916 4538 1000 4603 effici
1027 4537 1197 4601 volumus?
1229 4534 1335 4621 Ipsius
1362 4533 1517 4604 orationis
1543 4533 1578 4597 in

341 4653 497 4734 promptu
521 4652 596 4713 sunt
620 4646 778 4732 exempla,
802 4646 888 4730 quod
912 4667 1014 4732 genus
1038 4646 1073 4709 in
1095 4645 1161 4707 vita
1180 4642 1313 4709 Periclis
1337 4662 1362 4705 c.
1382 4639 1402 4703 5
1425 4639 1579 4705 scribitur

342 4755 655 4841 λοιδορούμενος
678 4763 763 4837 γοῦν
785 4775 865 4818 ποτε
887 4753 951 4817 καὶ
969 4763 1095 4827 κακῶς
1115 4749 1270 4816 ἀκούων
1289 4750 1364 4814 ὑπό
1382 4770 1491 4824 τινος
1509 4758 1578 4813 τῶν

341 4862 519 4947 βδελυρῶν
536 4860 590 4926 καλ
611 4861 803 4927 ἀκολάστων
821 4866 893 4945 κτλ;
912 4881 993 4943 quae
1013 4858 1183 4922 coniuncta
1201 4858 1257 4940 qui
1271 4857 1347 4921 ferri
1361 4876 1456 4939 posse
1470 4858 1577 4940 negat,

398 4976 522 5016 Vahlsni
536 4976 647 5025 opuscula
659 4977 691 5015 IL
1328 4966 1361 5012 25
