3967 5725
465 1593 537 1664 LX.
565 1587 717 1662 INDEX
745 1576 1022 1657 LEOTIONUM
1050 1575 1378 1690 HlBERNARUM
1407 1573 1567 1674 1904s05.

491 1756 734 1823 Enumerationi
748 1754 921 1818 lectionum
940 1750 1193 1816 academicamm
1208 1772 1289 1834 quae
1307 1752 1413 1835 prisco
1432 1774 1521 1817 more
1540 1776 1629 1838 prae·
1647 1767 1667 1822 8

401 1866 529 1929 mittere
547 1862 710 1946 pergimus
729 1857 902 1943 prooemia,
921 1880 958 1922 ea
976 1880 1071 1942 saepe
1089 1857 1252 1922 voluimus
1272 1856 1447 1921 disserendi
1465 1861 1631 1925 materiam

399 1973 542 2052 repetere
570 1989 609 2031 ex
637 1965 853 2048 disceptandis
881 1968 1024 2029 veterum
1053 1965 1246 2049 scriptorum
1274 1963 1325 2030 vel
1354 1969 1523 2048 poetarum
1550 1967 1631 2032 locis

399 2074 467 2139 sive
491 2096 605 2157 parum
633 2070 798 2135 emendate
826 2071 955 2155 scriptis
979 2071 1046 2137 sive
1073 2070 1217 2135 nondum
1240 2072 1318 2135 satis
1341 2072 1515 2136 adrerum
1539 2074 1632 2137 intel-

400 2181 500 2248 lectis.
538 2178 578 2243 ln
601 2200 663 2262 qua
685 2199 720 2241 re
743 2177 790 2242 ita
813 2178 879 2243 fere
903 2178 1021 2243 versati
1044 2199 1164 2261 sumus,
1187 2180 1224 2241 ut
1248 2199 1329 2261 quae
1352 2178 1387 2242 in
1410 2179 1547 2264 singulis
1571 2180 1631 2243 dis-

400 2285 544 2372 putando
568 2285 797 2368 efficiebamus,
821 2286 919 2350 simul
945 2284 985 2349 ad
1009 2285 1192 2348 universum
1216 2284 1372 2349 sermonis
1395 2306 1490 2350 usum
1513 2291 1568 2349 aut
1591 2285 1632 2349 ad

401 2396 569 2478 poetarum
593 2391 827 2477 scriptorumve
854 2393 1084 2476 proprietatem
1110 2390 1270 2474 quandam
1292 2394 1378 2457 recte
1402 2393 1632 2457 aestimandam

401 2500 599 2564 referremus.
643 2497 697 2563 Sic
725 2498 811 2563 enim
839 2498 1032 2583 putabamus
1060 2499 1131 2571 fieri
1162 2519 1257 2581 posse
1289 2501 1326 2561 ut
1352 2497 1413 2562 hae
1441 2498 1631 2582 scriptiones

362 2633 388 2674 ro
403 2607 497 2671 etiam
522 2605 608 2670 ultra
630 2627 685 2672 eos
709 2605 826 2690 quibus
850 2605 999 2690 inprimis
1022 2604 1198 2669 destinatae
1222 2609 1297 2669 sunt
1320 2605 1360 2668 iis
1383 2607 1440 2689 qui
1463 2606 1497 2669 in
1518 2606 1631 2671 alienis

400 2713 582 2778 litterarum
608 2714 728 2797 campis
749 2712 900 2777 habitant
927 2711 1051 2794 aliquid
1074 2710 1102 2776 si
1127 2711 1234 2776 minus
1256 2711 1409 2776 utilitatis
1432 2715 1466 2777 at
1489 2712 1633 2777 iucundi·

401 2818 477 2885 tatis
501 2819 665 2905 afferrent3
688 2819 728 2885 iis
746 2840 822 2884 vero
843 2819 898 2903 qui
916 2818 1047 2903 proprie
1066 2817 1203 2884 adhaec
1222 2818 1328 2884 studia
1346 2818 1483 2892 tendunt
1501 2841 1539 2887 eo
1559 2841 1633 2886 con·

402 2927 474 2991 silio
500 2931 536 2991 ut
559 2949 640 3011 quae
659 2926 830 2992 didicerint
848 2926 1022 3009 aliquando
1046 2926 1154 2990 idonei
1173 2926 1240 2990 sint
1258 2926 1339 2990 alios
1358 2925 1470 2992 docere
1493 2927 1540 2991 ita
1559 2949 1633 2993 con·

401 3033 522 3098 sultum
537 3035 707 3116 voluimus,
725 3036 763 3098 ut
781 3034 816 3097 in
830 3032 1118 3117 disceptationibus
1135 3034 1255 3097 nostris
1271 3033 1437 3117 explicatis
1452 3034 1632 3098 rationibus

402 3140 518 3205 itinera
545 3139 792 3227 argumentandi
819 3139 936 3223 quibus
970 3138 1048 3223 quid
1077 3140 1110 3203 in
1142 3138 1205 3203 hoc
1232 3161 1346 3225 genere
1375 3140 1490 3232 confici
1522 3143 1632 3225 posset

401 3246 622 3332 exemplorum
645 3270 706 3312 usu
729 3247 995 3331 patefaceremus:
1020 3245 1139 3331 quippe
1158 3245 1241 3310 nihil
1259 3246 1298 3310 iis
1322 3246 1434 3311 utilius
1454 3250 1510 3311 aut
1527 3247 1631 3332 magis

401 3355 616 3420 necessarium
632 3376 700 3420 esse
719 3352 955 3418 arbitrabamur
973 3374 1070 3436 quam
1085 3352 1153 3416 rias
1171 3356 1204 3416 et
1218 3352 1330 3418 modos
1348 3354 1496 3439 cognitos
1514 3353 1632 3418 habere

402 3461 520 3545 quibus
542 3465 686 3526 veterum
710 3462 830 3545 scripta
857 3461 988 3524 tractari
1017 3462 1187 3542 oporteret.
1225 3458 1346 3535 Quodsi
1374 3460 1430 3543 qui
1457 3459 1554 3525 hodie
1575 3481 1633 3543 pu-

402 3567 505 3633 blicae
521 3568 721 3632 institutioni
735 3568 918 3651 prospicere
933 3568 1099 3650 cupientes
1114 3566 1148 3629 in
1162 3566 1359 3649 explicandis
1378 3570 1521 3632 veterum
1539 3565 1632 3640 libris

361 3700 388 3740 ao
402 3697 452 3740 res
475 3676 578 3760 magis
602 3696 699 3758 quam
717 3673 824 3756 verba,
848 3672 1023 3737 sententias
1045 3672 1270 3757 potiusquam
1294 3672 1419 3739 dicendi
1442 3673 1563 3737 formas
1586 3677 1632 3737 at

402 3782 578 3847 tondendas
596 3785 629 3845 et
646 3780 883 3866 persequendas
903 3800 971 3845 esse
991 3780 1138 3862 clamant,
1155 3780 1251 3845 liceat
1269 3780 1363 3845 nobis
1382 3779 1415 3843 in
1436 3780 1632 3846 contrarium

401 3910 530 3953 sensum
557 3910 737 3953 asseverare
764 3907 823 3950 nec
850 3908 901 3951 res
928 3907 1024 3970 posse
1051 3889 1136 3951 recte
1164 3887 1316 3972 cognosci
1343 3908 1381 3952 ac
1408 3887 1542 3952 iudicari
1569 3888 1632 3952 nisi

401 3995 531 4078 penitus
544 3998 712 4078 perspecta
730 3993 900 4057 verborum
918 3993 951 4056 vi
970 3996 1003 4057 et
1021 3996 1136 4056 natura
1153 4014 1257 4077 neque
1276 3994 1506 4059 sententiarum
1521 4016 1633 4060 causas

401 4105 435 4165 et
458 4101 593 4167 consilia
616 4100 732 4185 aperiri
751 4100 815 4164 nisi
839 4100 995 4164 orationis
1014 4103 1182 4183 structura,
1206 4121 1287 4183 quae
1309 4101 1397 4165 varia
1415 4104 1464 4166 est
1487 4105 1520 4165 et
1539 4122 1633 4185 saepe

401 4207 574 4293 implicata,
597 4207 836 4274 accuratissime
859 4206 1008 4290 expedita
1031 4210 1064 4270 et
1087 4208 1265 4291 explanata.

492 4312 586 4390 Quod
609 4335 704 4397 qnam
722 4335 835 4377 verum
858 4313 901 4376 sit
919 4311 1048 4377 Horatii
1072 4312 1217 4397 exemplo
1236 4313 1404 4397 probaturi
1428 4335 1537 4379 sumus
1560 4314 1591 4378 h.
1607 4335 1632 4378 e.

402 4420 471 4486 eius
494 4425 609 4505 poetae
628 4442 692 4504 quo
711 4419 834 4484 nullum
855 4418 959 4505 magis
977 4420 1012 4483 in
1032 4417 1262 4503 discipulorum
1281 4420 1420 4485 scamnis
1439 4421 1500 4485 teri
1518 4423 1632 4485 notum

401 4530 451 4591 est
474 4531 506 4591 et
529 4527 621 4592 cuius
643 4530 719 4591 sunt
742 4526 798 4609 qui
819 4526 873 4590 vix
896 4546 965 4590 esse
984 4525 1177 4592 versiculum
1202 4526 1333 4592 credant
1355 4548 1450 4610 quem
1473 4549 1540 4592 non
1563 4548 1632 4611 per-

402 4633 493 4698 ennis
517 4633 580 4698 ista
603 4637 635 4697 et
662 4633 822 4698 indefessa
849 4632 1016 4697 doctorum
1045 4653 1142 4717 opera
1168 4654 1225 4697 sua
1247 4633 1318 4698 luce
1340 4633 1563 4717 impertiverit.
1599 4631 1629 4696 A
1650 4646 1670 4704 4

361 4765 388 4804 :ro
403 4739 521 4823 quibus
544 4762 603 4803 nos
631 4739 727 4826 longe
756 4738 954 4805 discedentes
982 4738 1028 4803 ita
1056 4739 1275 4804 existimamus
1303 4740 1441 4805 multum
1464 4739 1575 4805 abesse
1598 4740 1632 4803 in

402 4843 530 4909 Horatii
550 4845 746 4911 carminibus
769 4850 806 4911 ut
823 4848 1036 4929 interpretum
1061 4869 1136 4911 cura
1154 4846 1238 4910 nihil
1255 4847 1373 4930 reliqui
1391 4846 1503 4913 fecerit
1522 4852 1578 4913 aut
1598 4847 1633 4911 in
