3967 5725
372 593 442 658 400
602 597 676 648 mu.
695 596 810 646 mcxx
828 596 1043 648 nessiorum
1061 595 1293 648 Ansrrvsucm
1313 599 1391 648 1901.

369 757 525 841 quireret,
556 760 587 821 et
616 779 697 841 quos
721 756 947 822 Lachmannus
969 755 1063 822 Accii
1087 756 1242 822 Sotadeos
1271 779 1340 823 esse
1367 757 1472 822 voluit
1497 759 1605 823 nullos

368 886 438 930 esse
457 863 627 947 intellexit,
646 867 678 928 et
696 863 848 948 reliquias
864 881 1126 929 urnsscnnrcorr
1143 864 1261 929 habere
1275 865 1348 930 illas
1364 864 1492 948 quidem
1507 866 1605 930 etiam

368 971 545 1036 versiculos
567 994 669 1036 unum
692 975 724 1036 et
747 971 893 1056 alterum,
918 971 972 1035 sed
996 971 1078 1035 elius
1101 971 1237 1057 generis,
1260 993 1326 1035 non
1349 971 1482 1058 ionicos,
1504 971 1607 1056 plera·

369 1101 431 1164 que
455 1083 604 1166 autema
623 1078 726 1144 doctis
744 1078 931 1144 hominibus
950 1079 1052 1143 invite
1070 1079 1105 1142 in
1123 1100 1274 1142 versuum
1293 1100 1477 1143 mensuram
1495 1083 1607 1145 coacta

369 1185 549 1270 pedestrem
577 1207 653 1269 prae
682 1206 716 1249 se
738 1185 822 1249 ferre
846 1206 1026 1249 sermonem
1050 1185 1112 1249 sibi
1135 1186 1310 1270 persuasit:
1336 1187 1447 1270 itaque
1469 1183 1605 1252 Accium

369 1293 487 1356 statuit
508 1291 571 1356 hoc
595 1314 677 1376 opus
698 1291 891 1356 litterarium
914 1293 1061 1356 universe
1081 1314 1260 1357 sermonem
1279 1313 1348 1357 esse
1366 1292 1517 1377 voluisse,
1540 1313 1607 1356 uon

369 1420 507 1482 carmen,
530 1398 687 1464 immixtis
711 1402 818 1463 tamen
840 1397 895 1463 hic
918 1398 986 1465 illic
1010 1398 1167 1482 versibus,
1191 1399 1303 1464 alienis
1327 1402 1384 1463 eut
1406 1399 1482 1482 suis,
1504 1403 1541 1464 ut
1565 1399 1607 1462 ad

368 1510 496 1571 saturae
524 1505 744 1570 Varronianae
776 1508 923 1571 naturam
955 1506 1089 1589 propius
1122 1505 1271 1571 accedere
1304 1505 1473 1570 videretur.
1516 1505 1606 1570 Haec

369 1613 424 1677 ille
451 1612 605 1690 breviter,
632 1616 670 1676 ut
700 1611 795 1695 solet,
823 1612 879 1676 sed
905 1611 1030 1696 liquido
1059 1612 1209 1695 exposuit
1236 1612 1270 1676 in
1297 1635 1378 1677 mus.
1416 1611 1518 1676 Rhea.
1542 1615 1605 1678 vol.

330 1743 357 1784 ro
369 1736 467 1783 xxxv
486 1716 604 1805 (1880)
623 1742 653 1805 p.
672 1718 748 1783 401.
784 1716 876 1783 Accii
903 1718 1014 1805 verba,
1042 1740 1124 1802 quae
1150 1740 1210 1783 nos
1238 1719 1444 1803 disceptanda
1470 1723 1606 1806 sumpsi-

369 1847 452 1911 mus,
475 1847 540 1890 non
563 1826 683 1912 attigit,
706 1847 772 1891 non
796 1825 883 1909 quod
905 1829 1046 1910 negmet,
1069 1825 1248 1908 opinamur,
1271 1847 1308 1889 ea
1330 1830 1418 1892 recte
1441 1827 1483 1890 ed
1504 1845 1606 1892 mne-

370 1949 543 1998 scanrcorr
567 1954 648 2017 opas
671 1932 797 2017 referri,
825 1932 880 1998 sed
904 1932 980 2015 quia
1003 1933 1108 1998 noluit
1130 1933 1194 1998 nisi
1217 1932 1256 1996 de
1279 1933 1319 1996 iis
1343 1955 1438 2018 agere
1461 1956 1543 2018 quae
1566 1935 1607 2000 ad

369 2062 425 2105 eos
448 2039 550 2106 libros
572 2040 732 2123 pertinere
756 2039 941 2104 testimonio
966 2042 1137 2123 constaret,
1161 2039 1216 2104 sed
1239 2062 1277 2105 ea
1295 2041 1393 2106 verba
1411 2062 1485 2106 eum
1503 2046 1607 2106 metro

369 2147 495 2213 inclusa
526 2146 678 2211 maluisse
712 2168 809 2230 quam
841 2145 1003 2229 pedestria
1030 2145 1148 2210 habere
1177 2145 1329 2212 credibile
1356 2169 1423 2212 uon
1450 2158 1507 2213 est.
1546 2147 1606 2214 (lui

369 2255 518 2338 opinioni
540 2276 599 2320 nos
622 2253 730 2318 favere
753 2274 826 2317 cum
850 2275 947 2336 supra
969 2254 1034 2318 iem
1058 2253 1274 2338 significatum
1297 2253 1354 2337 sit,
1377 2257 1449 2318 tum
1472 2255 1512 2319 ed
1535 2277 1606 2320 eam
1620 2304 1636 2312 -

369 2361 601 2427 defendendam
624 2361 762 2425 fortasse
785 2359 962 2445 disputatio
985 2363 1098 2424 nostra
1121 2359 1270 2426 nonnihil
1293 2361 1445 2426 conferet.

459 2466 506 2533 Ut
523 2467 746 2533 Hermaunum
764 2466 973 2549 Ritschelius,
985 2467 1042 2538 ⁴ita
1059 2466 1290 2533 Buechelerum
1311 2469 1438 2553 excepit
1456 2468 1531 2554 Leo,
1550 2471 1607 2554 qui

370 2577 404 2640 in
432 2574 498 2640 illis
527 2574 666 2662 egregiis
690 2572 941 2650 Quaestionibus
963 2572 1124 2639 Plautinis
1148 2572 1194 2660 (p.
1213 2573 1272 2661 32)
1299 2575 1363 2640 hoc
1385 2575 1607 2641 testimonium

370 2680 464 2747 Accii
492 2683 531 2746 de
552 2680 661 2745 Plauti
684 2680 803 2745 fabulis
827 2681 860 2744 in
884 2685 1071 2746 transcursu
1096 2681 1200 2766 magis
1224 2703 1321 2766 quem
1343 2686 1414 2746 tota
1438 2703 1533 2747 causa
1555 2705 1608 2747 ex-

328 2813 357 2852 ea
372 2790 480 2876 posita
504 2789 657 2853 tractavit
685 2789 731 2852 ita
753 2791 846 2852 utet
869 2787 1050 2852 Ritscbelio
1077 2809 1186 2852 versus
1210 2788 1370 2854 obtinenti
1394 2789 1522 2854 obviam
1546 2791 1607 2854 iret

371 2900 404 2961 et
426 2896 616 2963 Buechelsri
641 2895 824 2961 rationibus
854 2896 999 2980 probatis
1026 2895 1110 2961 hauc
1132 2897 1313 2981 pedestrem
1336 2918 1406 2963 esse
1429 2898 1607 2963 orationem

371 3004 590 3087 confirmaret,
618 3003 674 3067 sed
702 3004 840 3068 maxime
868 3002 908 3068 ad
936 3003 1160 3088 explicandam
1190 3004 1345 3069 orationis
1372 3005 1510 3069 formam
1537 3010 1644 3069 ver-6

371 3111 553 3196 bonumque
568 3113 760 3177 sententiam
774 3111 978 3194 aperiendam
993 3132 1027 3175 se
1043 3110 1140 3175 daret.
1172 3109 1204 3175 Is
1220 3110 1304 3174 enim
1319 3111 1471 3195 quoniam
1488 3110 1607 3195 duplex

369 3217 478 3284 Plauti
500 3240 620 3283 nomen
641 3219 676 3283 in
699 3218 909 3303 superstitum
932 3217 1118 3282 fabularum
1141 3217 1285 3303 prologis
1305 3218 1453 3301 occurrit,
1476 3219 1511 3283 in
1528 3240 1606 3304 pau-

370 3327 417 3390 cis
440 3325 561 3406 Praeti,
584 3326 683 3391 semel
705 3326 740 3391 in
762 3325 940 3391 Mercatore
958 3324 1068 3389 Macci
1088 3325 1161 3403 Titi,
1184 3325 1269 3389 hanc
1291 3326 1477 3409 opinionem
1498 3330 1606 3390 mente

371 3433 533 3516 concepit,
555 3431 704 3517 Accium,
727 3434 819 3497 cuius
841 3432 941 3497 verba
962 3430 1096 3496 eandem
1118 3432 1260 3496 nominis
1283 3432 1531 3516 discrepantiam
1550 3432 1605 3496 ba

369 3538 461 3623 bent‚
489 3561 543 3604 eas
569 3540 708 3623 fabulas,
736 3562 816 3623 quas
839 3543 937 3625 negat
958 3537 1127 3603 Plautinas
1151 3560 1234 3623 esse,
1262 3538 1471 3625 prologorum
1496 3562 1606 3605 earum

371 3646 496 3710 ratione
518 3645 638 3730 habite,
659 3651 716 3711 aut
740 3646 853 3712 Pleas
875 3668 945 3710 esse
968 3649 1026 3710 aut
1048 3646 1157 3711 Macci
1176 3647 1243 3710 Titi
1265 3646 1468 3731 negitevisse‚
1491 3651 1605 3731 utpote

373 3752 429 3837 qui
451 3754 606 3841 prologis,
629 3755 684 3838 qui
707 3776 773 3819 non
798 3754 864 3818 siut
881 3751 1034 3837 Plautini,
1057 3752 1153 3816 fidem
1172 3774 1239 3817 uon
1257 3774 1325 3817 esse
1344 3752 1523 3818 habendam
1543 3753 1605 3818 sibi

327 3882 357 3923 so
370 3861 596 3946 persuasisset3
624 3862 679 3925 sed
705 3860 842 3926 Accium
868 3881 935 3924 non
963 3860 1145 3924 substitisse
1173 3860 1208 3924 in
1236 3858 1454 3925 discernendis
1479 3859 1605 3924 duobus

371 3966 543 4052 generibus
570 3966 753 4033 fabularum
776 3968 858 4033 falso
882 3966 923 4030 ad
944 3965 1098 4031 Plautum
1121 3968 1292 4031 relatarum
1317 3967 1374 4031 sed
1395 3968 1529 4031 tertium
1553 3965 1606 4028 ad·

372 4072 490 4137 didisse
514 4074 602 4158 quod
623 4073 765 4139 medium
783 4076 869 4139 inter
887 4073 944 4138 illa
964 4073 1027 4137 duo
1046 4072 1173 4137 diverso
1191 4072 1299 4138 Plauti
1317 4075 1450 4138 nomine
1468 4072 1606 4138 discreta

371 4180 566 4247 intercedere
584 4180 749 4264 voluisset,
768 4185 800 4245 et
817 4181 878 4246 hae
897 4182 974 4266 quis
991 4179 1119 4245 fabulae
1138 4185 1245 4245 essent
1262 4180 1387 4266 origine
1399 4202 1467 4245 non
1480 4184 1605 4265 testata,

367 4288 412 4351 ad
425 4310 478 4351 eas
492 4288 583 4352 nullo
591 4287 702 4353 Plauti
714 4288 845 4353 nomine
858 4288 982 4353 adiecto
998 4287 1096 4352 verbs
1108 4308 1259 4368 umquam
1271 4289 1336 4370 suit
1348 4286 1605 4375 adscripsisse*).

460 4500 524 4570 ⁸84)
542 4500 575 4553 ln
598 4500 782 4554 adnotatione
803 4499 933 4569 ponimus
956 4498 1043 4553 verba
1066 4499 1130 4567 ipsa
1152 4498 1258 4554 eruditi
1281 4498 1347 4567 viri,
1370 4515 1456 4567 quae,
1474 4500 1551 4567 quod
1569 4515 1605 4553 ne

368 4589 464 4656 ipsum
482 4590 597 4655 quidem
616 4589 700 4659 fugit,
717 4589 826 4643 babent
844 4588 954 4658 aliquid
972 4587 1151 4642 difficultatis
1165 4588 1326 4658 intelligere
1340 4588 1475 4657 cupienti,
1494 4588 1518 4641 si
1532 4586 1605 4640 forte

369 4677 468 4731 invitis
490 4677 573 4732 nobis
597 4678 733 4731 acciderit
754 4681 788 4731 ut
810 4678 846 4732 de
869 4679 929 4731 eius
952 4678 1096 4731 sententis
1117 4694 1174 4731 nou
1198 4678 1267 4731 satis
1290 4680 1366 4731 recte
1390 4680 1517 4731 autnon
1536 4675 1605 4729 satia

370 4766 455 4836 plene
477 4766 652 4821 mfenemus
685 4767 790 4821 Scribit
811 4768 901 4836 igitur
922 4767 942 4819 1.
961 4784 983 4820 s.
1004 4785 1026 4821 c.
1050 4766 1134 4820 haec:
1157 4768 1195 4821 In
1214 4769 1266 4821 den
1284 4766 1422 4836 Proloyea
1439 4783 1475 4820 aa
1495 4766 1607 4821 Gemini

367 4858 493 4922 knones,
517 4856 693 4919 Condalium,
718 4858 800 4911 Anas
817 4873 877 4909 war
894 4858 943 4910 der
962 4856 1076 4911 Genetes
1094 4856 1141 4911 dea
1163 4856 1391 4911 Ds'clstemcm
1412 4856 1545 4919 Plauti,
1569 4870 1607 4909 aas
