3967 5725
583 658 635 706 DE
653 656 821 709 scfloms
838 657 879 708 m
896 657 1131 709 ARISTOTELIS
1150 655 1396 709 RHETORICAM.
1541 653 1606 718 4ῗ7

373 819 461 883 enim
483 817 593 883 Herm.
612 817 755 883 Dielsius
777 817 903 904 collega
919 823 1032 883 noster
1053 819 1087 882 in
1110 818 1231 884 illustri
1249 817 1520 884 commentatione
1539 837 1609 884 aca-

374 926 499 989 demica
525 949 553 991 a
578 925 679 1009 1886,
707 947 772 1010 qua
797 926 930 990 tertium
957 925 1138 991 rhetoricae
1165 923 1285 990 librum
1314 947 1388 992 vero
1416 945 1499 1008 esse,
1523 925 1609 1009 quod

375 1034 570 1118 dubitarunt,
587 1031 819 1098 Aristotelem
842 1032 1084 1116 demonstravit,
1108 1031 1153 1118 (p.
1170 1031 1244 1119 ln.)
1263 1033 1346 1099 falso
1370 1034 1405 1098 in
1422 1029 1609 1098 Aristotelis

375 1143 555 1208 orationem
577 1141 669 1206 illata
691 1141 733 1205 ab
756 1140 914 1207 hocloco
936 1139 1131 1205 removenda
1157 1161 1227 1204 esse
1255 1141 1372 1224 posuit.
1415 1137 1539 1217 Quibus
1562 1159 1609 1204 re-
1713 1187 1716 1193 -

375 1248 484 1316 scissis
502 1250 663 1313 sententia
679 1252 768 1313 recte
784 1247 931 1332 procedit
950 1248 1002 1314 δεῖ
1019 1243 1057 1312 δὲ
1077 1248 1140 1331 τὴν
1157 1247 1318 1334 περίοδον
1336 1247 1390 1313 καί
1414 1255 1453 1334 τῇ
1477 1247 1609 1333 διανοίᾳ

374 1361 620 1438 τετελειῶσθαι,
642 1353 698 1420 καί
721 1356 765 1440 μὴ
788 1356 1039 1437 διατάττεσθαι,
1064 1354 1257 1419 “Καλυδδιν
1279 1350 1341 1439 plu
1364 1355 1423 1437 ἥδε
1446 1365 1524 1438 γαῖα
1544 1357 1609 1419 Πε-

374 1464 510 1540 λοπείας
527 1462 687 1546 χθονός’,
704 1462 767 1526 hoc
781 1483 885 1546 versu,
903 1462 991 1546 quod
1014 1465 1063 1527 est
1081 1461 1264 1546 exemplum
1283 1470 1344 1527 τοῦ
1358 1462 1609 1544 διακόπτεσδαι,

374 1571 475 1634 libere
497 1567 699 1654 interposito.
732 1568 856 1633 Verum
874 1568 960 1633 idem
984 1570 1071 1652 quod
1089 1569 1149 1634 hac
1167 1569 1292 1634 ratione
1315 1568 1403 1634 haud
1425 1567 1540 1634 inscite
1563 1567 1609 1633 in-

375 1677 531 1761 stituitur,
553 1675 673 1742 licebat
690 1676 828 1741 fortasse
846 1677 960 1741 iisdem
984 1675 1091 1741 verbis
1109 1697 1176 1742 non
1195 1676 1308 1741 deletis
1328 1676 1384 1740 sed
1402 1675 1609 1760 transpositis

375 1785 504 1869 assequi
527 1806 594 1849 non
616 1782 873 1867 improbabilius,
895 1782 958 1849 hoo
975 1782 1074 1848 modo
1098 1784 1150 1850 δεῖ
1173 1780 1211 1849 δὲ
1233 1783 1296 1868 τὴν
1313 1783 1474 1870 περίοδον
1496 1781 1551 1848 καί
1570 1791 1608 1869 τῇ
1624 1803 1651 1845 ιο

299 1895 306 1909 ’
376 1893 509 1978 διανοίᾳ
531 1894 774 1974 τετελειῶοθαι,
796 1890 924 1975 ὥσπερ
947 1892 993 1953 τὰ
1012 1888 1270 1974 Σοφοκλέους
1294 1892 1469 1976 ἰαμβεῖα,
1492 1888 1610 1974 καὶμὴ

376 1999 630 2079 διακόπτεοδαι,
658 1997 853 2064 “Καλυδὼν
879 1997 942 2082 μὲν
968 1996 1051 2080 ἥδε”
1080 2001 1149 2062 κτλ.
1189 1995 1275 2062 Nam
1303 1997 1351 2064 sic
1384 2018 1512 2082 quoqne
1544 2018 1610 2062 non

376 2104 604 2170 offendendum
627 2105 734 2170 estin
757 2126 804 2189 eo,
827 2104 916 2188 quod
937 2125 1049 2169 versus
1072 2103 1163 2169 nullo
1183 2108 1314 2170 auctore
1338 2107 1371 2170 et
1393 2125 1433 2170 ne
1452 2103 1610 2189 particula

376 2211 505 2295 quidem
529 2212 672 2277 adnexus
695 2212 840 2276 affertur:
865 2211 903 2275 de
926 2232 990 2295 quo
1015 2232 1132 2298 genere
1155 2233 1259 2297 nuper
1281 2211 1422 2276 diximus
1446 2210 1481 2276 in
1503 2209 1609 2295 dispu-

375 2319 498 2384 tatione
526 2319 709 2385 academioa
736 2341 762 2383 a.
789 2318 875 2383 1902
897 2342 930 2403 p.
950 2319 1024 2384 177.
1061 2318 1106 2383 Et
1133 2319 1211 2383 haec
1240 2318 1370 2403 quidem
1394 2317 1608 2384 conformatio

374 2426 473 2491 habet
491 2449 555 2510 quo
575 2447 610 2492 se
627 2427 743 2511 probet
761 2425 954 2492 scholiastae
972 2425 1213 2510 auctoritatem,
1237 2426 1294 2511 qui
1313 2425 1449 2491 eundem
1468 2425 1502 2491 in
1521 2446 1609 2490 enar-

375 2532 475 2598 rando
499 2535 644 2599 ordinem
668 2537 798 2600 secutus
821 2537 883 2617 est,
908 2532 1046 2617 195,18
1070 2535 1124 2600 δεῖ
1141 2533 1178 2599 δί
1192 2535 1254 2618 τὴν
1267 2534 1428 2619 περίοδον
1447 2532 1609 2618 ἀπαρτί-

376 2645 460 2720 ζειν
491 2642 678 2707 διάνοιαν
709 2645 879 2721 τελείαν,
913 2633 967 2707 οἶοί
1000 2643 1065 2707 εἰσι
1097 2638 1152 2706 καί
1182 2641 1227 2704 τὰ
1255 2649 1325 2706 τοῦ
1354 2638 1610 2725 Σοφοκλέους

376 2751 535 2833 ἰαμβεῖα
553 2787 598 2796 -
617 2787 660 2796 -
684 2748 727 2813 25
746 2748 767 2832 ἡ
791 2749 850 2832 ὅλη
874 2757 959 2831 γοῦν
987 2749 1143 2835 περίοδος
1170 2747 1298 2833 ὀφείλει
1326 2746 1516 2832 ἀπαρτίζειν
1539 2747 1610 2812 διά-

374 2881 473 2923 νοιαν
495 2854 550 2922 καί
570 2857 607 2922 τὸ
627 2857 708 2923 ὅλον
730 2862 850 2940 κῶλον,
873 2857 922 2942 μὴ
945 2854 1082 2941 μέντοι
1106 2879 1147 2939 γε
1167 2852 1207 2921 δὲ
1227 2857 1519 2921 essecestram
1537 2864 1650 2933 ταῖςιν

375 2976 528 3049 στιγμαῖς
550 2970 619 3030 κτλ.
652 2962 736 3040 Quid
754 2985 832 3050 ergo
856 2965 927 3029 est?
951 2964 1153 3030 credimusne
1171 2964 1257 3028 hunc
1276 2963 1484 3047 interpretem
1504 2961 1611 3047 dispo-

375 3072 524 3137 sitionem
555 3092 698 3136 servasse
726 3094 795 3136 eam
824 3093 888 3155 qua
914 3070 1106 3135 Aristoteles
1138 3068 1197 3134 has
1230 3071 1406 3134 sententias
1441 3072 1609 3134 exsecutus

375 3179 466 3243 erat?
501 3177 590 3255 Quae
615 3176 688 3242 Chr.
710 3177 794 3264 Aug.
815 3176 978 3242 Brandisii
1004 3176 1068 3241 fuit
1093 3176 1203 3260 opinio
1231 3173 1487 3261 (Philol1v47)
1518 3174 1610 3240 sobo·

374 3286 505 3351 liastam
528 3286 563 3349 in
586 3307 645 3350 suo
669 3283 848 3350 rhetoricae
872 3280 1047 3368 exemplari
1075 3282 1154 3347 haec
1177 3282 1244 3347 fere
1266 3282 1384 3367 legisse
1408 3280 1609 3347 coniicientis

375 3393 428 3458 δεῖ
459 3394 520 3477 τὴν
551 3413 584 3458 π.
616 3401 656 3478 τῇ
687 3393 820 3478 διανοίᾳ
851 3395 1085 3457 τετελειῶοθαι
1118 3390 1245 3474 ὥσπερ
1279 3390 1323 3455 sd
1354 3386 1609 3473 Σοφοκλέους

376 3498 637 3584 ἰαμβεῖα,καί
661 3501 710 3584 μὴ
734 3500 1023 3564 διακόπτεσθαι
1052 3498 1179 3580 ὥσπερ
1208 3496 1253 3561 τδ
1275 3504 1345 3561 τοῦ
1369 3494 1608 3582 Εὐριπίδου,

376 3607 570 3672 “Καλυδὼν
596 3603 658 3692 μὲν
685 3605 768 3689 ἡδέ’
796 3609 864 3670 κτλ
896 3603 942 3668 Αἰ
968 3624 1029 3668 ιιοε
1056 3603 1118 3667 etsi
1145 3624 1210 3667 non
1238 3602 1324 3689 fugit
1348 3600 1425 3687 quid
1449 3602 1609 3667 commodi

375 3716 580 3779 nanciscatur
603 3714 707 3778 oratio
727 3714 793 3777 sive
816 3712 952 3778 sublatis
971 3710 1078 3776 verbis
1102 3710 1211 3794 ὥσπερ
1235 3710 1275 3775 τδι
1295 3706 1513 3793 Σοφοκλέους
1536 3710 1609 3793 iap-

374 3824 449 3904 βεῖα
472 3822 539 3886 sive
562 3820 716 3904 traiectis,
738 3822 847 3885 tamen
866 3817 1051 3883 dubitamus
1071 3817 1165 3882 alteri
1190 3816 1256 3881 utri
1278 3816 1394 3881 harum
1419 3814 1608 3881 emendandi

374 3927 495 3992 rationi
518 3928 727 3993 subscribere.
760 3924 830 3991 Nos
849 3926 935 3990 enim
958 3924 1077 3989 retinet
1099 3944 1165 3988 non
1187 3926 1255 3989 tam
1274 3922 1390 4009 exigua
1413 3920 1493 3987 fides
1513 3943 1608 4006 quam
1623 3948 1649 3990 so

325 4080 332 4095 .
376 4033 569 4099 scholiastae
588 4034 771 4116 tribuimus,
791 4032 846 4117 qui
865 4054 931 4097 non
950 4032 1034 4096 solet
1054 4030 1132 4097 adeo
1152 4052 1186 4095 se
1205 4030 1329 4096 auctori
1349 4050 1407 4097 suo
1427 4028 1609 4114 mancipare

376 4141 455 4225 quin
478 4142 607 4227 longius
630 4162 872 4225 nonnumquam
896 4139 935 4204 ab
960 4137 1030 4203 eius
1049 4138 1195 4223 vestigiis
1214 4136 1324 4202 abiens
1348 4140 1490 4224 vagetur,
1513 4158 1609 4221 quam

376 4248 464 4333 quod
487 4270 570 4333 quae
594 4247 629 4312 in
651 4246 813 4312 rhetorica
836 4248 989 4333 leguntur
1011 4244 1169 4310 librorum
1188 4242 1344 4309 beneflcio
1368 4243 1487 4310 tradita
1509 4266 1549 4309 ne
1573 4264 1609 4309 ea

376 4355 505 4440 quidem
525 4377 590 4420 non
610 4376 669 4419 sua
688 4354 902 4438 explicatione
921 4350 1021 4418 tutari
1039 4350 1147 4417 boeot:
1172 4353 1223 4417 δεῖ
1242 4347 1279 4416 δὲ
1298 4351 1359 4435 τὴν
1377 4350 1537 4436 περίοδον
1555 4348 1609 4417 καί

375 4472 415 4547 τῇ
445 4463 580 4548 διανοίᾳ
606 4465 839 4527 τετελειῶσθαι
865 4456 920 4525 καί
948 4458 992 4543 μὴ
1021 4458 1261 4524 διακόπτεσδαι
1290 4458 1399 4541 ὥσπερ
1427 4458 1468 4524 τδι
1496 4460 1610 4542 Σοφο-

374 4567 493 4647 κλέους
522 4570 662 4653 ἰαμβεῖα.
709 4566 797 4644 Quae
825 4566 911 4632 enim
939 4566 1091 4649 copulata
1119 4567 1195 4629 sunt
1222 4568 1456 4630 recalescebat
1482 4561 1537 4629 καί
1565 4564 1609 4648 μὴ

377 4675 475 4758 διακ,
490 4675 589 4762 vulgo
608 4694 674 4739 non
694 4676 768 4759 opto
786 4672 994 4738 distinctione
1014 4674 1213 4757 separantur,
1232 4670 1352 4756 quippe
1375 4670 1411 4736 in
1424 4692 1521 4735 unam
1541 4692 1609 4737 sen-

375 4782 512 4846 tentiam
536 4782 685 4849 coeuntia
707 4802 746 4846 ex
770 4801 808 4845 eo
831 4802 892 4845 usu
911 4778 967 4863 qui
989 4778 1111 4844 multus
1130 4781 1188 4863 est,
1212 4798 1276 4863 quo
1295 4777 1437 4843 velutin
1456 4778 1538 4844 rhet.
1552 4796 1565 4842 1
1580 4777 1609 4863 9,

378 4888 463 4954 1367
477 4912 496 4953 a
511 4888 554 4954 20
568 4886 721 4954 scribitur
734 4884 866 4973 (καλὸν)
880 4884 936 4951 ιιαί
951 4886 988 4952 τὸ
1003 4887 1083 4963 τοὺς
1095 4885 1238 4971 ἐχθροὺς
1248 4892 1467 4971 τιμωρεῖσθαι
1482 4888 1610 4970 μᾶλλον
