3967 5725
633 606 684 655 nn
702 606 932 657 mmsnnrvuo
950 605 1111 657 vmnuro
1128 605 1284 656 nixum.
1515 604 1579 668 147

347 764 470 849 scripta
506 770 596 829 eraut
628 771 703 831 ante
738 788 882 831 rasuram
918 768 953 830 in
984 765 1155 850 Beruensi3
1191 765 1247 830 sed
1283 789 1322 830 ea
1357 766 1475 831 vitiosa
1510 788 1580 832 esse

346 876 423 956 post
453 870 510 936 illu
536 872 657 953 saionem
680 873 763 954 def.
786 894 827 937 m.
849 875 997 938 00011010
1028 895 1095 937 non
1126 878 1176 939 est
1208 872 1295 957 quod
1328 874 1441 938 multis
1471 873 1580 939 verbis

349 977 585 1063 comprobetur.
634 978 749 1063 Itaque
785 1001 857 1043 oum
894 978 1026 1046 Halmio
1062 980 1232 1064 Kempfius
1265 1002 1304 1044 ea
1339 981 1469 1045 induxit
1499 985 1580 1046 tam·

349 1107 446 1169 quam
476 1086 594 1171 spuria
639 1085 680 1150 In
709 1108 774 1170 qua
802 1108 837 1151 ro
865 1086 928 1151 niti
958 1087 1089 1171 quidem
1118 1090 1256 1171 possunt
1282 1086 1408 1152 Paridis
1437 1088 1581 1172 epitoma

346 1194 428 1259 haec
458 1193 557 1258 verba
588 1195 775 1259 omittentis.
821 1191 885 1258 Sed
916 1192 1014 1257 huius
1045 1195 1205 1278 epitomae
1240 1197 1366 1259 auctori
1402 1195 1581 1260 cavendum

347 1306 398 1366 est
437 1322 478 1364 ne
518 1300 655 1365 nimium
696 1300 874 1384 tribuatur,
915 1302 972 1385 qui
1012 1322 1054 1364 ne
1095 1300 1220 1386 reliqua
1261 1302 1392 1385 quidem
1433 1305 1580 1367 accurate

347 1407 486 1479 reddidit
516 1411 550 1471 et
578 1406 658 1471 haec
687 1408 784 1471 verba
813 1406 943 1473 inutilia
968 1430 1007 1471 ac
1033 1428 1185 1491 perversa
1210 1408 1239 1474 si
1266 1408 1332 1474 iam
1361 1407 1491 1494 legebat
1520 1430 1581 1474 sua

348 1520 463 1601 sponte
485 1515 739 1598 praetermittere
762 1515 878 1598 potuit
917 1512 981 1579 Sed
1003 1516 1033 1579 si
1060 1536 1098 1579 ea
1123 1515 1205 1580 falso
1232 1538 1331 1580 manu
1357 1514 1483 1580 adiecta
1508 1536 1578 1579 esse

346 1622 511 1705 volumus,
539 1642 636 1705 quam
664 1622 732 1685 eius
758 1620 972 1686 additamenti
996 1643 1124 1687 caumm
1151 1626 1208 1687 aut
1235 1622 1392 1707 originem
1419 1621 1578 1687 dicimus?

347 1729 436 1806 Quae
450 1726 630 1813 quianulla
643 1728 861 1814 cognoscitur,
878 1729 1086 1793 verisimilius
1100 1733 1149 1793 est
1167 1750 1205 1794 ea
1223 1733 1377 1814 corrupta
1393 1750 1463 1795 osse
1482 1750 1579 1813 quam
1593 1758 1620 1798 ιο

347 1835 508 1920 additicia,
535 1856 596 1899 nec
622 1836 769 1920 ineptum
796 1840 846 1901 est
869 1857 1021 1919 quaerere
1044 1836 1234 1919 ecquidnam
1257 1836 1346 1901 aliud
1367 1836 1505 1901 fortasse
1528 1836 1579 1899 de·

344 1947 479 2028 provata
504 1942 610 2006 forma
636 1941 820 2007 abscondat
865 1940 904 2006 Id
931 1943 1011 2027 quid
1038 1947 1124 2007 esset
1152 1942 1299 2007 Gertaius
1327 1943 1495 2028 indagavit
1522 1942 1579 2027 qui

344 2050 400 2115 nbi
421 2054 490 2115 erat
510 2048 618 2115 001000
644 2048 849 2115 scribendum
877 2050 1029 2133 coniecit,
1056 2071 1143 2115 nunc
1170 2050 1310 2134 quidem,
1335 2051 1400 2115 nisi
1426 2050 1580 2135 fallimur,

343 2178 411 2227 non
432 2156 521 2221 felici
544 2156 742 2228 divinatione
765 2178 857 2241 usus,
885 2158 1039 2241 quoniam
1063 2178 1145 2241 quae
1168 2155 1259 2221 addit
1281 2159 1406 2241 etipsa
1429 2178 1579 2243 supervo·

345 2285 443 2328 cauea
465 2267 596 2328 suntet
618 2262 780 2348 languida
815 2262 921 2328 Nobis
945 2286 1046 2328 unum
1068 2264 1197 2327 videtur
1218 2285 1286 2327 non
1308 2264 1510 2329 incommode
1538 2263 1579 2328 ad

343 2369 572 2456 perficiendam
595 2372 788 2435 sententiam
806 2370 881 2435 addi
899 2370 1054 2455 potuisse,
1077 2369 1201 2435 scilicet
1217 2370 1352 2435 unicum
1369 2370 1457 2435 hunc
1474 2371 1579 2436 filium

343 2478 459 2563 fuisse,
486 2498 551 2562 quo
579 2481 708 2541 mortuo
736 2481 829 2561 pater
857 2499 916 2543 suo
943 2478 1014 2542 iure
1042 2476 1123 2543 ulios
1150 2477 1284 2543 heredes
1310 2480 1454 2564 scripsit3
1481 2478 1579 2562 idque

344 2586 427 2650 solet
449 2604 692 2666 nonnumquam
714 2586 749 2649 in
772 2584 933 2649 similibus
961 2606 1111 2668 expresse
1137 2586 1324 2668 memorari,
1350 2584 1441 2649 velut
1462 2585 1538 2668 269,
1556 2585 1579 2649 4

343 2693 448 2776 filiam
469 2711 612 2755 samanae
628 2692 760 2773 pietatis
782 2697 811 2755 et
832 2712 967 2773 incanae
988 2694 1055 2772 spei
1076 2697 1113 2771 et,
1135 2713 1216 2775 qnae
1237 2713 1302 2757 non
1318 2714 1426 2776 parco
1448 2692 1580 2757 0010011-

344 2801 421 2866 tatts
442 2799 574 2864 accessio
594 2798 668 2879 fnit,
689 2800 819 2864 0010001
842 2799 960 2863 0101011.
998 2797 1093 2876 Quod
1115 2801 1143 2866 si
1164 2798 1246 2866 haec
1267 2800 1315 2866 ita
1338 2800 1458 2884 scripta
1484 2802 1618 2868 orantia

337 2914 432 2992 pater
459 2927 529 2972 0010
557 2907 595 2971 de
621 2911 718 2971 morte
743 2906 807 2989 fitia
831 2906 991 2988 1010000
1018 2908 1131 2972 castris
1157 2910 1306 2986 nuntiam
1333 2909 1498 2990 accarissa
1522 2910 1579 2990 qni

344 3021 412 3080 erat
436 3016 571 3080 nnicns
598 3013 675 3078 aliis
700 3013 863 3079 100101οε
890 3015 1017 3096 scriptis
1043 3014 1182 3094 decessit,
1214 3013 1297 3079 illud
1324 3036 1453 3098 quoque
1480 3019 1578 3099 patet,

344 3124 545 3186 enuntiatum
573 3121 744 3186 relativum
772 3142 811 3186 eo
838 3120 910 3185 loco
938 3121 1082 3204 positum
1109 3143 1178 3186 esse
1201 3121 1258 3185 ubi
1281 3121 1421 3186 maxime
1444 3121 1485 3186 ad
1508 3143 1578 3186 sen-

289 3230 479 3294 lesensium
503 3229 650 3317 faciebat.
687 3227 738 3292 Ex
760 3229 873 3292 001000
895 3231 1004 3292 autem
1025 3228 1130 3309 faisses
1152 3232 1259 3293 ortum
1279 3232 1327 3292 est
1345 3228 1495 3294 videlicet
1511 3251 1578 3294 non

344 3337 536 3421 permutatis
562 3336 681 3400 litteris
708 3334 764 3398 sed
792 3355 898 3400 errore
926 3337 1044 3400 mentis
1073 3336 1150 3418 quia
1177 3335 1382 3419 quodmodo
1406 3337 1578 3419 scripserat

341 3443 463 3526 falsam
487 3441 584 3506 etiam
606 3445 677 3506 tum
701 3441 870 3506 scribentis
888 3440 1043 3506 haerebat
1060 3444 1096 3506 in
1114 3443 1235 3506 animo:
1260 3464 1324 3526 quo
1344 3464 1460 3526 genere
1479 3445 1575 3508 etiam

344 3551 378 3614 in
397 3548 520 3614 Valerii
538 3549 630 3613 libris
649 3569 895 3632 nonnumquam
919 3552 1086 3633 peccatum
1110 3552 1159 3612 est
1183 3573 1202 3613 a
1219 3547 1371 3634 librariis,
1394 3549 1482 3613 velut
1501 3548 1577 3632 357,

344 3657 389 3721 24
411 3677 449 3722 ea
475 3656 531 3720 hoc
555 3656 639 3720 hoste
665 3661 751 3720 tanto
777 3655 850 3720 daci
866 3675 972 3737 poena
995 3657 1068 3720 daci
1089 3657 1339 3736 0000101010
1356 3657 1493 3738 paenae
1513 3657 1579 3736 fnit

345 3765 501 3848 scriptum
530 3767 578 3826 est
605 3763 639 3826 in
668 3763 777 3828 codice
799 3761 1031 3845 Laurentiano,
1057 3781 1131 3826 cum
1158 3761 1361 3828 scribendum
1384 3767 1469 3826 esset
1491 3768 1577 3828 tanto

345 3871 419 3936 aaa
434 3891 540 3953 poena
562 3870 665 3952 napis
686 3889 781 3950 00010
804 3870 951 3954 victoria
974 3890 1004 3951 p.
1025 3868 1078 3953 si,
1096 3868 1117 3932 6
1140 3869 1178 3934 L.
1199 3867 1392 3951 Oatpnnnins
1410 3868 1489 3934 Piso
1507 3888 1618 3934 con-so

344 3977 407 4057 001,
435 3997 505 4042 nem
531 3973 705 4040 10810110
732 3974 843 4039 tatem
871 3974 1022 4040 01001000
1046 3976 1196 4058 fagineos
1220 3981 1336 4057 peroret
1362 3981 1390 4039 et
1414 3973 1448 4040 0.
1474 3975 1577 4041 Titius

345 4086 481 4166 eqnitnrn
510 4083 685 4165 praefectus
714 4082 919 4164 fnqitioonnrn
952 4082 1153 4148 mnititndine
1183 4084 1318 4149 10011001
1353 4084 1578 4148 circimventos

345 4212 438 4256 arma
460 4192 503 4256 iis
525 4189 715 4268 tradidisset,
738 4188 795 4252 ubi
816 4190 1023 4271 fnyiticornrn
1048 4188 1136 4273 quod
1157 4189 1254 4254 nihili
1277 4195 1327 4254 est
1349 4189 1473 4254 librarii
1496 4189 1578 4255 osci·

344 4299 447 4362 tantia
466 4299 544 4381 quia
558 4297 709 4379 fnyitiaos
726 4295 822 4361 modo
843 4297 1014 4380 scripserat
1032 4317 1093 4381 pro
1112 4295 1176 4360 alio
1194 4299 1324 4362 nomine
1343 4295 1481 4362 secundo
1500 4318 1578 4362 casu

345 4407 455 4490 posuit
482 4406 550 4470 sive
577 4403 611 4466 id
637 4406 791 4468 scaiman
818 4403 882 4468 fuit
909 4405 976 4468 sive
1005 4402 1113 4467 nescio
1142 4403 1229 4486 quod
1256 4404 1357 4489 aliud3
1385 4426 1415 4487 p.
1434 4402 1514 4488 317,
1532 4402 1576 4467 29

347 4510 488 4577 Cimonis
510 4510 702 4576 incunctata
719 4512 864 4592 opinione
881 4510 1033 4576 stultitiae
1048 4511 1178 4592 fnernnt
1193 4511 1325 4591 referta:
1348 4512 1484 4576 eiusdem
1502 4508 1578 4574 stnl·

345 4620 434 4684 111100
464 4619 601 4700 imperia
632 4619 790 4683 solatoria
812 4617 1017 4681 Athenienses
1048 4623 1225 4695 sarsennt;
1258 4617 1395 4680 alterum
1426 4616 1577 4681 stultitiae

345 4725 432 4809 quod
454 4747 590 4810 pravum
614 4729 663 4789 est
685 4728 817 4808 propter
839 4724 1040 4789 vicinitatem
1063 4722 1205 4788 eiusdem
1228 4722 1377 4787 vocabuli
1395 4722 1436 4785 ab
1454 4722 1575 4807 incogi-

345 4833 428 4896 tanti
450 4832 583 4898 librario
607 4832 762 4915 scriptum
786 4835 835 4894 est
857 4852 917 4914 pro
941 4830 1006 4894 alio
1024 4831 1164 4913 nomine,
1187 4829 1276 4894 velut
1293 4829 1519 4894 adulescentiae
1537 4826 1576 4889 de

1311 4932 1362 4985 10*
