3967 5725
551 668 602 717 DE
620 665 796 718 VERSIBUS
814 665 1029 717 NONNULLIS
1047 664 1195 716 PAOUVII
1213 664 1368 716 TRAGIOL
1513 663 1580 728 499

342 832 429 896 enim
442 828 561 894 tradita
576 834 632 893 ont
644 834 827 910 mammam
844 847 984 891 umorem
999 827 1152 891 simonem
1170 826 1241 911 loeo,
1261 825 1295 889 in
1311 824 1428 910 quibus
1443 825 1580 893 fostasse

341 937 425 1004 nihil
444 941 493 1001 est
512 936 721 1019 depravatum
741 937 774 998 et
793 954 929 1017 quorum
951 931 1144 997 sententiam
1158 931 1210 999 vel
1228 933 1292 998 hoo
1310 933 1406 999 modo
1427 934 1577 1018 supplere

341 1046 438 1111 lineat
460 1042 513 1128 ut]
536 1048 594 1107 met
614 1048 797 1124 stopoomm
813 1061 953 1105 umorem
975 1041 1127 1104 rimarem
1150 1039 1212 1105 loeo
1230 1039 1402 1126 [Mooebor
1425 1046 1482 1106 out
1497 1038 1579 1128 affl),

342 1151 446 1237 ipsius
470 1171 539 1214 esse
567 1145 656 1212 Iom’s
684 1146 783 1211 verba
809 1147 987 1231 putaveris,
1016 1168 1097 1231 quae
1122 1147 1199 1230 quid
1223 1147 1286 1211 sibi
1309 1148 1343 1211 in
1366 1148 1481 1212 bovem
1505 1169 1578 1212 oon·

342 1278 452 1322 versae
475 1254 628 1320 aoeidenit
650 1253 759 1319 neseio
784 1252 837 1318 oui
859 1255 983 1318 narrate
1014 1253 1065 1319 oui
1090 1253 1236 1339 opinioni
1257 1275 1325 1319 nou
1347 1254 1480 1319 adversa
1504 1258 1581 1318 sunt

342 1363 431 1430 Ionis
445 1364 483 1428 fr.
499 1381 525 1427 11
540 1366 572 1428 et
586 1380 636 1446 111,
653 1362 765 1426 favent
788 1364 896 1425 autem
921 1382 1004 1444 quae
1024 1358 1158 1425 Ovidius
1178 1360 1217 1425 de
1235 1360 1313 1426 Ione
1334 1365 1458 1426 mutata
1481 1360 1581 1426 refert

342 1470 533 1536 met.1632

503 1576 686 1642 Fraudatus
708 1575 846 1640 osrborms
867 1581 897 1639 et
917 1595 1034 1640 amaea
1050 1577 1196 1656 poeettter
1217 1575 1320 1656 herbo,

505 1682 630 1766 Proque
651 1689 716 1748 toro
739 1688 841 1747 terrae
863 1703 928 1746 aon
949 1702 1069 1764 semper
1089 1703 1220 1765 promen
1243 1682 1368 1749 tabenti

504 1791 639 1856 Incubet
659 1790 782 1871 infelix,
805 1789 1014 1870 limosaque
1033 1789 1202 1870 flumina
1222 1795 1335 1872 potat.
1593 1832 1619 1876 1⁰

344 1897 392 1963 cf.
411 1897 573 1982 Propertii
591 1915 618 1961 11
636 1896 688 1982 28,
704 1895 744 1961 17
762 1896 800 1962 Io
818 1916 910 1963 nerea
927 1902 1022 1979 caput
1033 1898 1158 1977 primos
1176 1899 1350 1980 mupioerot
1367 1918 1483 1965 asotos:
1497 1913 1582 1963 ausae

344 2007 411 2085 deo,
429 2025 509 2087 quoe
521 2004 595 2070 Nat
608 2004 745 2086 flumme
762 2023 857 2068 ooeeo
876 2003 959 2067 note.
992 2001 1056 2068 Sed
1075 2003 1114 2067 de
1133 2026 1170 2069 ea
1188 2026 1222 2068 re
1242 2004 1400 2088 quidquid
1418 2005 1580 2090 statuitur,

343 2134 452 2196 nemo,
480 2111 664 2196 opinamur,
690 2110 778 2175 huno
804 2132 932 2176 versum
960 2107 1084 2175 Ilionae
1111 2110 1215 2196 magis
1243 2133 1339 2195 quam
1367 2109 1439 2177 Ioni
1467 2116 1580 2196 aptum

343 2241 413 2285 esse
431 2223 465 2284 et
483 2218 758 2284 accommodatum
777 2217 847 2282 iure
865 2215 1068 2282 asseverabit.
1092 2214 1159 2282 Sor.
1178 2241 1220 2282 m.
1238 2217 1326 2283 Maio
1345 2241 1372 2283 a.
1390 2235 1580 2284 mnooccm.

433 2411 480 2481 *3)
503 2411 584 2465 Nihil
606 2410 757 2466 tribuimus
784 2408 851 2463 hnic
874 2409 972 2480 generi
995 2410 1185 2480 coniecturam
1214 2410 1263 2466 sed
1287 2413 1459 2482 temptamus
1485 2411 1579 2467 animo

343 2501 508 2567 informare,
533 2500 626 2569 qualis
648 2499 735 2554 fuerit
758 2502 808 2554 aut
831 2515 891 2554 esse
914 2498 1040 2569 potuerit
1063 2499 1154 2555 oratio
1178 2517 1211 2554 ex
1234 2517 1291 2569 qua
1309 2516 1401 2571 panea
1419 2501 1505 2556 verba
1523 2517 1579 2556 ser·

343 2593 410 2645 vata
429 2591 503 2645 sunt.
