3967 5725
578 599 703 649 XXXVI.
722 598 837 650 INDEX
855 590 1070 648 LECTIONUM
1087 598 1328 649 HIBERNARUM
1348 597 1479 667 lacesse.

576 760 626 823 iric
649 762 754 841 iyitnr,
771 760 900 840 penites
922 760 976 839 qni
999 761 1035 822 in
1055 761 1169 840 ferrost
1190 760 1315 823 atdans
1337 766 1400 842 ac'r,

576 866 704 931 sollicite
728 872 811 930 rnetn
833 886 951 947 semper
974 868 1111 930 iactatur
1133 888 1223 948 eeqne

575 970 713 1037 anteat
735 972 872 1037 enciinn
896 972 988 1036 dnbio
1005 974 1117 1054 procui
1140 980 1168 1037 et
1189 975 1247 1037 ciet
1268 975 1362 1051 intas,

576 1081 706 1145 seilicet:
729 1080 782 1143 nile
805 1080 906 1143 cedern
927 1080 1036 1160 fertnr,
1060 1101 1119 1160 qno
1135 1081 1361 1161 preenbitaait

576 1192 652 1252 iarn
675 1186 784 1251 sernei
807 1191 835 1249 ct
850 1192 976 1267 partein
999 1188 1036 1251 in
1058 1207 1189 1251 emnem
1213 1188 1381 1252 conamina
1402 1189 1538 1268 sempsit

416 1297 444 1359 si
473 1294 601 1378 quidem
625 1298 711 1359 recte
734 1296 873 1357 mentem
897 1298 1011 1377 poetae
1034 1294 1229 1377 accepimus,
1258 1294 1377 1358 omissa
1399 1297 1467 1358 iarn
1489 1293 1650 1377 particule

415 1424 543 1467 sensum
575 1405 721 1466 constare
754 1403 900 1483 apparet:
937 1400 1041 1464 eedem
1074 1402 1175 1482 fertur
1208 1422 1267 1482 qno
1298 1401 1390 1466 cernel
1415 1402 1648 1483 pracepiteeit.

414 1508 562 1592 Denique
586 1508 672 1590 quod
696 1508 742 1570 ita
766 1490 922 1590 scriptum
942 1511 991 1571 est
1009 1507 1093 1572 iliaci
1109 1530 1168 1590 qno
1186 1508 1306 1571 irnbnte
1325 1514 1369 1573 cst
1385 1529 1506 1586 renero,
1531 1508 1648 1571 mirere

414 1636 491 1680 sane
519 1615 547 1679 si
576 1615 626 1678 cui
655 1612 825 1678 offensioni
853 1613 964 1677 fuerit:
994 1614 1072 1679 adeo
1101 1613 1163 1679 hoc
1191 1635 1230 1677 ex
1257 1614 1426 1678 verissime
1447 1613 1557 1678 Latini
1584 1636 1649 1679 ser-

374 1748 401 1788 re
416 1723 520 1787 monis
547 1724 663 1786 nature
691 1724 878 1804 promptum
907 1723 955 1784 est
984 1724 1016 1784 et
1045 1720 1276 1785 consuetudine
1303 1721 1537 1785 confirmatum.
1585 1719 1649 1785 Sed

415 1830 567 1912 quoniam
595 1829 657 1892 hoc
684 1830 755 1892 loco
784 1828 969 1891 criticorum
998 1827 1114 1892 studiis
1142 1832 1301 1892 mutatum
1328 1832 1377 1891 est
1401 1827 1435 1891 in
1459 1850 1496 1891 ee
1519 1849 1649 1911 quoquc

413 1956 447 1999 re
471 1939 508 1997 ut
530 1936 658 1999 videtur
682 1935 925 2017 offendentium,
954 1955 1013 2020 ege
1037 1935 1164 1998 selectis
1189 1934 1381 2016 quibusdum
1406 1935 1561 2017 exemplis
1584 1934 1650 1999 hoc

415 2062 516 2126 genus
546 2042 750 2106 declaremus,
800 2040 936 2105 Plautus
964 2040 1066 2126 igitur
1094 2040 1207 2105 scribit
1234 2038 1340 2126 (Cepi.
1355 2059 1369 2104 1
1383 2042 1412 2125 2,
1428 2042 1446 2103 7
1450 2039 1486 2126 6)
1509 2042 1575 2105 nisi
1592 2043 1648 2122 qni

413 2149 569 2213 rectiorem
597 2148 717 2229 adferet
744 2148 829 2228 Quae
856 2147 936 2211 rnilri
963 2153 1055 2229 atene
1082 2148 1194 2212 ernicis
1210 2148 1337 2228 placcat
1364 2150 1503 2213 condicio
1535 2150 1648 2229 rneeis.

412 2255 554 2319 Lucretii
584 2255 662 2319 talis
692 2258 767 2318 sunt
797 2260 825 2319 et
853 2254 949 2319 sionni
978 2276 1016 2319 en
1046 2255 1105 2318 iile
1134 2276 1214 2335 qnae
1235 2261 1302 2319 tnrn
1332 2276 1381 2319 res
1410 2257 1523 2336 ancipit
1551 2256 1648 2321 ianrn

414 2361 579 2448 (v1313);
608 2368 636 2426 et
664 2364 698 2426 in
726 2362 817 2426 illurn
841 2362 1085 2426 Transtniernnt
1105 2362 1237 2443 proprie
1260 2383 1339 2442 enee
1361 2368 1427 2426 tnrn
1449 2382 1499 2426 res
1520 2363 1649 2426 nornine

285 2456 287 2461 ¹
412 2471 515 2552 eyebn
538 2465 705 2554 (111134),
728 2469 811 2533 ende
837 2468 887 2531 iic
914 2470 1053 2550 caunites
1080 2474 1123 2532 est
1152 2470 1216 2549 ipsi
1248 2489 1336 2549 anem
1367 2470 1511 2532 nominat
1541 2470 1647 2550 iencrn

413 2574 440 2661 (1
466 2574 555 2661 695).
610 2574 757 2639 Catullus
790 2575 877 2658 quod
909 2574 1039 2658 scripsit
1071 2578 1100 2639 si
1131 2576 1220 2639 nobis
1252 2578 1281 2639 is
1314 2576 1409 2639 cietur
1439 2576 1514 2639 nnis
1550 2577 1648 2655 Qnern

412 2683 519 2764 lapide
546 2683 604 2746 illa
632 2683 714 2746 dicen
742 2681 924 2745 candidiore
950 2687 1033 2745 natet
1055 2679 1228 2766 (68,148),
1256 2686 1467 2765 corrumpunt
1490 2683 1546 2765 qui
1571 2684 1648 2764 quia

370 2816 398 2857 so
413 2789 480 2853 dies
503 2793 551 2853 est
573 2792 608 2853 in
630 2788 724 2851 libris
747 2809 836 2852 mero
861 2809 975 2872 errore,
998 2788 1133 2852 traiecta
1156 2809 1233 2852 voce
1257 2788 1356 2852 edunt
1378 2789 1438 2852 ille
1460 2793 1547 2852 notet
1572 2808 1649 2852 can-

413 2897 542 2975 didiore,
567 2897 640 2961 aies.
687 2894 844 2959 Horatius
868 2896 903 2959 in
927 2896 1054 2979 epodon
1077 2895 1160 2960 libro
1181 2893 1226 2980 (2,
1240 2893 1298 2981 37)
1317 2898 1388 2976 anis
1405 2916 1466 2960 non
1487 2896 1649 2960 neelerurn

411 3024 491 3085 enas
509 3024 599 3067 ancer
617 3023 709 3068 cares
726 3003 815 3066 babet
834 3002 922 3066 Haec
940 3005 1021 3067 inter
1039 3004 1231 3067 obliviscitur
1238 3024 1248 3078 ‚·
1272 3004 1305 3066 in
1325 3002 1519 3065 carminibus
1538 3006 1648 3066 autem

413 3113 463 3193 (lv
480 3109 603 3196 13,18)
627 3110 705 3191 qnid
725 3110 817 3173 babes
840 3109 935 3188 illins,
959 3110 1049 3174 illins
1072 3111 1157 3190 Qnae
1179 3109 1321 3189 spirabat
1338 3129 1467 3186 amares,
1495 3111 1582 3189 Quae
1599 3131 1650 3173 nce

411 3222 579 3298 surpuerat
605 3217 696 3295 eiiii,
725 3216 819 3280 Folia
840 3222 913 3297 pest
938 3215 1093 3280 Oinerenr
1121 3221 1253 3296 notaqne
1275 3222 1304 3279 et
1325 3217 1443 3279 artinnc
1469 3216 1648 3280 Gruterum

410 3321 531 3404 facies?
560 3323 590 3386 h.
615 3344 640 3386 e.
668 3327 705 3386 ut
733 3325 884 3405 putemus
912 3323 990 3404 qnid
1015 3323 1108 3386 babes
1134 3322 1223 3386 illies
1247 3323 1343 3402 fecici
1367 3321 1471 3402 felicis
1498 3327 1651 3405 nataeque

411 3451 491 3512 anae
522 3429 671 3511 spirabat.
723 3427 857 3494 Ovidius
890 3450 1019 3512 quoque
1048 3426 1135 3514 (Am.
1155 3445 1182 3492 11
1201 3429 1231 3511 2,
1249 3427 1285 3514 4)
1319 3428 1389 3491 lile
1421 3449 1500 3509 anae
1531 3429 1649 3494 Danai

405 3538 547 3619 perticas
574 3557 686 3618 eernere
712 3536 808 3600 babet.
859 3534 904 3598 Et
931 3535 1011 3599 haec
1040 3558 1081 3598 ne
1114 3536 1186 3618 quis
1216 3539 1383 3618 poetarum
1414 3537 1548 3619 propris
1578 3559 1648 3600 csse

412 3645 584 3728 existimet,
604 3642 716 3708 Liuius
741 3641 890 3706 similiter
913 3642 1026 3706 scribit
1050 3640 1126 3728 (xxi
1141 3642 1193 3724 32,
1208 3640 1243 3726 5)
1267 3662 1309 3719 eo,
1332 3643 1387 3722 qni
1410 3643 1494 3706 circa
1518 3642 1648 3708 Pedani

411 3758 479 3816 erat
501 3751 658 3828 enercitns,
682 3749 816 3813 lteliern
839 3749 1038 3830 discernam
1065 3751 1144 3813 item
1167 3766 1253 3810 xxxr
1268 3747 1355 3831 22,6
1380 3745 1435 3833 (cf.
1449 3767 1549 3812 xxxii
1564 3749 1596 3833 5,
1610 3749 1648 3837 9)

371 3874 398 3914 ³⁰
411 3879 487 3922 narn
520 3863 548 3921 ct
579 3862 737 3922 terrestres
763 3856 802 3920 ab
835 3854 994 3939 Corintho,
1027 3877 1106 3938 qnae
1129 3877 1189 3936 per
1217 3855 1355 3936 Monere
1387 3857 1580 3921 incursiones
1611 3860 1648 3922 in

411 3985 504 4047 aeres
517 3966 588 4047 ficri
601 3964 711 4029 solitae
723 3967 829 4039 erent;
845 3985 943 4045 quere
958 3985 1039 4046 quae
1054 3967 1129 4026 sunt
1143 3961 1376 4044 epud'eundem
1389 3969 1518 4047 (xxxin
1529 3962 1649 4050 18,12)

411 4076 557 4135 manant
574 4077 696 4134 tantane
716 4071 797 4134 acics
815 4075 945 4150 atraque
962 4089 1056 4150 semer
1072 4071 1179 4149 ripen
1197 4070 1252 4149 eni
1270 4069 1355 4132 tenni
1373 4073 1439 4133 tnrn
1453 4090 1538 4151 eene
1553 4070 1647 4135 inter-

410 4177 526 4259 lincbat
542 4183 661 4243 torrens
679 4177 774 4241 nobis
794 4177 923 4260 quidem
941 4175 1061 4240 iniuria
1078 4175 1228 4238 videntur
1245 4197 1304 4259 pro
1323 4174 1505 4259 depravatis
1518 4175 1648 4242 haberi:

411 4285 598 4349 deleverunt
624 4285 679 4365 qni
706 4287 762 4347 eut
790 4284 934 4348 terrentis
960 4285 1187 4365 reposuerunt,
1217 4303 1353 4364 quorum
1383 4283 1444 4345 etsi
1472 4286 1649 4368 utrumque

410 4390 550 4473 probum
573 4394 650 4474 eret,
673 4394 782 4454 tumen
806 4390 833 4454 si
856 4393 943 4454 recte
962 4387 1028 4452 dici
1045 4392 1182 4471 poterut,
1207 4388 1294 4469 quod
1312 4409 1406 4452 nemo
1425 4394 1533 4475 negat,
1554 4411 1650 4473 snper

410 4499 516 4578 ripen
544 4497 611 4562 eins
638 4497 692 4578 qni
719 4496 916 4577 interfluebat
942 4501 1073 4573 torrens,
1107 4515 1164 4559 cur
1192 4494 1248 4557 illa
1276 4515 1357 4576 quae
1385 4500 1463 4559 sunt
1490 4497 1526 4560 in
1553 4497 1649 4563 libris
1666 4511 1710 4568 lt)

411 4605 527 4669 uitiosa
550 4625 619 4670 csse
642 4604 822 4667 instemus?
855 4623 928 4668 cum
954 4600 1143 4684 praesertim
1167 4600 1201 4664 in
1224 4599 1288 4664 hoc
1312 4621 1428 4685 genere
1452 4603 1530 4685 quid
1553 4603 1649 4670 Livio

410 4710 569 4795 placuerit
592 4711 687 4774 etism
711 4710 789 4773 tolie
812 4707 1004 4772 documento
1024 4707 1089 4770 siut
1107 4708 1275 4788 capiantur
1292 4713 1412 4771 cestra:
1436 4711 1545 4792 cantic,
1568 4733 1652 4793 qnae

404 4837 487 4899 pars
510 4817 649 4881 uterinae
671 4814 926 4898 epaenentitns
949 4813 1085 4895 conspici
1103 4819 1233 4895 pena,
1261 4815 1368 4878 iniecit
1389 4816 1516 4882 Acilius
1543 4819 1651 4898 ierem
