3967 5725
381 637 448 704 574
722 642 899 693 ADDENDA
917 644 963 694 ΕΤ
982 642 1219 695 CORRIGENDA
1237 647 1273 698 11.

380 798 410 855 P.
425 804 487 864 423,
502 804 535 852 20
564 798 605 853 De
624 801 672 854 abl
691 816 834 869 perpauca
852 800 955 855 addam
974 803 1112 871 exempla,
1131 805 1180 859 sed
1195 822 1267 872 quae
1282 805 1351 859 satis
1367 809 1443 860 certa
1456 808 1614 865 videantur.

453 886 635 956 (11191122
1397 936 1404 949 .

557 978 631 1047 Qar'd
648 996 689 1032 are
707 985 810 1049 oportet
827 981 928 1046 faeere,
947 982 999 1039 aar
1015 988 1046 1035 ta
1065 984 1130 1037 tolie
1147 985 1191 1038 air
1208 984 1312 1049 soleam
1330 986 1479 1041 ortanae?

452 1066 558 1122 Cistell.
574 1086 601 1119 1v
617 1072 641 1132 2,
657 1071 689 1120 51

555 1158 640 1211 Haao
656 1157 731 1212 setre'
743 1164 847 1227 oportet
864 1160 925 1225 filia
943 1166 993 1213 taa
1012 1161 1063 1214 abl
1077 1162 1127 1227 rit,
1145 1162 1227 1231 siqua
1245 1169 1277 1216 at
1295 1163 1370 1217 dioit.

399 1314 402 1319 Ι
450 1244 520 1299 ibid.
536 1265 564 1299 1v
579 1252 605 1313 2,
620 1251 663 1299 62.
682 1246 765 1300 Poen.
780 1266 812 1299 111
827 1252 852 1315 3,
867 1252 901 1301 89

556 1335 630 1405 (laid
648 1337 736 1390 malta
755 1335 856 1391 aerbo?
873 1338 987 1405 faulam,
1006 1340 1057 1393 abi
1073 1346 1104 1394 ta
1122 1340 1222 1394 loaerie
1240 1372 1284 1393 —.

450 1424 544 1479 Aulai.
559 1444 592 1478 111
606 1431 631 1489 b,
647 1430 680 1477 33

553 1514 606 1569 Sed
624 1515 673 1569 boe
691 1516 773 1569 ittam
788 1516 944 1583 pabramd
957 1533 1113 1584 praequam
1130 1520 1181 1573 abl
1196 1526 1322 1588 saraptae
1335 1526 1443 1589 petrart.

450 1602 522 1656 Rud.
539 1623 557 1656 v
571 1608 597 1670 2,
613 1608 646 1657 60
981 1671 985 1676 ⁸

555 1694 651 1746 Teoaru
669 1694 719 1747 llo'e
736 1694 831 1748 habeto
850 1701 949 1761 tornea,
967 1697 1020 1749 abr'
1034 1697 1178 1751 iuravereb.

447 1782 479 1833 In
504 1781 606 1849 quibus
630 1781 699 1850 quid
722 1780 760 1836 sit
778 1785 874 1837 tamen
892 1782 1020 1853 ambigui
1038 1784 1297 1871 neminemfugiet.
1330 1786 1503 1843 Menaeohm.
1519 1796 1579 1858 112,
1595 1797 1611 1844 l

550 1870 587 1925 M.
609 1871 674 1926 Noa
692 1874 777 1927 herote
795 1888 864 1927 aero.
897 1872 926 1927 C.
951 1873 1011 1928 Uol
1026 1876 1156 1929 ooaoiaae
1173 1874 1273 1929 aeteri?

447 1960 488 2013 Da
508 1976 562 2028 qno
581 1976 662 2014 versu
681 1959 749 2013 olim
769 1960 805 2013 ob
824 1961 916 2030 ipsam
934 1962 1008 2015 hano
1023 1962 1195 2031 particulam
1209 1963 1293 2017 variis
1307 1964 1398 2018 modis
1413 1969 1521 2021 mutato
1536 1985 1611 2023 nuno

446 2066 527 2103 nemo
548 2049 669 2104 dubitat.

374 2139 404 2194 P.
419 2145 480 2206 435,
497 2144 529 2191 39
560 2138 693 2193 Plautina
712 2141 844 2208 poterant
863 2140 1003 2208 quaedam
1023 2141 1100 2208 addi,
1119 2140 1196 2195 velut
1214 2140 1358 2210 Manui,
1374 2148 1407 2197 24

861 2228 922 2283 ΜΕ.
941 2248 980 2284 aa
998 2247 1056 2285 moa
1073 2232 1117 2285 la’o
1135 2232 1177 2284 ita
1195 2237 1234 2285 est

548 2320 697 2389 Perearr'rto
716 2326 748 2373 at
766 2320 924 2387 aduenienti
942 2326 1057 2375 aarrerd
1074 2319 1206 2386 fabulae?

547 2407 610 2460 MA.
633 2406 722 2477 Qaas
739 2407 898 2475 fabulas?

446 2495 584 2564 Casuli,
600 2504 632 2551 11
824 2497 854 2551 L.
876 2497 993 2567 (lateam
1013 2500 1119 2570 litloae,
1140 2499 1286 2569 Olympio?

546 2585 577 2640 Ο.
599 2587 667 2641 Cara
681 2588 774 2641 eadara
792 2605 848 2656 aaa
867 2595 897 2642 ta
915 2605 1026 2657 seraa.
1059 2588 1088 2641 L.
1109 2589 1176 2643 Gara
1195 2606 1282 2643 auore
1300 2589 1380 2644 aaa?

545 2674 575 2729 Ο.
599 2676 702 2746 Quam
721 2683 756 2730 ta
775 2679 818 2731 rat
835 2684 988 2731 atrorem?

443 2763 520 2829 Quae
544 2764 659 2832 quidem
682 2765 789 2819 habent
812 2765 920 2834 aliquid
942 2765 1064 2835 proprii,
1089 2784 1260 2836 quamquam
1283 2768 1403 2822 eundem
1426 2769 1507 2836 sequi
1524 2785 1607 2822 usum

444 2853 581 2908 videntur.
616 2852 696 2923 Capi.
711 2862 783 2920 1114,
798 2861 831 2908 42

478 2943 511 2998 Η.
532 2945 577 2998 tlle
595 2945 713 3013 quidem,
732 2961 810 3013 quera
828 2952 859 2999 ta
878 2961 931 2999 aeae
949 2945 1024 2999 darae
1041 2963 1181 3012 memoras,
1199 2948 1278 3002 bodie
1296 2949 1361 3002 hiae
1379 2949 1449 3002 abiit
1462 2949 1571 3004 Alidem

477 3033 522 3087 Ad
538 3040 646 3102 patrem
665 3035 756 3088 baias.
789 3033 822 3088 A.
845 3034 942 3104 Quam
956 3033 1109 3104 patrem?
1127 3038 1176 3104 qai
1192 3052 1282 3091 seruos
1299 3035 1358 3091 eet?

440 3121 553 3174 Poenul.
568 3141 586 3174 v
601 3127 626 3188 2,
644 3129 673 3175 11

538 3212 570 3264 Α.
591 3211 623 3267 st
642 3213 680 3266 ad
697 3230 757 3266 eara
775 3230 831 3267 reru
849 3215 923 3268 testis
941 3214 1068 3280 habeam,
1086 3213 1193 3279 foetam
1211 3216 1284 3284 qaod
1301 3217 1384 3270 laben.

530 3300 567 3354 M.
590 3302 678 3372 (laid
696 3309 731 3355 ta
749 3303 832 3356 milri
849 3302 966 3358 testis?
984 3304 1053 3373 qaia
1072 3309 1103 3358 ta
1121 3305 1228 3358 laetatio
1245 3303 1373 3369 sortiter?

439 3389 511 3444 itud.
527 3410 547 3442 11
563 3395 587 3456 a,
604 3397 636 3444 12
1415 3464 1417 3469 ,

439 3477 469 3531 Τ.
489 3479 543 3535 Sed
557 3497 639 3548 qaam
654 3497 718 3534 moa
731 3487 860 3536 coctumst
870 3481 1047 3548 wardiam?
1075 3482 1106 3536 A.
1121 3482 1213 3552 Quod
1222 3484 1423 3552 prandiam,
1437 3485 1543 3540 obaeoro
1557 3483 1605 3539 te?

439 3566 627 3634 Trucul.112,
643 3574 676 3622 28
762 3615 764 3619 ,

527 3659 560 3712 A.
581 3659 716 3714 Mulieres
733 3661 793 3714 oolo
811 3661 953 3714 aoaaear're
971 3667 1085 3715 ooetroo.
1119 3660 1144 3715 S.
1167 3661 1258 3731 Quas
1276 3666 1310 3714 ta
1328 3663 1486 3716 matteras

529 3749 619 3802 Mitt
637 3765 761 3804 aarras
779 3780 821 3802 -.

439 3835 494 3889 Sed
513 3837 548 3889 de
563 3835 739 3891 Cureulionis
759 3838 884 3892 versibus
902 3853 977 3905 quae
995 3856 1023 3907 p.
1039 3843 1091 3892 436
1107 3838 1269 3892 dubitanter
1283 3839 1418 3908 proposui
1431 3838 1515 3894 nihili
1529 3841 1604 3896 sunt.

439 3924 513 3989 Quos
532 3943 626 3979 vorsus
646 3925 778 3980 Goetzius
798 3929 827 3980 et
846 3925 1003 3982 Sohoallius
1022 3927 1093 3982 saite
1111 3927 1269 3981 formarunt
1287 3928 1317 3981 in
1335 3928 1411 3982 huno
1428 3929 1556 3983 modum:

528 4013 586 4068 ΤΗ.
606 4015 681 4070 Solre
698 4017 759 4070 uolo
777 4017 842 4084 quot
859 4016 1014 4072 reddidisti.
1047 4015 1102 4069 LY.
1122 4015 1214 4071 Laseo
1233 4017 1327 4072 liberto
1345 4024 1406 4071 tao:

490 4139 492 4144 -
527 4106 559 4157 Ie
578 4103 758 4159 Sarrraaaam
776 4122 803 4159 ee
822 4107 915 4159 vocari
933 4105 1018 4160 atala
1038 4107 1063 4160 α’
1080 4105 1204 4172 reddidi,

450 4245 453 4250 ,
530 4193 586 4261 Qui
602 4194 653 4247 leus
672 4195 785 4248 tabellae
803 4183 962 4265 obsioaatas
981 4197 1089 4261 attulit,
1107 4211 1178 4265 qaae
1196 4202 1227 4249 ta
1244 4197 1313 4249 arar·
1330 4195 1474 4267 [tabellas]
1495 4228 1529 4236 —

526 4281 582 4336 ΤΗ.
605 4281 679 4351 ane
697 4289 728 4337 ta
746 4285 814 4338 rothi
833 4285 921 4338 laeuos
939 4285 1056 4351 libertae,
1075 4300 1143 4353 qaae
1160 4284 1325 4339 Summanos
1341 4284 1484 4339 samaiae?

436 4369 474 4422 Ut
492 4373 587 4424 tamen
606 4388 641 4424 ne
661 4370 702 4424 sio
721 4372 835 4440 quidem
854 4373 944 4426 omnis
964 4372 1105 4426 dubitatio
1124 4373 1238 4428 sublata
1257 4373 1302 4427 sit.
1330 4372 1415 4427 Malis
1429 4374 1504 4428 enim
1518 4391 1552 4428 ex
1566 4391 1599 4428 ao

436 4476 489 4512 usu
514 4477 597 4529 quam
622 4460 741 4514 dicimus
761 4463 891 4528 tabellae,
914 4463 1036 4528 libertae,
1059 4462 1224 4518 Samarrawe
1245 4479 1301 4517 uno
1321 4463 1418 4517 ordine
1437 4462 1601 4534 indignanti

434 4547 521 4602 militi
545 4549 680 4618 relinqui:
706 4552 734 4603 et
756 4551 816 4606 has
838 4552 952 4606 tabellae
970 4551 1046 4618 quod
1065 4551 1140 4620 Lyco
1160 4551 1230 4606 dioit
1249 4555 1315 4622 (non
1334 4552 1433 4606 addito
1453 4551 1601 4607 enuntiato

434 4638 564 4710 relativo)
584 4639 692 4708 cogitat
711 4642 740 4693 et
759 4639 902 4710 designat,
921 4638 1031 4708 opinor,
1049 4656 1097 4694 eas
1116 4657 1187 4709 quas
1206 4640 1470 4711 Therapontigonus
1489 4641 1602 4696 miserit

436 4729 464 4781 et
483 4743 553 4794 quas
573 4727 634 4796 ipse
655 4729 783 4798 cognitas
802 4727 908 4782 habeat
926 4745 1040 4784 necesse
1056 4729 1102 4784 eit.
1137 4730 1242 4795 Quodsi
1257 4748 1351 4784 versus
1365 4731 1435 4785 istos
1449 4730 1598 4786 scribimus

435 4816 475 4870 sio
494 4818 527 4869 ut
540 4815 668 4870 Plautini
687 4815 754 4872 libri
772 4817 891 4871 tradunt
909 4817 1029 4886 (omissis
1049 4818 1114 4873 aliis
1132 4819 1303 4873 testimoniis
1321 4819 1424 4887 quibus
1443 4819 1598 4874 navandum

434 4907 528 4958 estut
549 4905 638 4963 nimia
656 4906 726 4960 fides
745 4906 896 4962 habeatur:
916 4907 951 4961 ef.
970 4907 1071 4962 Leonis
1091 4908 1316 4976 adnotationem)
