3967 5725
483 666 533 715 DE
551 665 762 716 PRAEOEPTO
782 666 939 728 QUODAM
957 666 1125 717 ANONYMI
1143 665 1231 715 ΠΕΡΙ
1248 664 1462 716 masalman.
1523 663 1590 728 565

449 847 493 892 or.
512 844 650 891 xxxvm
664 826 708 890 35

492 935 576 999 ὥστε
600 932 637 998 έν
660 926 685 1020 ᾧ
705 931 781 1018 περὶ
809 944 869 1001 τοῦ
899 936 1063 1017 πρωτείου
1091 932 1238 1018 μάχεσθε
1265 934 1373 1015 ὑμεῖς,
1401 935 1592 999 κινδυνεύει

492 1042 529 1105 τὸ
553 1051 719 1124 πρωτεῖον
746 1039 822 1124 παρ’
850 1039 990 1118 ἐκείνοις
1017 1034 1104 1106 εἶναι
1131 1052 1201 1117 τοῖς
1224 1040 1507 1124 θεραπευομένοις
1529 1040 1588 1124 ὑφ’

492 1148 599 1230 ὑμῶν·
628 1144 707 1212 οὐδέ
735 1149 798 1232 γάρ
826 1144 956 1213 ένεστιν
985 1147 1047 1213 οὑκ
1071 1151 1159 1233 ἔχειν
1181 1158 1281 1214 τοῦτο
1305 1149 1418 1213 δονεῖν
1441 1171 1549 1229 τινας,
1574 1147 1591 1212 ὃ

491 1252 567 1339 παρ’
596 1256 726 1319 αὐτῶν
749 1252 913 1320 ἐκείνων
936 1255 1031 1340 ὑμεῖς
1051 1255 1232 1339 λαμβάνειν
1255 1253 1395 1332 ἀξιοῦτε.

339 1376 342 1383 “
450 1382 495 1425 or.
510 1380 582 1425 nvn
599 1362 639 1425 12
977 1346 980 1351 Δ

456 1550 459 1555 ¹
492 1463 529 1533 εὑ
553 1471 616 1553 γάρ
643 1474 712 1533 ἴστε
735 1469 786 1534 ότι
809 1478 880 1545 τοῖς
902 1469 963 1550 μέν
982 1469 1131 1546 ἰδιώταις
1154 1472 1190 1534 οί
1207 1466 1380 1553 λεγόμενοι
1399 1472 1493 1552 λόγοι
1512 1471 1593 1553 πρὸς

492 1576 638 1652 αὐτοὺς
663 1574 844 1651 ἐκείνους
867 1577 1026 1659 τείνουσι,
1049 1575 1104 1641 καλ
1129 1576 1264 1659 ὀλίγους
1288 1588 1355 1642 τῶν
1377 1578 1499 1644 ἀλλων.

447 1704 491 1745 or.
512 1685 656 1745 nxxrnl
815 1758 817 1761 ¹
1582 1723 1585 1729 ,

484 1784 560 1874 Ἅρά
583 1813 620 1872 γε
644 1790 680 1855 τὸ
705 1790 922 1855 πιστεύεσθαι
940 1800 1011 1867 τοῖς
1029 1789 1279 1873 πιστευομένοις
1298 1790 1430 1874 ἀγαθόν
1449 1790 1518 1856 ἐστι
1537 1789 1591 1855 καὶ
1607 1814 1633 1866 ro

491 1906 646 1962 τοιοῦτον
674 1886 748 1961 οἷον
775 1898 823 1979 τὸ1
841 1902 1001 1963 πλουτεῖν
1028 1895 1083 1962 καλ
1110 1898 1147 1961 τὸ
1170 1898 1338 1980 ὑγιαίνειν
1361 1896 1416 1963 καλ
1439 1899 1477 1962 τὸ
1500 1911 1592 1982 τιμᾶ-

493 2010 575 2068 σθαι
599 2016 668 2085 τοῖς
691 2003 888 2087 τιμωμένοις
911 2004 966 2071 καί
985 2004 1180 2087 ὑγιαίνουσι
1203 2006 1257 2069 καὶ
1281 2010 1502 2088 πλουτοῦσιν,
1518 2005 1592 2071 ἀύ-

492 2121 575 2188 τοῖς
598 2110 771 2186 ἐκείνοις
794 2111 869 2175 τινὰ
893 2110 1000 2194 φέρον
1023 2111 1201 2196 ὠφέλειαν;
1225 2110 1271 2176 Of.
1291 2112 1367 2176 ibid.
1389 2112 1416 2175 7.

448 2239 493 2282 or.
513 2218 644 2311 nxxvlss

492 2326 654 2408 τοσαύτης
682 2325 719 2390 δὲ
748 2325 962 2409 δικαιοσύνης
990 2324 1046 2390 καλ
1070 2330 1328 2409 φιλανθρωπίας
1350 2328 1469 2409 μεστός
1492 2325 1594 2409 ἐστιν,

493 2432 578 2496 ὥστε
601 2430 655 2497 καὶ
679 2442 750 2508 τοῖς
774 2432 935 2516 ἀτυχοῦσι
954 2434 1201 2517 χρησιμώτερος
1214 2434 1398 2517 καθέστηκε
1417 2444 1485 2499 τῶν
1503 2433 1593 2517 γένει

492 2542 731 2623 προσηκόντων
745 2537 800 2604 καὶ
814 2550 885 2615 τοῖς
903 2538 1138 2623 ἀδικουμένοις
1158 2540 1371 2626 ἰσχυρότερος
1389 2550 1447 2624 τῆς
1466 2541 1595 2607 αὐτῶν

494 2645 658 2713 ἐκείνων
682 2647 793 2733 ῥώμης
815 2644 870 2711 καὶ
894 2645 1060 2730 πατράσιν
1082 2645 1184 2711 υλέων
1208 2646 1428 2731 εὐνούστερος
1450 2655 1518 2715 κτλ.

449 2776 494 2821 or.
514 2755 670 2818 nxxvnl
1157 2778 1159 2782 ’

484 2856 560 2946 Ἆρα
593 2864 649 2928 διά
682 2872 784 2929 ταῦτα
816 2861 872 2928 καλ
900 2865 939 2928 sd
968 2873 1107 2929 τοιαῦτα
1135 2861 1298 2946 ἐνομίσθη
1327 2864 1433 2947 σοφὸς
1461 2862 1498 2928 έν
1524 2875 1635 2940 τοῖςιο

481 2968 642 3053 Ἕλλησιν
665 2970 819 3047 Ἡσίοδος
842 2972 897 3035 καλ
921 2971 1076 3055 οὐδαμῶς
1098 2969 1232 3048 ἀνάξιος
1259 2970 1386 3053 ἐκείνης
1408 2979 1467 3052 τῆς
1489 2968 1587 3054 δόξης

491 3078 535 3153 ὡς
558 3079 621 3143 οὐκ
644 3077 844 3162 ἀνθρωπίνη
868 3077 964 3162 τέχνη
988 3079 1029 3142 τά
1052 3082 1219 3161 ποιήματα
1237 3089 1345 3142 ποιῶν
1363 3101 1398 3142 τε
1416 3075 1471 3140 καλ
1490 3075 1594 3162 ᾄδων,

492 3183 575 3248 ἀλλὰ
599 3194 671 3258 ταῖς
693 3185 850 3258 Μούσαις
869 3182 1018 3267 ἐντυχὼν
1036 3184 1091 3248 καλ
1109 3184 1262 3267 μαθητὴς
1280 3183 1410 3249 αὐτῶν
1428 3181 1595 3249 ἐκείνων

492 3293 684 3374 γενόμενος;

358 3396 455 3480 Quid,
488 3396 568 3460 haec
596 3417 724 3478 quoquc
754 3394 920 3459 toleranda
953 3396 1114 3476 ducimm,
1146 3417 1184 3460 ac
1216 3418 1281 3461 non
1314 3397 1451 3460 alterum
1484 3400 1593 3460 utrum

358 3526 469 3568 eorum
496 3502 724 3586 pronominum
753 3503 842 3566 ocius
870 3501 1070 3566 auferimus?
1103 3500 1165 3566 Sed
1193 3504 1339 3568 addimus
1367 3524 1407 3567 ex
1435 3502 1595 3569 Pausania

357 3632 468 3690 unum,
491 3613 527 3672 1i⁷
543 3609 595 3692 26,
611 3608 629 3672 7

493 3715 511 3780 ὑ
535 3716 573 3780 δὲ
603 3714 767 3799 Ἐπιτέλης
790 3719 1059 3801 παραγενόμενος
1083 3715 1116 3793 ές
1138 3719 1176 3782 τὸ
1200 3715 1376 3802 εἰρημένον
1394 3721 1519 3802 χωρίον
1539 3717 1593 3782 ε’π-

472 3822 608 3907 Ὶε’τυχεν
636 3823 790 3910 ὀρύσσων
818 3825 919 3910 ὑδρίᾳ
946 3829 1050 3909 χαλκῇ
1078 3823 1134 3889 καὶ
1162 3825 1279 3890 αὐτίκα
1304 3827 1393 3908 παρὰ
1416 3826 1477 3889 τὸν
1496 3823 1593 3890 Ἐπα-

492 3932 683 4014 μεινώνδαν
710 3936 848 4016 κομίσας
880 3934 917 3997 τό
945 3955 979 3996 τε
1013 3930 1185 3997 ἐνύπνιον,
1205 3929 1352 4014 ἐξηγεῖτο
1384 3932 1439 3996 καλ
1472 3933 1593 3996 αὐτὸν
1608 3955 1634 3995 so

493 4037 648 4104 ἐκεῖνον
663 4042 699 4103 τὸ
718 4049 816 4122 πῶμα
835 4037 1004 4122 ἀφελόντα
1023 4036 1176 4103 ἐκέλευεν
1194 4040 1258 4104 ὅτι
1277 4036 1365 4123 ἐνείη
1385 4046 1593 4104 σκοπεῖσθαι,

447 4143 530 4210 Item
553 4168 653 4210 unum
678 4169 717 4210 ex
741 4145 948 4229 Alciphronis
972 4145 1208 4229 epistolis129
1228 4144 1329 4231 (1v2)

493 4253 629 4319 δέδοικα
652 4253 690 4317 δὲ
713 4253 755 4317 ού
778 4253 815 4316 σὲ
838 4261 1002 4317 τοσοῦτον
1025 4252 1106 4317 ὅσον
1129 4253 1250 4317 αὐτὸν
1274 4251 1445 4336 ἐκεῖνον,

359 4363 473 4427 scribit
496 4360 641 4445 Glycera,
664 4359 875 4424 Menandrum
899 4357 1010 4423 dicens
1034 4381 1130 4443 supra
1153 4363 1373 4424 memoratum.

448 4468 596 4553 Denique
619 4490 658 4532 ex
677 4466 782 4551 Longi
800 4465 1022 4531 Pastoralibus
1042 4464 1092 4552 (lv
1110 4463 1220 4551 17,1),
1243 4467 1329 4550 apud
1349 4489 1444 4550 quom
1465 4466 1592 4532 Gnatho

359 4577 519 4660 parasitus
543 4575 724 4659 Daphnidis
748 4594 855 4638 amore
878 4572 971 4656 pueri
993 4573 1161 4656 pastoricii
1188 4574 1337 4637 incensus
1365 4574 1514 4659 precibus
1539 4576 1593 4639 do-

286 4707 287 4712 *
359 4683 483 4748 minum
506 4682 582 4762 adit,
605 4682 708 4745 filium
732 4680 852 4762 erilem,
875 4683 912 4742 ut
933 4701 967 4743 ss
991 4679 1059 4743 cius
1083 4684 1265 4763 compotem
1285 4680 1410 4767 reddat3
1433 4682 1520 4765 quod
1539 4681 1593 4746 ille

360 4811 393 4854 so
417 4789 578 4854 facturum
601 4789 775 4872 promittit:
800 4808 825 4851 c.
843 4786 882 4850 17

494 4895 555 4960 ούκ
584 4895 720 4980 ἀντέσχε
748 4892 882 4960 κλύοντι
911 4892 965 4958 καλ
995 4888 1096 4971 αὖθις
1120 4899 1198 4973 τοὺς
1226 4897 1330 4972 πόδας
1354 4903 1592 4981 καταφιλοῦντι
