3967 5725
390 599 456 664 202
574 603 660 654 XLII.
680 602 797 652 INDEX
814 602 1030 654 LEOTIONUM
1049 601 1292 654 HIBERNARUM
1312 600 1445 672 rstsseo.

390 762 478 840 Quae
503 762 599 828 nobis
622 785 689 828 non
712 766 797 829 reete
820 763 964 848 eooipers
986 762 1150 848 videntur,
1178 764 1234 847 qui
1258 763 1304 828 sio
1326 763 1503 848 ascipiunt,
1530 767 1567 827 ut
1591 762 1626 826 in

389 892 486 935 unam
506 871 697 935 sententiam
717 873 831 936 ooeant
849 870 928 935 huso
946 870 1000 936 oze
1006 871 1129 952 prolem
1142 869 1348 936 Dolichaonis
1361 870 1503 936 Hebrum
1516 869 1627 934 sternit

388 976 486 1057 humi,
509 976 614 1042 medio
638 976 831 1062 interposito
855 976 953 1042 simili
977 977 1065 1062 quod
1088 978 1127 1042 ab
1151 976 1213 1042 hae
1235 977 1383 1062 replens
1402 976 1543 1042 alienum
1563 980 1625 1040 est:

390 1084 462 1168 quis
495 1083 580 1148 enim
613 1083 784 1149 crediderit
812 1087 880 1147 tem
911 1083 1050 1149 absurde
1081 1083 1173 1168 loqui
1204 1083 1395 1168 prudentem
1427 1086 1556 1168 poetam
1588 1086 1626 1146 ut

390 1191 484 1275 dieat,
502 1190 563 1268 tile,
582 1190 664 1256 velot
679 1211 773 1274 nepos
793 1192 859 1256 vim
877 1195 1038 1256 ventorum
1049 1192 1172 1274 perfert
1183 1192 1313 1257 immoto
1325 1210 1464 1270 morenos,
1484 1190 1626 1255 Hebrum

388 1297 500 1364 sternit
516 1298 614 1362 homi.
651 1295 754 1362 Immo
774 1298 842 1383 ipse
861 1301 955 1362 tenor
972 1297 1165 1363 narrationis
1184 1297 1310 1384 probat,
1333 1297 1527 1362 Mezentium
1551 1297 1625 1379 diei,

389 1404 441 1468 oui
469 1425 579 1469 omnes
607 1404 730 1469 instant
757 1403 886 1487 armati,
918 1403 1007 1469 velut
1035 1426 1149 1488 rupem
1177 1404 1306 1470 obviam
1334 1408 1503 1469 ventorum
1531 1403 1624 1469 furiis

389 1511 456 1575 vim
484 1513 633 1576 ounotem
661 1510 828 1595 minasque
855 1511 1010 1595 perferre3
1039 1510 1077 1576 de
1105 1532 1184 1597 rupe
1212 1511 1313 1598 igitur
1341 1532 1423 1595 quse
1451 1510 1535 1575 elate
1558 1510 1624 1574 sint

388 1618 533 1701 proprie,
565 1617 732 1682 transferri
764 1617 799 1681 in
831 1617 1031 1683 consimilem
1064 1617 1284 1684 condicionem
1313 1617 1476 1702 Mezentii3
1510 1617 1624 1682 deinde

349 1750 376 1791 io
390 1722 507 1790 subiioi
535 1723 592 1788 illa
616 1724 747 1789 ‘sternit
773 1723 863 1789 humi
885 1722 1048 1789 Hebrum’
1078 1727 1110 1789 et
1137 1725 1270 1808 reliqua.
1312 1723 1379 1792 Sor.
1403 1746 1445 1788 m.
1470 1722 1574 1807 Aprili
1595 1746 1623 1788 e.

388 1846 585 1896 MDOOOXCV.
