3967 5725
356 632 424 696 284
585 633 695 683 XLVII.
714 631 830 682 INDEX
848 631 1063 682 LECTIONUM
1080 630 1313 681 AESTIVARUM
1332 631 1410 680 1898.

354 794 431 860 Non
449 817 571 859 novum
588 793 652 858 hoc
670 798 720 858 est
738 792 794 858 sed
812 815 831 855 a
848 792 1014 857 Brunckio
1029 790 1295 877 Argentoratensi
1314 811 1341 854 a.
1356 807 1591 854 unccnxxxm

355 903 525 966 inventum
546 905 579 965 et
601 901 751 984 breviter,
774 903 811 963 ut
833 899 884 962 illi
906 903 1029 962 veteres
1049 898 1204 982 solebant,
1227 898 1453 984 significatum.
1492 894 1591 962 Cuius

356 987 548 1073 sententiam
567 1007 749 1074 rationibus
768 1006 924 1090 expositis
943 1006 1133 1070 confirmare
1153 1009 1185 1069 et
1204 1029 1223 1070 a
1241 1005 1412 1070 contrariis
1432 1004 1592 1088 opinioni·

356 1116 416 1180 bus
440 1115 632 1180 defensitare
656 1114 850 1194 studuimus,
872 1135 939 1177 non
956 1113 1119 1178 inutiliter
1135 1113 1282 1196 fortasse,
1306 1112 1333 1176 si
1353 1111 1482 1196 quidem
1500 1109 1590 1175 illam

356 1245 376 1286 a
396 1225 524 1286 nemine
548 1222 762 1287 recentiorum
784 1220 952 1305 probatam
977 1219 1133 1304 videmus,
1155 1223 1380 1304 praeterquam
1403 1241 1422 1282 a
1441 1217 1591 1300 Velseno,

357 1352 376 1393 a
399 1330 490 1393 cuius
514 1329 634 1395 iudicio
653 1328 813 1392 Zacherus
837 1348 932 1411 saepe
955 1348 1014 1391 suo
1035 1330 1114 1410 iure,
1137 1328 1171 1390 in
1189 1327 1250 1390 hac
1268 1349 1302 1390 re
1321 1348 1447 1392 summa
1464 1325 1591 1408 iniuria,

355 1441 393 1501 ut
419 1437 514 1502 nobis
541 1437 686 1519 uidetur,
714 1435 850 1499 deflexit.
887 1433 950 1497 nst
977 1438 1083 1498 autem
1112 1433 1175 1498 hoc
1204 1455 1332 1518 quoque
1356 1433 1455 1498 officii
1477 1432 1591 1515 critici,

355 1565 421 1609 non
450 1543 556 1608 solum
584 1543 753 1607 emendare
779 1543 952 1625 depravata
975 1542 1031 1605 sed
1054 1545 1142 1605 certo
1167 1541 1334 1606 emendata
1357 1560 1532 1626 agnoscere
1554 1560 1591 1602 ac

355 1651 440 1715 tueri
468 1671 573 1735 neque
599 1672 638 1714 ea
663 1652 733 1734 pati
759 1649 852 1714 novis
881 1669 1008 1732 semper
1035 1647 1242 1732 opinionibus
1271 1647 1365 1712 obrui
1394 1651 1426 1711 et
1452 1646 1486 1710 in
1510 1646 1591 1712 obli-

316 1788 343 1828 ιο
356 1760 483 1823 vionem
512 1757 635 1822 adduci.
673 1755 767 1833 Quod
795 1756 822 1820 si
845 1756 932 1819 hunc
954 1777 1051 1840 quem
1073 1757 1333 1840 recuperavimus
1357 1755 1590 1818 sententiarum

356 1865 502 1934 ordinem
532 1864 689 1929 curiosius
717 1864 921 1947 rimabimur,
951 1885 1018 1928 non
1047 1863 1152 1928 solum
1179 1883 1358 1947 pronomen
1386 1861 1498 1926 αὐτῶν
1525 1860 1590 1924 iam

355 1994 449 2037 suum
470 1971 599 2056 habere,
621 1993 686 2055 quo
705 1975 845 2056 regatur,
867 1991 985 2035 nomen
1004 1969 1226 2056 intelligimus,
1250 1969 1421 2034 sedetiam
1440 1968 1540 2033 verba
1557 1988 1591 2031 se

357 2080 440 2144 sicut
463 2102 522 2164 par
545 2083 594 2143 est
617 2078 776 2162 excipere,
798 2075 854 2142 καὶ
877 2087 1040 2153 σποπεῑς
1063 2089 1130 2142 τῶν
1152 2081 1301 2143 πολιτῶν
1324 2077 1415 2152 ὅστις
1437 2079 1505 2140 κτλ.
1527 2077 1591 2140 κᾶν

355 2185 419 2250 τιν’
442 2187 572 2251 αὐτῶν
586 2194 697 2275 γνῷς,
717 2184 985 2268 quemadmodum
999 2183 1177 2249 Mercurius
1191 2184 1337 2268 loquitur
1350 2183 1384 2247 in
1398 2182 1481 2247 Pace
1495 2179 1591 2270 (543)
1636 2211 1638 2254 ;

569 2292 625 2358 καὶ
647 2296 754 2358 τῶνδε
777 2296 896 2357 τοίνυν
919 2301 987 2355 τῶν
1010 2291 1192 2376 θεωμένων
1215 2293 1353 2357 σκόπει

569 2403 609 2465 τὰ
631 2398 796 2483 πρόσωφ’,
820 2401 875 2463 ἵνα
899 2406 996 2486 γνῷς
1019 2400 1077 2475 τὰς
1100 2398 1223 2484 τέχνας.

356 2505 420 2571 Sed
438 2511 471 2570 et
484 2507 566 2571 illud
579 2507 680 2590 probe
694 2507 888 2585 institutum,
908 2506 996 2590 quod
1009 2506 1050 2570 ab
1065 2506 1271 2572 ὑπευθύνων
1285 2507 1591 2573 commemoratione

356 2612 444 2700 (259.
464 2611 554 2700 260),
579 2613 635 2696 qui
658 2614 743 2678 cives
767 2614 899 2697 quidem
922 2617 999 2677 sunt
1022 2618 1055 2678 et
1077 2614 1150 2697 ipsi,
1172 2617 1286 2698 utpote
1304 2615 1513 2701 magistratus
1532 2634 1590 2678 suo

355 2743 486 2785 munere
513 2722 578 2784 iam
605 2720 723 2803 functi,
751 2721 790 2784 ad
820 2721 1001 2786 universam
1027 2721 1146 2785 civium
1169 2722 1408 2786 multitudinem
1431 2719 1513 2809 (264
1535 2720 1590 2786 καὶ

315 2840 488 2904 οοσκοπεῐς
515 2851 553 2912 γε
580 2838 657 2893 τῶν
683 2825 871 2913 πολιτῶν)
898 2828 1118 2914 progreditur,
1146 2827 1257 2893 eodem
1285 2829 1380 2893 modo
1404 2851 1468 2914 quo
1492 2829 1588 2912 paulo

354 2940 429 3000 ante
461 2934 695 3000 Demosthenes
731 2936 947 3019 allantopolae
985 2935 1040 3019 qui
1079 2936 1245 3019 σύμμαχοι
1282 2935 1349 2999 sint
1378 2936 1482 3001 futuri
1513 2958 1589 3002 enu-

354 3047 456 3107 merat
479 3041 575 3129 (225)

569 3148 640 3216 ἀλλ’
668 3148 754 3215 εἰσὶν
779 3150 896 3233 ἱππῆς
919 3151 1040 3231 ἄνδρες
1063 3147 1186 3232 ἀγαθοὶ
1209 3152 1338 3234 pileos,

568 3255 623 3322 καὶ
647 3268 715 3322 τῶν
737 3262 911 3322 πολιτῶν
934 3257 969 3322 οἱ
989 3259 1088 3321 καλοί
1108 3279 1143 3321 τε
1166 3256 1319 3340 κάγαθοί.

352 3387 429 3429 nam
453 3364 539 3429 cives
563 3368 639 3430 sunt
661 3365 785 3447 equites
808 3386 876 3428 non
893 3366 1000 3427 minus
1020 3386 1117 3448 quam
1135 3362 1337 3447 irasciturus,
1361 3365 1415 3429 sed
1435 3364 1475 3429 ab
1493 3365 1646 3433 utris-14

354 3494 426 3555 que,
459 3473 516 3555 qui
544 3470 706 3555 peculiare
729 3492 831 3555 genus
855 3471 974 3534 civium
998 3471 1213 3554 constituunt,
1240 3470 1376 3536 discedit
1399 3472 1436 3536 τὸ
1459 3477 1589 3555 πλῆθος

353 3590 421 3642 τῶν
443 3582 600 3643 πολιτῶν.
636 3577 682 3643 nt
705 3600 768 3662 quo
793 3578 896 3663 magis
919 3578 1142 3661 perspiciatur,
1168 3577 1246 3642 duas
1268 3581 1377 3661 partes
1401 3600 1470 3643 esse
1493 3580 1588 3645 unius

354 3685 540 3768 sententiae,
564 3706 644 3769 quas
663 3707 722 3749 suo
743 3683 902 3749 connexui
921 3684 1127 3770 reddidimus,
1146 3684 1227 3749 illud
1246 3684 1512 3751 considerandum
1531 3691 1588 3771 est,

352 3791 450 3856 huius
481 3793 659 3857 sententiae
691 3792 979 3857 conformationem
1011 3794 1107 3877 plane
1139 3812 1324 3875 comparem
1351 3813 1422 3856 esse
1449 3792 1479 3856 ei
1507 3814 1590 3876 quae

292 3925 340 3976 ,οο
352 3899 528 3982 praecessit
556 3899 595 3962 de
620 3898 826 3963 ὑπευθύνων
849 3897 945 3963 rebus
969 3903 1002 3962 et
1025 3900 1177 3963 miseriis:
1205 3902 1342 3982 utraque
1365 3900 1450 3963 enim
1473 3899 1589 3963 harum

354 4005 514 4070 sententia
540 4009 649 4089 partes
677 4006 775 4070 hahet
803 4006 882 4069 duas
910 4005 1037 4070 easdem
1066 4005 1121 4070 sed
1149 4005 1261 4069 ordine
1284 4006 1445 4071 contrario
1470 4010 1502 4070 et
1524 4009 1591 4091 ple-

353 4112 461 4176 niores
485 4114 595 4194 altera,
618 4111 719 4175 altera
740 4112 912 4177 breviores.
948 4111 1080 4177 Etenim
1104 4116 1237 4176 utente
1255 4112 1339 4176 dixit
1357 4112 1473 4178 chorus
1493 4110 1590 4200 (259)

355 4216 614 4297 ἀποσνκάζεις
646 4221 725 4295 τοὺς
757 4219 974 4296 ὑπευθύνους
1008 4230 1167 4283 σκοπῶν
1200 4219 1289 4296 ὅστις
1317 4220 1445 4285 αὐτῶν
1476 4219 1589 4285 πέπων

354 4322 453 4410 ἐστίν,
477 4327 523 4389 sic
542 4325 617 4391 dein
637 4325 746 4391 eadem
765 4329 798 4389 et
815 4326 943 4410 plenius
963 4326 1089 4391 inverso
1110 4326 1220 4391 ordine
1240 4324 1335 4414 (264)
1354 4325 1409 4391 καὶ
1429 4338 1590 4403 σκοπεῖς

354 4442 421 4496 τῶν
452 4438 600 4498 πολιτῶν
632 4432 723 4509 ὅστις
754 4431 847 4498 ἐστὶν
878 4433 1047 4518 ἀμνοκῶν,
1079 4431 1134 4498 καὶ
1164 4432 1222 4497 ἐάν
1249 4432 1319 4499 τιν’
1346 4434 1477 4499 αὐτῶν
1504 4442 1590 4521 γνῷς

355 4537 563 4623 ἀπράγμονα,
581 4537 831 4624 ἐνεκολήβασας.
862 4538 917 4604 Illi
935 4562 1011 4605 vero
1029 4544 1221 4627 argumento
1236 4562 1296 4604 nos
1310 4540 1393 4605 nihil
1406 4540 1590 4625 tribuimus,

354 4666 419 4728 quo
438 4644 598 4711 Zacherus
617 4647 680 4712 sibi
698 4648 788 4711 visus
807 4651 856 4711 est
874 4648 1107 4731 transponendi
1126 4668 1280 4712 conamen
1300 4646 1497 4733 confutarem
1520 4647 1588 4715 ‘sed

354 4753 401 4816 sic
428 4751 478 4815 bis
504 4751 604 4835 idem,
631 4753 751 4836 inquit,
780 4753 819 4817 de
842 4754 955 4817 iisdem
979 4754 1099 4819 diceret
1121 4754 1357 4838 Aristophanes
1381 4752 1525 4841 (τρέμων
1547 4756 1587 4819 τὰ

354 4858 529 4942 πράγματα
547 4895 591 4904 -
610 4857 832 4945 ἀπράγμον’).’
866 4858 951 4924 Nam
970 4860 1027 4945 qui
1045 4861 1142 4927 huius
1162 4862 1317 4926 orationis
1335 4866 1483 4927 naturam
1500 4862 1589 4947 peni-
