3967 5725
425 641 707 692 ADNOTATIONES
727 640 989 692 GRAMMATICAE
1007 640 1047 691 IN
1068 640 1269 692 SOPHOCLIS
1287 641 1490 693 ELEOTRAM.
1528 639 1595 702 515

494 802 615 866 ὡσανεὶ
639 803 793 886 νύγματα
814 801 833 884 ἢ
854 800 1045 885 ἀραιώματα
1065 801 1257 882 ἐμποιοῦν
1276 803 1316 866 τὰ
1335 801 1460 886 μεγέθη
1480 820 1594 868 σννοι·

494 909 726 993 κονομούμενα
749 919 788 994 τῇ
812 932 846 973 τε
869 909 951 991 πρὸς
975 909 1101 990 ἄλληλα
1125 908 1233 991 σχέσει
1256 907 1555 994 συντετειχισμένα,

359 1016 392 1079 in
417 1015 535 1099 quibus
559 1015 642 1079 nihil
664 1039 683 1080 a
706 1015 824 1081 codicis
848 1015 1043 1081 testimoniis
1073 1015 1208 1080 discedit
1235 1015 1297 1079 nisi
1322 1014 1409 1098 quod
1433 1014 1596 1097 ἐμποιοῦν

304 1127 344 1184 15
359 1123 398 1186 τὰ
425 1122 569 1205 positum
597 1129 646 1187 eat
673 1144 732 1205 pro
760 1120 971 1204 ἐμποιοῦντα.
1012 1119 1131 1185 Contra
1163 1122 1312 1186 dixerunt
1336 1122 1422 1184 enim
1445 1121 1595 1186 homines

360 1229 447 1293 docti
471 1233 504 1292 et
521 1229 618 1310 acuti,
641 1229 696 1312 qui
715 1228 868 1293 editorem
889 1227 968 1292 adeo
989 1228 1168 1293 soloecismi
1188 1229 1221 1292 in
1241 1229 1327 1293 hunc
1345 1228 1491 1293 libellum
1510 1230 1595 1293 illati

360 1338 551 1400 accusarunt
588 1339 758 1418 propterea
792 1334 879 1419 quod
910 1335 1117 1419 participium
1149 1335 1322 1400 articulum
1354 1356 1420 1399 non
1452 1334 1598 1418 haberet,

359 1441 526 1526 vulgarem
555 1442 741 1526 opinionem
769 1441 918 1526 amplexi.
966 1440 1054 1517 Quae
1083 1463 1179 1524 quam
1207 1441 1290 1506 falsa
1317 1445 1401 1505 esset
1429 1440 1594 1506 Bekkerus

362 1547 475 1612 dooere
498 1551 634 1631 poterat,
662 1548 811 1631 idemque
837 1548 931 1612 nobis
954 1547 1102 1611 videmur
1125 1548 1275 1632 pluribus
1299 1549 1496 1633 argumentis
1520 1569 1594 1612 con-

360 1654 512 1720 firmasne.
553 1653 627 1718 Nisi
658 1656 715 1738 qui
738 1655 822 1719 forte
845 1655 892 1719 sic
915 1654 1136 1736 ratiocinatur,
1164 1656 1198 1719 in
1221 1656 1401 1740 participiis
1424 1655 1594 1720 masculini

361 1761 488 1846 generis
515 1761 579 1826 hoo
608 1761 694 1846 quod
722 1763 908 1846 statuimus,
935 1784 1003 1826 non
1031 1761 1065 1824 in
1094 1763 1239 1826 neutrius
1262 1762 1372 1826 locum
1394 1761 1639 1847 habuisse*).1o

360 1867 429 1933 Nos
453 1870 547 1933 istam
573 1869 772 1952 sententiam,
797 1890 860 1952 qua
882 1867 962 1932 vitia
985 1869 1141 1933 orationis
1160 1889 1234 1932 cum
1253 1868 1390 1932 aedificii
1410 1869 1596 1933 exstruendi

361 1975 450 2040 vitiis
473 1975 725 2058 contenduntur,
751 1980 789 2039 ut
812 1975 869 2039 illa
891 1973 1007 2039 horum
1032 1973 1243 2040 similitudine
1267 1976 1490 2060 explanentur,
1518 1976 1596 2040 satis

361 2081 540 2166 simplicem
564 2104 633 2147 esse
656 2104 717 2148 nec
739 2082 806 2146 ulla
829 2082 1027 2148 obscuritate
1050 2081 1238 2165 impeditam
1261 2082 1470 2168 arbitramur;
1500 2083 1596 2146 inter-

361 2193 526 2272 pretamur
558 2193 679 2271 autem,
709 2193 748 2254 ut
780 2189 967 2253 brevissime
1000 2210 1187 2273 possumus,
1219 2189 1277 2253 ita:
1311 2191 1516 2273 λυμαίνεταιΙ
1531 2191 1596 2274 γὰρ

362 2305 465 2360 ταῦτα
497 2294 578 2381 (scil.
607 2297 647 2360 τὰ
674 2294 974 2377 ἐγκαταταττόμενα
1003 2296 1067 2360 διὰ
1100 2294 1223 2376 μέσου
1254 2296 1344 2360 velut
1372 2297 1536 2378 φλοιῶδες
1563 2299 1597 2358 et

362 2397 521 2487 ἄσεμνον)
554 2403 591 2467 τὸ
620 2401 701 2467 ὅλον
729 2399 831 2489 (quod
858 2402 971 2466 mediis
1000 2406 1050 2466 est
1078 2403 1278 2487 oppositum,
1309 2423 1349 2466 ne
1378 2401 1416 2466 de
1444 2402 1595 2466 adverbio

363 2509 537 2594 cogitetur3
560 2507 600 2572 cf.
620 2507 657 2573 έν
679 2532 709 2573 τι
735 2520 829 2592 σῶμα
852 2532 882 2593 p.
902 2510 954 2593 22,
975 2509 1030 2590 15)
1050 2507 1171 2574 ὡσανεὶ
1190 2510 1346 2592 ψύγματα
1364 2507 1384 2592 ι)
1405 2509 1596 2593 ἀραιώματα

363 2615 525 2700 ἐμποιοῦν
549 2615 594 2702 (h.
615 2637 640 2679 e.
664 2614 682 2679 ὃ
706 2613 834 2698 ἐμποιεῖ
857 2616 925 2680 sive
949 2614 966 2680 ὃ
990 2614 1034 2680 ἂν
1057 2612 1191 2701 ἐμποιῇ)
1214 2617 1254 2681 τὰ
1276 2615 1402 2700 μεγέθη
1426 2614 1596 2702 (λυμαίνε-

362 2721 430 2808 ται)
454 2723 785 2807 σννοιιιονομούμενα
807 2732 847 2808 τῇ
870 2745 905 2787 τε
924 2723 1007 2806 πρὸς
1026 2724 1151 2806 ἄλληλα
1171 2722 1279 2808 σχέσει
1298 2722 1595 2808 σνντετειχισμένα.

453 2827 592 2917 Tantpm
624 2832 685 2896 est:
718 2827 794 2916 περὶ
827 2825 865 2895 δὲ
895 2830 1025 2895 τούτων
1058 2829 1147 2906 ὅπως
1179 2828 1315 2909 ἕκαστος
1347 2830 1445 2908 αὐτὸς
1476 2829 1596 2897 ἑαυτὸν
1609 2852 1636 2893 ιο

362 2937 517 3003 πέπεικεν
540 2936 647 3014 οὕτως
670 2936 938 3021 ὑπολαμβανέτω.
986 2935 1053 3001 Ser.
1068 2960 1109 3001 m.
1123 2936 1294 3003 Decembri
1309 2960 1335 3002 a.
1351 2955 1539 3003 unccccm.

452 3131 517 3194 *10)
536 3129 658 3183 Articuli
680 3130 840 3200 participiis
864 3130 988 3184 addendi
1007 3146 1043 3184 ne
1061 3130 1146 3183 nimis
1166 3129 1262 3198 cupidi
1282 3131 1367 3185 simus
1387 3131 1507 3185 fortasse
1526 3130 1596 3185 haec

364 3235 475 3287 quoque
498 3236 571 3286 quae
589 3218 717 3273 Platonis
736 3222 803 3273 sunt
820 3236 876 3272 non
895 3219 1001 3272 frustra
1019 3217 1213 3272 admonebunt
1232 3219 1276 3287 (de
1290 3236 1320 3273 re
1333 3237 1361 3287 p.
1376 3236 1393 3270 x
1408 3236 1435 3288 p.
1451 3224 1502 3271 611
1513 3218 1542 3286 b)
1561 3220 1595 3272 οῦ

364 3304 465 3383 rigidum
489 3308 583 3363 ἀΐδιον
607 3304 682 3362 εἶναι
706 3305 844 3364 σύνθετόν
867 3327 897 3362 τε
921 3307 951 3361 ἐκ
974 3310 1083 3361 πολλῶν
1102 3307 1206 3375 καὶμὴ
1225 3314 1258 3377 τη
1277 3305 1405 3377 καλλίστῃ
1425 3306 1595 3377 κεχρημένον

365 3396 504 3465 συνθέσει,
523 3397 577 3450 hoc
596 3381 639 3451 ost
658 3394 673 3449 ὃ
693 3393 832 3451 σύνθετόν
851 3398 925 3450 ἐστιν
943 3396 992 3449 καλ
1011 3396 1048 3464 μὴ
1068 3394 1245 3465 κεχρημένον.
