3967 5725
408 602 456 666 ²50
577 605 701 657 xxxvr.
721 605 836 655 runnu
855 605 1069 657 nnonronun
1087 606 1329 658 mnnnnunun
1349 606 1479 679 sanasse.

404 766 546 847 priorem
570 766 711 847 aliquam
734 767 845 847 cepisse
863 768 1052 833 occasionem
1071 768 1130 833 loci
1148 769 1359 851 temporisque,
1382 790 1475 852 apros
1492 772 1653 851 rapuisse,

411 872 500 939 urbes
521 874 648 955 aliquas
670 893 877 955 cnpupnasse:
905 896 974 941 eum
998 875 1150 954 Romana,
1173 895 1228 941 seu
1250 877 1446 957 compareris
1461 878 1556 959 prior
1584 877 1686 942 ali-0¹

406 1000 475 1061 ,qua
496 1001 550 1046 seu
571 980 689 1059 ciceris,
714 985 818 1045 tamen
840 982 935 1046 etiam
958 1002 1028 1046 cum
1050 984 1127 1046 nicto
1150 988 1178 1046 et
1196 983 1314 1047 iacente
1331 982 1514 1048 lactandum
1532 982 1651 1065 esse*)..

415 1087 619 1169 Qmummem
642 1088 765 1169 siquis
789 1108 839 1153 eos
866 1090 902 1153 iu
924 1088 1026 1153 Italia
1050 1090 1229 1168 lacessierit,
1257 1091 1325 1155 suas
1352 1110 1402 1155 cos
1428 1090 1550 1172 opibus,
1577 1092 1651 1157 mis·

410 1194 537 1273 uiribus,
559 1196 627 1259 suis
650 1196 751 1258 armis
766 1215 859 1277 posse
881 1196 1008 1274 uincere,
1036 1197 1204 1277 sicutipse
1228 1197 1343 1277 fecerit.
1389 1195 1450 1261 Sin
1475 1218 1547 1262 vero
1574 1200 1655 1279 quis<

410 1302 477 1366 illis
499 1300 601 1365 Italia
628 1300 711 1366 uelut
734 1302 836 1381 fonte
863 1304 1003 1367 uirium
1030 1304 1164 1381 cesserit,
1185 1304 1322 1384 moinde
1345 1303 1421 1384 fulli
1443 1324 1481 1368 ac
1502 1306 1538 1369 si
1559 1306 1653 1386 quis

410 1428 537 1474 amnes
559 1428 631 1472 non
654 1407 698 1471 ab
721 1408 818 1489 ipsis
838 1409 1003 1489 fontium
1020 1410 1251 1491 primordiis
1270 1410 1457 1490 derivare,
1479 1412 1544 1476 sed
1560 1432 1646 1476 con·

407 1517 522 1580 arctis
548 1516 623 1579 iam
652 1534 837 1595 aquarum
864 1515 1025 1580 molibus
1051 1520 1217 1581 auertere
1243 1517 1299 1580 ael
1326 1520 1518 1583 eusiccare
1545 1518 1644 1582 uelit.

410 1621 516 1685 Paene
539 1624 641 1685 totam
666 1620 847 1685 orationem
866 1621 1060 1687 Hannibalis
1083 1622 1311 1707 descripsimus
1335 1644 1399 1707 quo
1423 1624 1527 1711 magis
1550 1628 1646 1689 tenor
1660 1637 1706 1696 1ss

368 1754 394 1793 ro
410 1750 446 1792 ao
463 1733 465 1737 ’
482 1728 634 1792 decursus
666 1726 897 1793 sententiarum
930 1729 998 1794 eius
1032 1728 1252 1813 dispiceretur.
1307 1728 1360 1793 Ex
1393 1752 1430 1795 eo
1467 1734 1574 1795 autem
1612 1735 1646 1795 et

409 1834 549 1899 maxime
572 1833 623 1897 his
642 1836 814 1917 postremis
834 1857 914 1919 quae
934 1834 1022 1918 dicit,
1045 1836 1163 1919 quibus
1182 1836 1253 1921 ipsa
1272 1855 1368 1921 quam
1387 1838 1538 1901 volumus
1557 1837 1645 1901 simi-

407 1941 513 2005 litudo
534 1940 721 2025 explicatur,
744 1941 808 2005 iam
827 1965 887 2026 par
905 1946 954 2006 est
972 1941 1121 2029 intelligi,
1140 1966 1237 2028 quam
1256 1943 1290 2007 in
1309 1964 1377 2006 rem
1397 1944 1483 2028 apud
1501 1943 1644 2010 Ennium

406 2072 425 2111 a
451 2048 597 2114 fontibus
627 2048 678 2113 vel
706 2049 847 2114 fontium
875 2053 1062 2135 contemptu
1091 2050 1223 2115 ductum
1256 2050 1360 2115 simile
1393 2052 1537 2115 converti
1569 2056 1644 2135 apta

407 2156 559 2238 potuerit.
615 2154 670 2221 Sic
702 2156 788 2220 enim
821 2158 998 2222 sententiae
1030 2157 1237 2240 particulam,
1274 2179 1370 2241 quam
1402 2156 1501 2221 habet
1532 2178 1652 2223 versus-

409 2261 588 2345 Eunianus,
612 2263 812 2348 supplemus:
837 2264 864 2327 si
887 2264 960 2347 quis
985 2264 1214 2349 contempserit
1232 2265 1340 2328 fontes
1360 2264 1477 2347 quibus
1497 2266 1645 2351 exerngit

407 2391 510 2453 aquae
533 2368 591 2452 vis,
615 2372 671 2453 qui
693 2370 815 2435 valebit
838 2369 866 2433 is
889 2391 998 2435 amnes
1018 2370 1175 2435 concretis
1196 2391 1352 2454 aquarum
1370 2370 1512 2435 molibus
1531 2376 1643 2436 auctos

409 2497 519 2561 regere
543 2498 589 2540 ac·
603 2477 742 2541 domare.
789 2476 832 2540 nt
856 2476 920 2541 iam
944 2478 1054 2541 statim
1077 2482 1211 2560 apparet
1233 2476 1313 2561 quid
1334 2477 1434 2541 fuerit
1457 2477 1545 2561 quod
1572 2478 1649 2542 fon-

407 2584 491 2647 tium
519 2587 635 2647 natura
662 2584 779 2648 additis
806 2583 871 2648 illis
899 2585 1010 2666 quibus
1039 2587 1178 2667 camupit
1204 2605 1305 2667 aquae
1331 2586 1379 2649 ais
1407 2584 1648 2671 depingeretur.

408 2689 481 2754 Hoc
505 2694 611 2755 autem
636 2690 743 2773 simili,
767 2692 813 2755 sic
836 2695 873 2754 ut
891 2695 941 2755 est
958 2690 1043 2775 apud
1061 2688 1230 2774 lustinum,
1253 2690 1353 2755 Ennii
1373 2712 1502 2775 quoque
1520 2690 1643 2757 Hanni*

367 2796 515 2864 sobolem
534 2820 627 2862 usum
646 2802 808 2882 putemne,
827 2801 864 2863 ut
881 2796 1045 2863 Antiocho
1064 2797 1280 2883 persuaderet,
1295 2820 1362 2864 non
1380 2798 1415 2863 in
1435 2797 1569 2863 Graecia
1587 2803 1650 2864 aut-

405 2903 485 2995 Asia
509 2906 563 2969 sed
587 2905 621 2967 in
644 2902 753 2990 Italia,
780 2906 837 2970 ubi
864 2905 971 2970 fontes
999 2905 1117 2969 virium
1141 2926 1251 2969 eorum
1277 2910 1396 2990 essent,
1424 2903 1544 2970 bellum
1569 2928 1645 2972 cunr

406 3010 562 3076 Romanis
581 3013 756 3098 gerendum
776 3010 894 3100 esse*).
929 3010 1080 3078 Consiliis
1100 3011 1229 3094 quidem
1248 3011 1442 3077 Hannibalis
1459 3034 1554 3076 usum
1573 3034 1649 3078 essa

406 3117 604 3184 Antiochum
624 3119 749 3184 Ennius
773 3141 902 3203 quoque
926 3123 1038 3184 auctor
1062 3123 1119 3202 est,
1142 3118 1316 3184 euiushos
1340 3123 1406 3184 tres
1428 3141 1541 3183 versus
1561 3117 1639 3207 (381

407 3263 448 3272 -
474 3223 555 3312 383)
583 3249 600 3291 e
629 3226 872 3291 decimotertio
897 3224 1237 3309 annalidepromptos
1263 3223 1386 3290 Gellius
1409 3223 1557 3310 tradidit,
1585 3227 1645 3310 qui

405 3331 468 3396 hoo
497 3354 624 3416 quoque
654 3333 739 3416 quod
768 3337 914 3417 apertum
945 3335 992 3396 est
1020 3331 1162 3396 affirmat
1184 3331 1384 3398 Antiochum
1407 3331 1503 3397 Asiae
1531 3355 1645 3419 regem

405 3460 475 3503 esse
500 3439 556 3522 qui
578 3439 658 3504 haec
682 3440 775 3503 dicat.

611 3545 779 3610 Hannibal
802 3545 918 3609 audaci
942 3566 1011 3610 oum
1027 3553 1150 3628 pectore
1173 3547 1210 3610 de
1233 3567 1281 3610 me
1302 3546 1444 3610 tutatur

611 3653 661 3716 Ne
679 3653 791 3716 bellum
808 3653 929 3732 facium
948 3674 1036 3734 quem
1056 3654 1190 3718 credidit
1206 3672 1269 3717 esse
1287 3672 1389 3716 meum
1407 3673 1458 3718 cor

611 3758 779 3824 Suasorem
802 3780 959 3824 mmmmm
982 3767 1011 3824 ct
1032 3761 1205 3825 studiosum
1227 3759 1334 3824 robore
1356 3759 1436 3824 bdli.

404 3897 452 3904 v---.
468 3896 512 3903 -.-
528 3899 554 3902 -

511 3972 557 4039 *3)
577 3970 667 4039 Prope
686 3973 719 4023 ut
736 3969 880 4024 Hannibal
900 3970 1070 4025 Horatianus
1090 3970 1129 4040 (C.
1145 3989 1172 4022 ιν
1186 3975 1212 4035 4,
1227 3971 1272 4038 65)
1291 3969 1361 4023 dicit
1381 3969 1415 4023 de
1435 3970 1569 4026 Romanis
1627 4037 1632 4046 ¹

726 4076 823 4114 pruses
837 4061 990 4128 motando,
1005 4060 1150 4128 pulchrior
1168 4059 1270 4125 coenit;

727 4151 833 4215 lactere,
852 4150 940 4204 multa
956 4150 1068 4217 proruit
1086 4150 1223 4218 inteprum

725 4255 786 4291 cnm
806 4239 888 4292 lande
906 4239 1040 4292 amtorem.

494 4322 558 4394 ⁸22)
578 4323 623 4379 Sic
642 4326 718 4394 apud
738 4325 847 4380 Livium
867 4342 978 4396 quoque
992 4323 1137 4380 Hannibal
1155 4341 1249 4379 coram
1263 4326 1403 4380 Antiocho
1418 4325 1544 4395 loquitur
1557 4345 1646 4380 xxxvr

406 4419 483 4481 7,1e
502 4415 547 4469 De
570 4416 702 4484 Philippo
730 4432 816 4470 rreum
843 4417 1005 4471 senmutiam
1031 4416 1128 4481 labem
1153 4415 1186 4468 de
1213 4416 1322 4471 rationu
1343 4417 1466 4470 mnirari
1488 4416 1551 4470 belli
1573 4418 1649 4485 quid

403 4505 544 4572 sentirem,
568 4505 624 4558 iam
648 4506 683 4560 ab
707 4505 788 4559 initio
813 4521 868 4560 non
886 4506 1029 4576 ipnoraeti.
1065 4504 1144 4574 Quod
1160 4505 1187 4558 ai
1205 4509 1263 4558 tum
1280 4505 1395 4560 auduus
1411 4506 1511 4572 screno,
1534 4521 1591 4558 noa
1608 4505 1642 4558 in

405 4593 520 4648 Habora
536 4593 690 4648 Chalcidem
703 4601 813 4662 captum
827 4599 852 4647 ct
865 4595 1006 4648 castellum
1019 4594 1127 4662 Euripi
1140 4600 1328 4664 cupupnatum
1342 4594 1474 4658 Romani,
1491 4595 1538 4647 sed
1552 4594 1649 4663 Etrur-

404 4684 477 4737 riam
497 4684 686 4755 Liparumque
705 4690 730 4737 ct
750 4683 860 4737 Galliae
876 4683 1035 4750 Cisalpinae
1053 4699 1130 4735 mam
1149 4682 1216 4736 bello
1230 4685 1325 4737 ardere
1339 4690 1372 4749 et,
1391 4684 1440 4752 qui
1452 4684 1591 4737 mouimus
1604 4684 1642 4737 iis

404 4779 492 4827 terror
515 4779 566 4839 est,
594 4773 784 4828 Hannibalem
808 4775 839 4824 iu
862 4772 950 4824 Italia
973 4788 1028 4825 esse
1051 4771 1181 4824 erudirent
1203 4787 1226 4824 e.
1242 4790 1268 4839 q.
1283 4791 1304 4825 a.
1343 4770 1384 4824 ef.
1404 4771 1492 4825 etiam
1515 4770 1647 4825 Iustinua

402 4879 469 4914 xxxr
484 4867 513 4928 3,
530 4866 552 4915 7.
1092 4888 1094 4891 ·
