3967 5725
487 619 537 668 DE
555 617 690 669 FORMIS
709 618 923 679 QUIBUSDAM
941 617 1165 668 SENTENTIAE
1184 617 1473 668 COMPARATIVAE.
1534 613 1599 679 193

455 777 571 843 Restat
597 778 728 842 tertium
756 778 843 862 quod
870 800 910 843 ex
932 777 1096 842 Theocriti
1120 777 1267 843 versibus
1290 776 1397 842 exorsi
1420 776 1599 862 disceptare

366 885 543 969 voluimus,
566 884 653 969 quod
676 907 871 970 quamquam
893 885 929 950 in
950 884 1008 948 illo
1032 885 1198 968 prooemio
1221 888 1395 949 tractatum
1418 888 1481 967 est,
1503 882 1600 948 habe-

365 1015 439 1058 mus
467 996 575 1056 tamen
603 991 721 1076 quibus
744 991 801 1057 illa
823 991 934 1077 augeri
957 1012 1024 1056 non
1047 991 1218 1076 inutiliter,
1245 993 1401 1057 nonnulla
1423 994 1536 1056 nostra
1558 991 1598 1055 ab

366 1099 472 1164 alieno
501 1098 620 1164 iudicio
650 1099 806 1164 vindicari
829 1120 925 1183 posse
948 1098 1125 1162 videantur.
1166 1097 1297 1162 Etenim
1321 1099 1461 1182 quaein
1485 1096 1598 1182 idyllio

367 1206 418 1291 12,
438 1205 458 1271 8
481 1206 648 1291 leguntur,
671 1206 710 1270 de
733 1206 851 1290 quibus
874 1227 972 1290 supra
995 1205 1134 1270 diximus
1157 1203 1202 1292 (p.
1219 1204 1307 1292 185),

312 1333 352 1390 14
500 1315 623 1377 τόσσον
645 1308 696 1396 ἔμ’
724 1313 893 1396 εὔφρανας
916 1314 957 1376 τὺ
981 1315 1107 1394 φανείς,
1131 1314 1266 1396 σκιερὰν
1290 1310 1320 1377 δ’
1347 1311 1412 1377 ὑπὸ
1436 1313 1547 1396 φαγόν

498 1418 613 1484 ιἰελιόυ
636 1419 827 1503 φρύγοντος
850 1417 1027 1502 ὁδοιπόρος
1049 1415 1195 1503 ἔδραμον
1219 1419 1263 1494 ὥς
1285 1443 1336 1497 τις

365 1527 556 1612 plerumque
578 1547 676 1610 prave
699 1529 833 1611 accepta
855 1525 902 1588 sic
925 1526 1165 1610 interpretenda
1188 1525 1348 1609 duximus,
1370 1530 1408 1590 ut
1426 1548 1461 1591 se
1480 1525 1600 1590 diceret

365 1633 459 1718 pueri
490 1636 617 1697 amator
644 1635 757 1696 urente
785 1634 853 1696 sole
881 1632 940 1697 sub
968 1632 1036 1718 fagi
1064 1632 1210 1697 umbram
1239 1632 1429 1717 cucurrisse,
1460 1632 1600 1718 figurata

365 1739 511 1823 oratione
529 1740 692 1823 professus
711 1742 869 1824 quantum
888 1739 1110 1804 delectationis
1128 1739 1191 1804 sibi
1209 1739 1366 1803 adventus
1385 1739 1497 1804 amasii
1516 1743 1598 1806 attu·
1615 1773 1640 1811 ιο

364 1846 464 1911 lisset.
501 1846 546 1910 Et
572 1845 651 1910 haec
677 1858 906 1931 μεταφορικῶς
933 1845 1018 1910 elata
1047 1868 1105 1930 per
1132 1868 1166 1911 se
1189 1850 1337 1912 constare
1359 1850 1523 1930 poterant:
1547 1846 1600 1911 ad·

367 1953 443 2018 ditis
464 1953 572 2018 verbis
595 1953 641 2031 ὡς
663 1952 841 2037 ὁδοιπόρος
863 1978 914 2031 τις
934 1953 1026 2038 origo
1051 1953 1257 2038 metaphorae
1280 1953 1435 2038 aperitur,
1461 1957 1494 2017 et
1518 1974 1600 2037 quae

364 2061 498 2144 propria
520 2064 596 2125 sunt
619 2060 750 2125 viatoris
773 2061 857 2125 inter
878 2060 947 2125 vias
971 2060 1013 2126 ob
1034 2062 1193 2125 fervorem
1213 2061 1290 2125 solis
1310 2061 1434 2125 arboris
1453 2061 1601 2126 umbram

366 2167 505 2251 petentis
528 2188 566 2230 ea
584 2168 729 2232 videmus
748 2169 782 2233 in
800 2168 907 2252 ipsum
926 2189 996 2234 esse
1015 2172 1192 2232 amatorem
1211 2167 1368 2233 translata
1385 2166 1490 2233 reditu
1508 2169 1601 2252 pueri

368 2273 540 2338 desiderati
559 2275 782 2339 exhilaratum.
813 2274 938 2340 Eodem
957 2275 1053 2340 modo
1073 2275 1107 2339 in
1125 2274 1240 2358 idyllio
1259 2273 1357 2339 tertio
1377 2277 1520 2340 extremo
1537 2274 1602 2340 for·

367 2385 489 2446 matum
518 2384 567 2446 est
595 2380 713 2464 simile,
741 2381 828 2464 quod
855 2386 887 2446 et
915 2383 1022 2465 ipsum
1046 2381 1236 2466 interpretes
1260 2403 1373 2466 parum
1398 2386 1485 2448 recte
1508 2403 1601 2467 expe·

367 2487 505 2553 dierunt.
544 2486 623 2553 Cum
647 2491 734 2553 enim
757 2489 921 2572 caprarius
943 2490 1137 2554 lamentetur

501 2603 671 2679 κεισεῡμαι
696 2592 868 2661 dicacior
890 2594 945 2660 καὶ
969 2594 1021 2662 τοὶ
1046 2597 1140 2661 λύκοι
1164 2591 1231 2662 ὧδέ
1247 2594 1279 2679 μ’
1306 2594 1453 2662 ἔδονται·

501 2703 546 2778 ὡς
568 2702 642 2786 μέλι
665 2725 716 2767 τοι
740 2706 848 2785 γλυκὺ
870 2712 970 2768 τοῦτο
993 2704 1076 2768 κατὰ
1098 2706 1262 2788 βοόχθοιο
1286 2701 1430 2787 γένοιτο,

367 2808 447 2875 haec
469 2810 556 2893 dicit,
579 2809 706 2895 alapis
730 2831 781 2876 me
804 2810 950 2875 devorari
972 2815 1158 2897 pergratum
1181 2811 1243 2877 tibi
1267 2811 1426 2896 acciderit,
1449 2810 1504 2876 sed
1524 2810 1601 2895 quia
1616 2843 1642 2883 rc

367 2940 387 2981 a
409 2918 504 2982 melle
527 2918 615 2982 ducit
639 2918 757 3002 simile,
785 2919 831 2982 ita
852 2918 1011 3002 loquitur,
1038 2933 1090 2983 mc
1113 2920 1230 3003 perire,
1257 2919 1320 2983 hoe
1343 2917 1403 2983 tibi
1427 2919 1520 2984 dulce
1542 2940 1601 3003 per

368 3028 481 3111 guttur
500 3024 671 3089 descendat
689 3024 794 3089 mellis
812 3026 916 3090 instar
934 3026 1076 3090 suaviter
1093 3048 1151 3110 per
1169 3030 1283 3111 guttur
1297 3026 1474 3090 defluentis.
1506 3024 1600 3103 Quod

367 3135 417 3195 est
444 3135 645 3197 contractum
674 3132 834 3215 quoddam
857 3154 959 3220 genus
982 3132 1142 3197 enuntiati
1165 3132 1389 3217 comparativi,
1417 3133 1513 3216 idque
1535 3132 1600 3197 late

367 3241 458 3323 patet
480 3242 513 3302 et
536 3237 613 3301 olim
637 3238 857 3322 compluribus
880 3240 1044 3324 exemplis,
1067 3238 1199 3303 Pindari
1219 3239 1367 3323 inprimis
1387 3243 1420 3304 et
1438 3238 1601 3323 Aeschyli,

367 3345 503 3409 anobis
530 3344 723 3410 declaratum
753 3349 809 3411 est.
847 3345 935 3423 Quae
962 3368 1054 3411 nunc·
1070 3368 1137 3411 non
1159 3347 1335 3429 repetimus
1359 3346 1414 3410 sed
1437 3345 1599 3411 afferimus

367 3451 439 3536 alia,
463 3452 491 3516 si
514 3451 585 3516 fieri
607 3454 711 3536 possit
734 3455 772 3516 ut
795 3474 832 3517 ea
853 3455 936 3517 ratio
960 3475 1057 3536 qnam
1082 3453 1218 3517 dicimus
1242 3453 1375 3517 clariore
1399 3453 1433 3516 in
1455 3455 1527 3518 luce
1546 3476 1602 3537 po·

366 3718 425 3787 ipse
443 3717 519 3771 enim
538 3734 601 3771 cnm
620 3720 720 3773 micare
739 3717 862 3785 dicatur,
880 3721 977 3772 tamen
996 3718 1049 3772 hoo
1068 3717 1195 3783 verbum,
1215 3718 1291 3786 quod
1309 3716 1438 3771 nonnulli
1456 3717 1600 3785 interpun-

367 3806 460 3877 gendo
484 3823 501 3860 a
520 3807 578 3860 suis
596 3805 697 3862 vicinis
717 3809 877 3875 separatum
897 3808 935 3861 ad
952 3810 1010 3877 ipse
1027 3806 1119 3862 redire
1138 3806 1278 3871 indicant,
1303 3805 1390 3859 simili
1408 3805 1455 3860 cui
1473 3805 1602 3859 inhaeret

367 3896 610 3950 accommodatum
628 3898 657 3950 et
676 3913 739 3949 cum
758 3897 829 3952 lucet
845 3897 875 3949 in
894 3897 984 3952 altera
1004 3894 1189 3951 similitudine
1209 3895 1403 3963 comparatum
1421 3894 1546 3961 videtur,
1569 3896 1602 3947 ut

367 3983 434 4037 hine
457 4001 571 4039 necesse
594 3985 632 4039 sit
654 3985 788 4039 audietur
810 3985 840 4038 in
863 3986 956 4055 prima
978 3986 1119 4054 oratione,
1143 3985 1192 4039 sed
1211 3984 1288 4038 verbi
1307 3983 1397 4037 forma
1416 3998 1489 4051 quae
1507 3983 1601 4050 posita

367 4080 411 4127 est
430 4074 530 4128 eadem
548 4074 700 4143 cogitando
720 4074 876 4143 suppletur.
911 4076 980 4130 Aen.
995 4094 1034 4128 vn
1049 4080 1100 4129 585

581 4166 704 4219 certatim
721 4165 793 4235 repis
811 4165 989 4219 οίιοιιιιιολοιιλ
1007 4170 1076 4219 tecta
1094 4165 1207 4219 Latini:

581 4253 627 4307 ille
644 4254 717 4308 celet
729 4254 826 4324 pelopi
843 4270 925 4322 nepes
942 4256 1056 4308 immoto
1074 4255 1187 4320 resistit,

580 4350 612 4396 et
626 4344 723 4413 pelopi
739 4359 822 4411 rupee
840 4359 940 4413 ιιιομιιο
957 4345 1079 4398 ceaieate
1098 4343 1221 4414 impare,

581 4448 722 4499 quaesere
740 4432 834 4486 meltis
852 4433 955 4487 ciream
974 4432 1141 4487 iuuantibus
1158 4432 1243 4486 eadee

579 4522 649 4575 mole
667 4526 744 4575 tenet.

365 4608 412 4663 ille
430 4624 486 4676 quo
505 4608 588 4662 modo
606 4610 735 4665 restiterit
753 4609 914 4663 declaratur
932 4608 1073 4678 exemplo,
1098 4609 1147 4664 sed
1165 4611 1278 4663 ιἰιιιιιοιο
1295 4610 1409 4677 resistit,
1434 4626 1506 4679 qnae
1526 4627 1600 4664 oom-

365 4697 522 4767 parationis
542 4700 615 4767 sunt,
633 4716 691 4752 non
708 4697 839 4752 videntur
856 4714 939 4767 posse
958 4698 1077 4768 seiungi,
1095 4713 1186 4766 neque
1205 4698 1356 4767 quicquam
1374 4716 1410 4753 ne
1423 4698 1470 4753 hic
1485 4699 1600 4769 quidem

365 4782 593 4856 interpungendo
612 4786 747 4852 efficitur,
770 4787 820 4841 sed
839 4804 872 4843 ex
892 4786 1101 4856 comparatione
1120 4786 1240 4841 sumitur
1258 4787 1357 4843 eedem
1376 4788 1492 4858 quidem
1509 4788 1601 4843 forma

366 4874 483 4929 verbum
502 4875 539 4929 ad
557 4876 603 4930 ille
622 4876 698 4943 quod
716 4878 810 4930 mente
829 4877 958 4930 addatur.

420 4974 552 5015 Vahleni
566 4975 677 5023 opuscula
691 4976 722 5016 Π.
1354 4972 1387 5019 13
