3967 5725
623 598 640 611 .
731 588 782 639 nn
800 587 999 639 canosam
1015 589 1165 640 minuo
1183 589 1292 641 xvns
1576 589 1617 653 19

385 746 485 831 elata,
510 762 609 812 mera
625 750 689 813 ista
716 747 927 815 similitudine
954 749 1086 833 probari
1112 771 1179 815 non
1202 754 1324 835 potest,
1351 773 1390 815 ex
1417 773 1455 815 ea
1476 754 1515 816 ut
1537 752 1616 818 adeo

384 854 574 937 emendandi
597 856 779 947 ¹necessitas
810 859 947 941 petatur.
990 856 1112 921 Versus
1144 858 1229 922 enim
1262 855 1488 942 Theocriteus,
1521 880 1616 942 quern

382 961 458 1027 libri
482 961 712 1047 demonstrant,
728 959 855 1027 ’Ἅιδου
879 964 1216 1028 commemorationem
1239 964 1433 1049 nonhabet,
1461 986 1498 1030 ac
1520 966 1617 1031 nobis

381 1091 422 1133 ne
446 1069 588 1152 recipere
612 1069 740 1153 quidem
763 1069 851 1134 visus
876 1073 937 1155 est3
961 1070 1001 1134 ad
1024 1074 1131 1134 adrem
1154 1092 1230 1135 vero
1254 1070 1311 1135 illa
1333 1072 1430 1137 verba
1452 1072 1527 1137 addi
1550 1094 1616 1138 non

381 1176 536 1260 potuisse,
560 1176 632 1260 quis
655 1175 719 1241 hoc
741 1176 876 1241 instabit
901 1177 957 1260 qui
980 1176 1110 1263 cogitet,
1133 1198 1215 1261 quae
1237 1182 1335 1263 poeta
1353 1178 1471 1244 alicubi
1490 1178 1525 1243 in
1542 1183 1616 1244 abre

381 1282 569 1348 abscondita
597 1304 665 1348 esse
693 1282 784 1366 dicit,
813 1304 850 1346 ea
876 1287 914 1347 ut
941 1281 1144 1367 irreparabili
1171 1284 1259 1350 clade
1286 1286 1408 1369 perisse
1431 1285 1615 1370 affirmaret,

379 1391 470 1455 nulla
492 1412 527 1454 re
551 1391 660 1475 aptius
677 1389 764 1455 effici
782 1390 937 1474 potuisse.
981 1388 1059 1455 Non
1076 1388 1151 1474 plns
1160 1388 1246 1456 Ἄιδι
1268 1391 1384 1456 addere
1409 1396 1466 1456 aut
1489 1392 1615 1457 demere

380 1497 450 1581 ἀέρι
480 1496 602 1582 poterit
619 1496 808 1581 κέκρυπται
836 1497 987 1582 verbum3
1015 1497 1102 1583 quod
1130 1498 1260 1581 quidem
1287 1520 1381 1583 saepe
1407 1499 1614 1584 demortuis,

379 1605 413 1669 in
443 1609 529 1669 terra
557 1604 617 1669 vel·
636 1604 669 1668 in
698 1602 781 1671 Orco
810 1604 947 1670 conditis
975 1605 1054 1689 poni
1087 1607 1191 1671 solere
1222 1628 1316 1672 nemo
1349 1608 1493 1693 ignorat3
1524 1607 1615 1672 velut

378 1710 569 1776 Theocritus
593 1712 662 1797 ipse
686 1711 767 1778 dicit
790 1710 857 1795 (16,
871 1708 929 1797 30)
959 1714 1010 1776 εἰν
1028 1710 1141 1777 Ἀίδαο
1168 1713 1406 1799 κεκρυμμένος;
1435 1712 1613 1800 Sophocles
1627 1741 1656 1781 ιο

379 1816 547 1903 κρυφθεὶς
568 1818 634 1885 ὑπὸ
657 1828 718 1903 γῆς
740 1828 844 1884 κεῖται
867 1819 1024 1901 τεθνεώς,
1047 1818 1126 1885 alibi
1149 1822 1209 1886 τὸν
1232 1819 1270 1885 έν
1289 1821 1384 1908 τάφφ
1402 1821 1614 1908 κρυφθέντας

377 1926 552 2011 Euripides
583 1927 703 2011 νεκρὸν
730 1979 737 1990 .
765 1977 773 1990 .
801 1926 932 2010 κρύψας
964 1930 1069 2010 χθονί
1097 1931 1130 1990 ct
1162 1934 1361 2011 κρυφθῆτον
1393 1930 1504 2012 χθονί.
1550 1926 1614 1993 Sed

362 2056 437 2099 ⁴nec
465 2034 580 2099 unicus
608 2038 658 2098 est
684 2034 739 2100 hic
765 2055 843 2098 usus
867 2036 900 2097 et
923 2034 958 2097 in
980 2032 1033 2098 his
1054 2037 1164 2099 tamen
1187 2038 1220 2098 et
1242 2035 1366 2119 reliqua
1388 2037 1544 2101 varietate
1560 2036 1614 2102 ‚di-

377 2141 470 2207 cendi
497 2162 657 2224 nusquam
683 2162 751 2206 non
777 2142 909 2224 propria
935 2141 985 2205 vis
1013 2140 1103 2205 verbi
1127 2142 1323 2227 agnoscitur,
1352 2163 1434 2225 quae
1457 2147 1506 2207 est
1528 2144 1613 2207 aufe

376 2247 469 2313 rendi
492 2270 512 2311 a
535 2251 718 2333 conspectu,
742 2248 829 2331 quod
848 2270 948 2312 unum
972 2250 1030 2331 cst,
1054 2248 1107 2313 scd
1131 2269 1199 2312 non
1222 2270 1287 2312 una
1310 2248 1348 2312 de
1372 2270 1467 2313 causa
1489 2249 1527 2313 fit
1553 2271 1613 2315 nec

377 2354 514 2421 consilio
537 2374 612 2419 uno.
659 2352 764 2430 Quare
782 2353 962 2438 κέκρυπται
980 2356 1017 2419 in
1033 2376 1128 2419 versu
1147 2353 1337 2420 Theocriteo
1357 2356 1413 2439 qui
1430 2356 1612 2440 ἠφάνισται

376 2482 446 2525 csse
478 2460 602 2545 dicunt,
635 2465 721 2526 recte
754 2462 878 2545 dicunt,
909 2460 1092 2528 Fridcricus
1124 2460 1291 2528 Iacobsins
1321 2462 1362 2526 ad
1394 2461 1613 2548 Theocritum,

374 2568 560 2634 Lobeclrius
583 2568 617 2633 in
636 2567 768 2634 Aiacem
791 2592 820 2634 v.
837 2569 923 2633 1035
938 2591 968 2653 p.
984 2566 1050 2633 356
1061 2591 1099 2651 s,
1124 2570 1180 2653 qui
1202 2568 1264 2634 hoc
1287 2590 1382 2634 versu
1405 2574 1516 2635 tuetur
1537 2574 1570 2634 et
1592 2593 1612 2634 a

375 2675 553 2762 zeugmatis
577 2675 730 2760 opinione
752 2674 869 2740 liberat
892 2676 990 2741 verbs
1014 2674 1185 2761 Sophoclis
1209 2676 1245 2740 in
1266 2675 1398 2741 lllectra
1419 2699 1448 2741 v.
1463 2677 1529 2742 435

510 2780 576 2848 ἀλλ’
604 2781 625 2868 i}
648 2794 805 2848 πνοαῖσιν
828 2781 848 2866 ἢ
872 2785 1087 2865 βαθυσκαφεῖ
1109 2786 1201 2849 κόνει
1417 2771 1420 2774 i
1624 2811 1652 2850 so

509 2891 641 2975 κρύφον
664 2915 732 2974 νιν,
755 2893 840 2955 ἔνθα
863 2892 909 2975 μή
931 2888 1000 2955 ποτ’
1027 2893 1074 2966 εἰς
1097 2891 1200 2974 εὐνὴν
1221 2891 1344 2974 πατρὸς

510 2998 639 3063 τούτων
661 3000 814 3083 πρόσεισι
836 2997 957 3082 μηδέν·
982 2996 1050 3062 ἀλλ’
1077 2998 1158 3063 ὅταν
1180 2998 1281 3082 θάνῃ,

509 3103 644 3190 κειμήλι’
673 3105 756 3190 αὐτῇ
779 3112 882 3169 ταῦτα
906 3103 1061 3192 σῳζέσθω
1086 3105 1184 3188 κάτω,

374 3215 410 3276 in
434 3212 551 3296 quibus
574 3213 630 3277 vix
648 3212 777 3278 tandem
796 3211 961 3276 desierunt
980 3212 1084 3277 critici
1103 3212 1297 3276 coniecturis
1315 3211 1435 3293 ludere,
1458 3212 1514 3294 qui
1533 3213 1610 3295 qnia

374 3319 577 3402 dubitabant,
599 3320 731 3403 κρύψον
754 3319 848 3382 etiam
874 3318 914 3382 ad
937 3329 1096 3384 πνοαῖσιν
1118 3339 1215 3402 posse
1237 3322 1324 3384 recte
1345 3317 1466 3402 referri,
1490 3319 1524 3382 in
1544 3318 1609 3382 alia

374 3429 483 3492 omnia
505 3426 632 3510 abrepti
655 3430 743 3510 sunt3
768 3425 821 3489 sed
841 3448 900 3490 nos
926 3425 983 3508 qui
1006 3425 1170 3491 Lobeckio
1195 3425 1388 3491 assentimus
1412 3426 1446 3489 in
1465 3446 1502 3488 co
1522 3424 1609 3508 quod

373 3539 472 3619 negat
496 3533 536 3598 ad
559 3543 717 3599 πνοαῖσιν
740 3533 868 3596 aliunde
891 3532 1026 3597 verbum
1049 3532 1269 3596 asciscendum
1293 3553 1370 3616 esse,
1395 3531 1434 3595 de
1452 3535 1522 3596 tota
1540 3552 1609 3595 ora·

374 3643 464 3705 tione
486 3641 534 3704 ita
557 3639 745 3723 iudicamus,
768 3641 814 3722 ut,
838 3638 925 3721 quod
948 3640 988 3702 ad
1007 3640 1184 3724 zeugmatis
1202 3642 1349 3703 naturam
1369 3637 1501 3720 accedit,
1523 3638 1608 3702 idem
1681 3634 1683 3639 ’

372 3747 507 3812 verbum
544 3769 610 3812 non
646 3746 779 3811 eandem
816 3745 988 3829 utrobique
1025 3768 1102 3831 prae
1139 3768 1173 3810 se
1213 3746 1297 3811 ferre
1339 3746 1607 3831 significationem

316 3862 356 3919 18
374 3857 567 3919 statuamus:
592 3853 678 3937 quod
701 3854 787 3918 enim
810 3853 845 3918 in
868 3851 969 3919 altera
992 3858 1084 3936 parte
1107 3853 1250 3937 positum
1270 3852 1403 3916 verbum
1428 3856 1485 3936 est,
1509 3874 1557 3935 eo,
1579 3852 1607 3915 si
1621 3879 1648 3918 ao

373 3965 459 4026 recte
482 3965 624 4026 mentem
647 3960 831 4045 accipimus,
862 3960 1016 4025 abscondi
1039 3959 1169 4025 iubetur
1192 3960 1279 4043 quod
1302 3958 1458 4023 condatur
1482 3980 1608 4024 conser-

372 4066 470 4132 vandi
494 4089 598 4153 causa,
621 4069 704 4134 sicut
727 4068 761 4131 in
783 4066 882 4131 Aiace
906 4065 971 4131 658

507 4175 625 4258 κρύψω
649 4173 716 4240 τόδ’
746 4177 840 4258 ἔγχος
862 4174 998 4258 τούμόν,
1021 4170 1181 4257 ἔχθιστον
1204 4176 1311 4254 βελῶν

509 4286 606 4366 γαίας
628 4281 748 4366 ὀρύξας
770 4278 856 4346 ἔνθα
879 4285 924 4365 μή
947 4305 997 4358 τις
1020 4283 1145 4362 ὄψεται,

508 4387 575 4454 ἀλλ’
604 4389 684 4454 αὐτὸ
708 4386 768 4465 νὺξ
784 4386 908 4472 ’Ἅιδης
931 4412 966 4452 τε
989 4390 1163 4476 σῳζόντων
1185 4388 1284 4469 κάτω,

374 4493 428 4582 (cf.
447 4495 551 4582 lphig.
570 4495 664 4560 Taur.
684 4493 773 4582 826),
797 4494 837 4558 ed
860 4505 1017 4560 πνοαῖσιν
1040 4494 1124 4559 idem
1148 4516 1214 4559 non
1238 4494 1367 4558 auditur
1389 4494 1453 4558 nisi
1475 4493 1509 4556 vi
1532 4493 1606 4556 sim·

371 4602 550 4689 plicissima
568 4602 703 4668 tollendi
722 4625 761 4668 ex
785 4601 895 4668 oculis.
942 4601 986 4665 Et
1004 4602 1065 4666 hac
1083 4601 1185 4688 igitur
1203 4601 1438 4687 significatione
1456 4601 1491 4663 in
1508 4620 1605 4662 versu

371 4710 539 4775 Theocriti
566 4709 744 4794 κέκρυπται
773 4731 846 4775 cum
875 4714 946 4772 πῖνε
972 4708 1180 4772 coniunctum
1208 4729 1276 4772 esse
1307 4709 1468 4789 volumus,
1500 4725 1605 4787 neque

373 4839 412 4881 eo
432 4818 537 4883 minus
556 4821 641 4882 recte
659 4816 804 4881 locutum
822 4819 980 4900 putamus·
991 4812 1208 4900 Theocritum,
1228 4836 1323 4898 quam
1342 4814 1398 4876 aut
1411 4809 1606 4890 Dionysium

344 4935 347 4940 .
1355 4913 1390 4965 2.
