3967 5725
697 578 997 631 nsfflunnmouas
1015 578 1230 629 PLAUTINAE.
1298 614 1326 637 ³

536 741 598 805 1111
621 762 670 806 me
692 742 830 806 1111111
853 746 881 806 a
903 741 1172 822 cousaupuc'uimtc
1187 741 1402 823 propinquum

538 848 667 931 Pauper
689 850 726 912 11
748 869 840 912 arma
857 853 952 929 pater
968 848 1089 928 primis
1111 847 1171 912 buc
1192 849 1280 921 misit
1301 848 1341 912 ab
1364 849 1468 926 mmm,
1578 875 1589 891 ·

356 961 427 1020 tum
438 955 477 1019 de
486 954 632 1019 Pallante
647 959 679 1019 et
693 954 762 1018 eius
776 954 893 1018 comite
902 951 1025 1019 Acoete
1038 954 1118 1017 haec
1131 957 1302 1018 narrantur
1310 954 1345 1019 in
1357 952 1526 1017 undecimo
1538 952 1591 1017 30.

464 1133 466 1135 ,
537 1060 657 1145 Corpus
678 1061 732 1126 uli
754 1061 896 1126 mauimi
911 1062 1052 1144 positum
1076 1060 1239 1125 Pallantis
1260 1061 1386 1125 Acoetes

536 1168 688 1234 Suualat
708 1170 819 1246 senior,
842 1169 898 1249 qui
920 1167 1098 1233 Parrhasio
1120 1168 1277 1232 Euauduo

302 1286 340 1340 11
536 1276 686 1359 Armiger
708 1280 780 1340 aute
800 1276 872 1357 fuit,
895 1276 950 1339 sed
970 1295 1034 1340 uou
1054 1274 1197 1356 famous
1220 1296 1314 1356 aeque

479 1406 480 1409 ¹
537 1385 619 1448 Tum
644 1403 742 1448 comcs
764 1384 917 1464 auspiciis
940 1403 1013 1447 coro
1036 1382 1130 1446 datus
1151 1382 1218 1446 ibat
1239 1382 1378 1447 alumuo.

360 1490 422 1561 His
446 1490 639 1555 sententiam
658 1489 797 1555 similem
816 1486 990 1577 Plautus*)
1013 1488 1080 1553 illis
1103 1488 1248 1554 versibus
1272 1488 1442 1573 expressit,
1465 1488 1499 1551 in
1523 1488 1593 1572 qui·

361 1599 421 1663 bus
445 1619 485 1662 ex
507 1600 620 1663 mmita
645 1597 722 1663 olim
746 1618 836 1678 quom
862 1597 942 1661 itaut
964 1595 1015 1659 vel
1037 1617 1129 1678 quom
1152 1597 1217 1660 itur
1240 1596 1426 1680 effecerunt,
1453 1617 1591 1679 quorum

360 1705 442 1769 illud
465 1703 639 1769 Camerarii
663 1708 727 1788 est,
753 1703 815 1769 hoc
839 1704 926 1787 quod
948 1702 1146 1768 Ritscbelius
1168 1702 1303 1790 recepit,
1329 1702 1393 1768 iam
1420 1703 1455 1766 in
1477 1702 1592 1767 codici·
1607 1728 1643 1768 ro

336 1810 339 1815 ’
359 1812 433 1876 bus·
446 1811 638 1895 quibusdam
662 1815 840 1875 correctum
862 1810 991 1897 legitur.
1037 1809 1237 1874 Pescennio
1254 1810 1308 1874 via
1326 1810 1477 1887 derelicta
1495 1809 1593 1873 aliam

360 1917 498 2005 ingressi
531 1921 621 2002 sunt,
654 1916 690 1981 Ο.
715 1916 874 2001 Seyfferto
907 1916 1067 2001 principe,
1099 1916 1156 2000 qui
1187 1940 1214 1981 a.
1244 1917 1331 1982 1870
1362 1918 1397 1981 in
1428 1916 1592 2003 Philologi

359 2024 565 2089 Leutaclriani
590 2024 652 2089 vol.
671 2041 759 2089 xxlx
772 2047 803 2109 p.
819 2024 884 2088 393
907 2023 955 2087 ita
978 2023 1131 2109 disputat,
1153 2026 1266 2089 comita
1289 2024 1339 2088 vel
1363 2025 1507 2089 comitum
1531 2021 1593 2110 (sic

359 2174 702 2269 enim'interpretatur
725 2174 812 2269 quod
835 2184 869 2247 in
893 2183 1001 2247 codice
1024 2181 1143 2247 Vetere
1172 2184 1345 2250 adnotatur
1371 2184 1436 2271 legi
1463 2133 1592 2271 1111111)

358 2292 443 2356 nihil
461 2313 529 2356 esse
547 2292 610 2357 nisi
629 2284 777 2375 comitem,
796 2290 892 2374 idque
911 2290 952 2354 ad
970 2291 1197 2371 adminiculum
1215 2290 1376 2376 glossema
1394 2291 1591 2375 adscriptum

360 2424 379 2463 a
397 2399 505 2463 Plauti
524 2396 922 2485 oratione'segregandum
943 2418 1019 2461 esse.
1051 2396 1121 2473 Qua
1140 2419 1217 2479 voce
1235 2397 1363 2462 sublata
1381 2398 1461 2463 duos
1479 2420 1591 2462 versus

355 2500 513 2571 iambicos
535 2505 737 2589 recuperauit

533 2614 592 2677 Ad
615 2613 762 2694 lepiouem
786 2613 993 2677 adminiclum
1016 2614 1046 2677 is
1068 2613 1192 2677 dauuut

536 2722 618 2785 Tum
642 2722 710 2784 iam
733 2720 868 2801 aliquem
892 2726 1055 2803 coquatum
1077 2740 1178 2785 suum.

355 2825 430 2893 Hoc
459 2830 690 2912 commentum,
719 2827 796 2912 quia
823 2827 1004 2911 speciosum
1031 2830 1079 2890 est
1107 2830 1139 2890 et
1160 2826 1243 2910 ,quia
1270 2825 1332 2891 hoc
1358 2849 1460 2914 genus
1487 2849 1590 2892 emen·
1605 2851 1640 2892 ao-

357 2934 454 3015 dendi
488 2956 565 3019 prae
598 2934 712 2998 ceteris
745 2939 873 3018 captare
905 2934 987 3000 solet
1019 2956 1074 2998 eos
1103 2934 1158 3017 qui
1186 2934 1282 2998 hodie
1315 2935 1458 3000 criticam
1490 2940 1592 3000 artem

356 3041 522 3125 factitant,
550 3041 732 3126 perplacuit
759 3041 945 3125 multosque
973 3045 1103 3105 nactum
1131 3044 1179 3104 est
1203 3041 1336 3105 comites
1359 3063 1395 3106 ac
1417 3041 1591 3126 plausores.

358 3147 409 3212 lta
428 3147 466 3212 A.
487 3147 688 3234 SpengeliuS,
713 3149 769 3232 qni
793 3170 893 3212 unum
918 3169 960 3219 ex,
982 3147 1106 3212 duobus
1130 3169 1256 3211 versum
1279 3147 1452 3211 iambicum
1475 3149 1592 3212 consti-

355 3255 431 3339 tuit,
454 3256 488 3318 in
506 3255 591 3320 libro
611 3277 637 3319 a.
660 3255 744 3318 1882
765 3255 861 3338 edito,
885 3276 949 3338 quo
972 3257 1149 3318 metrorum
1169 3253 1393 3320 Plautinorum
1413 3256 1592 3320 doctrinam

357 3363 538 3427 instaurare
558 3383 730 3448 aggressus
749 3365 805 3445 est,
828 3385 859 3445 p.
879 3360 944 3427 225
965 3359 1019 3447 (cf.
1033 3385 1063 3444 p.
1078 3358 1159 3446 380)
1183 3366 1291 3425 namet
1310 3383 1343 3425 se
1361 3362 1485 3445 pridem
1503 3363 1590 3427 ultro

359 3469 394 3532 in
419 3491 487 3532 eam
512 3467 697 3552 opinionem
720 3467 870 3532 incidisse
895 3490 993 3551 quam
1018 3471 1130 3552 postea
1157 3469 1191 3530 in
1214 3469 1412 3533 Mostellaria
1439 3492 1457 3532 a
1481 3469 1591 3552 Sopho

358 3575 490 3661 Buggio
524 3598 550 3638 a.
581 3573 668 3638 1873
701 3574 785 3639 edita
822 3574 862 3638 ab
896 3597 933 3640 eo
971 3569 1159 3658 occupatam
1177 3603 1181 3608 ·
1197 3575 1378 3659 offenderit,
1416 3576 1591 3660 eodemque

359 3681 489 3768 Boggia
513 3684 643 3746 auctore
666 3682 825 3767 glossema
843 3680 925 3743 illud
943 3681 1069 3765 expulit
1081 3680 1263 3767 Ussiugius,
1281 3705 1385 3766 neque
1403 3683 1592 3747 clementius
1725 3748 1727 3753 ,

356 3787 435 3850 tulit
462 3787 650 3873 LorenziuS,
684 3788 741 3871 qui
772 3792 810 3853 ut
837 3810 897 3872 par
924 3787 987 3852 snit
1016 3787 1209 3870 Seyffertum
1243 3793 1406 3854 auctorem
1440 3789 1590 3873 appellat.
1626 3825 1628 3829 ,

356 3893 407 3957 De
429 3894 574 3958 versibus
596 3895 643 3958 ita
665 3895 759 3959 factis
782 3895 865 3958 nihil
887 3895 1031 3959 dicimus
1069 3893 1133 3959 Sed
1151 3895 1342 3959 sententiam
1362 3885 1441 3960 duni
1457 3896 1590 3982 diligen·
1603 3921 1642 3962 aa

355 3999 423 4084 tius
453 4001 680 4087 perspicimus,
714 4001 862 4085 quamvis
894 4001 1084 4065 audaculum
1114 4004 1156 4064 sit
1183 4006 1233 4066 tot
1259 4002 1338 4066 viris
1366 4003 1468 4067 doctis
1496 4009 1529 4067 et
1555 4003 1590 4068 in

356 4111 427 4172 arte
446 4106 597 4173 Plautina
621 4109 748 4196 egregie
771 4108 906 4173 versatis
930 4107 1073 4193 obloqui,
1097 4099 1203 4172 tamen
1227 4131 1293 4174 non
1315 4132 1486 4193 possumus
1510 4111 1589 4194 quin

356 4213 525 4298 fateamur,
554 4213 648 4279 nobis
671 4213 726 4278 vix
750 4215 901 4280 credibile
924 4215 1004 4298 fieri,
1026 4214 1110 4278 hanc
1134 4215 1311 4278 orationem
1335 4238 1534 4281 rammasse
1558 4221 1591 4281 et

357 4343 377 4384 a
399 4318 515 4384 Plauto
543 4321 730 4405 profectam.
785 4321 822 4386 In
851 4344 914 4407 qua
942 4322 1082 4407 primum
1110 4344 1175 4385 non
1203 4324 1248 4386 ad
1275 4323 1423 4406 lepiouem
1450 4326 1591 4390 1111111-

357 4422 461 4492 culum
484 4429 526 4494 iis
548 4429 626 4493 daut
648 4428 704 4491 sed
726 4428 840 4494 saltem
863 4431 907 4494 ad
928 4429 1077 4511 lepiouem
1100 4426 1338 4516 mutilumssdaut
1360 4431 1591 4496 adminiculum

357 4657 488 4710 militiam
508 4657 638 4712 euodius
661 4629 726 4730 daci
748 4659 841 4712 solitos
864 4674 918 4712 esse
936 4659 1070 4724 cudodes,
1094 4676 1112 4710 a
1131 4661 1230 4726 quidm
1243 4662 1336 4729 primo
1355 4675 1430 4712 auuo
1448 4663 1589 4728 repautcu.

358 4744 507 4800 Phoenicis
531 4746 560 4798 et
579 4744 718 4800 Pallantis
742 4746 868 4815 exemplo
887 4745 917 4798 in
936 4746 1035 4800 eadem
1055 4762 1084 4799 re
1103 4746 1194 4801 utitur
1213 4747 1319 4802 Statius
1335 4747 1400 4801 Silv.
1416 4765 1437 4797 11
1454 4754 1481 4811 1,
1496 4747 1598 4814 9011]

364 4857 366 4860 ·
447 4833 492 4904 18)
514 4831 568 4904 [Cf.
582 4833 700 4902 Marcet,
714 4840 747 4888 90
758 4835 806 4906 sa]
