<?xml version="1.0" encoding="UTF-8"?>
<!DOCTYPE html PUBLIC "-//W3C//DTD XHTML 1.0 Transitional//EN"
    "http://www.w3.org/TR/xhtml1/DTD/xhtml1-transitional.dtd">
<html xmlns="http://www.w3.org/1999/xhtml" xml:lang="en" lang="en">
 <head>
  <title>
</title>
<meta http-equiv="Content-Type" content="text/html;charset=utf-8" />
  <meta name='ocr-system' content='tesseract 3.04.00' />
  <meta name='ocr-capabilities' content='ocr_page ocr_carea ocr_par ocr_line ocrx_word'/>
</head>
<body>
  <div class='ocr_page' id='page_1' title='image "./iohannisvahleni00vahlgoog/iohannisvahleni00vahlgoog_0069.png"; bbox 0 0 3967 5725; ppageno 0'>
   <div class='ocr_carea' id='block_1_1' title="bbox 752 600 1598 693">
    <p class='ocr_par' dir='ltr' id='par_1_1' title="bbox 752 600 1598 693">
     <span class='ocr_line' id='line_1_1' title="bbox 752 600 1598 693; baseline 0.017 -14"><span class='ocrx_word' id='word_1_1' title='bbox 752 630 801 679; x_wconf 83' lang='lat' dir='ltr'>us</span> <span class='ocrx_word' id='word_1_2' title='bbox 821 600 1004 680; x_wconf 79' lang='lat' dir='ltr'>suumnns</span> <span class='ocrx_word' id='word_1_3' title='bbox 1021 628 1202 681; x_wconf 82' lang='lat' dir='ltr'>nnucuuu.</span> <span class='ocrx_word' id='word_1_4' title='bbox 1294 653 1297 659; x_wconf 89' lang='lat'>·</span> <span class='ocrx_word' id='word_1_5' title='bbox 1419 615 1422 621; x_wconf 73' lang='grc'><strong>’</strong></span> <span class='ocrx_word' id='word_1_6' title='bbox 1553 613 1598 693; x_wconf 81' lang='grc'>59</span> 
     </span>
    </p>
   </div>
   <div class='ocr_carea' id='block_1_2' title="bbox 315 775 1641 4942">
    <p class='ocr_par' dir='ltr' id='par_1_2' title="bbox 315 775 1641 4942">
     <span class='ocr_line' id='line_1_2' title="bbox 364 775 1598 878; baseline 0.002 -23"><span class='ocrx_word' id='word_1_7' title='bbox 364 794 451 855; x_wconf 87' lang='lat' dir='ltr'>stum</span> <span class='ocrx_word' id='word_1_8' title='bbox 479 791 626 855; x_wconf 80' lang='lat' dir='ltr'>rideatur</span> <span class='ocrx_word' id='word_1_9' title='bbox 649 790 821 872; x_wconf 89' lang='lat' dir='ltr'>adiectum,</span> <span class='ocrx_word' id='word_1_10' title='bbox 850 790 906 875; x_wconf 92' lang='lat' dir='ltr'>qui</span> <span class='ocrx_word' id='word_1_11' title='bbox 929 811 1005 855; x_wconf 84' lang='lat' dir='ltr'>vero</span> <span class='ocrx_word' id='word_1_12' title='bbox 1029 791 1125 874; x_wconf 66' lang='lat' dir='ltr'>dite,¹</span> <span class='ocrx_word' id='word_1_13' title='bbox 1145 775 1222 868; x_wconf 69' lang='grc' dir='ltr'><em>ἄλιρ</em></span> <span class='ocrx_word' id='word_1_14' title='bbox 1241 793 1320 877; x_wconf 81' lang='grc' dir='ltr'><em>γάρ,</em></span> <span class='ocrx_word' id='word_1_15' title='bbox 1343 792 1417 869; x_wconf 77' lang='grc' dir='ltr'><strong><em>ἅλις</em></strong></span> <span class='ocrx_word' id='word_1_16' title='bbox 1440 792 1480 858; x_wconf 82' lang='grc' dir='ltr'>δέ</span> <span class='ocrx_word' id='word_1_17' title='bbox 1500 814 1598 878; x_wconf 86' lang='lat' dir='ltr'>quam</span> 
     </span>
     <span class='ocr_line' id='line_1_3' title="bbox 363 897 1598 993; baseline 0.002 -32"><span class='ocrx_word' id='word_1_18' title='bbox 363 899 515 982; x_wconf 79' lang='lat' dir='ltr'><strong>frequens</strong></span> <span class='ocrx_word' id='word_1_19' title='bbox 539 899 581 961; x_wconf 92' lang='lat' dir='ltr'>sit</span> <span class='ocrx_word' id='word_1_20' title='bbox 599 898 634 963; x_wconf 91' lang='lat' dir='ltr'>in</span> <span class='ocrx_word' id='word_1_21' title='bbox 652 919 712 962; x_wconf 89' lang='lat' dir='ltr'>usu</span> <span class='ocrx_word' id='word_1_22' title='bbox 730 897 907 982; x_wconf 79' lang='lat' dir='ltr'>Euripides</span> <span class='ocrx_word' id='word_1_23' title='bbox 927 898 1199 982; x_wconf 85' lang='lat' dir='ltr'>circumspexerit,</span> <span class='ocrx_word' id='word_1_24' title='bbox 1222 898 1258 963; x_wconf 90' lang='lat' dir='ltr'>in</span> <span class='ocrx_word' id='word_1_25' title='bbox 1272 898 1336 993; x_wconf 79' lang='lat' dir='ltr'>h&#39;ac</span> <span class='ocrx_word' id='word_1_26' title='bbox 1354 900 1513 964; x_wconf 87' lang='lat' dir='ltr'>sententia</span> <span class='ocrx_word' id='word_1_27' title='bbox 1531 923 1598 966; x_wconf 88' lang='lat' dir='ltr'>non</span> 
     </span>
     <span class='ocr_line' id='line_1_4' title="bbox 326 991 1599 1093; baseline 0.004 -27"><span class='ocrx_word' id='word_1_28' title='bbox 326 1003 529 1070; x_wconf 70' lang='lat' dir='ltr'>suauitatis</span> <span class='ocrx_word' id='word_1_29' title='bbox 552 1005 639 1088; x_wconf 78' lang='lat' dir='ltr'>qun,</span> <span class='ocrx_word' id='word_1_30' title='bbox 663 1006 691 1069; x_wconf 73' lang='lat' dir='ltr'>si</span> <span class='ocrx_word' id='word_1_31' title='bbox 715 1005 792 1089; x_wconf 79' lang='lat' dir='ltr'>qum</span> <span class='ocrx_word' id='word_1_32' title='bbox 816 1004 911 1088; x_wconf 71' lang='lat' dir='ltr'>airus,</span> <span class='ocrx_word' id='word_1_33' title='bbox 934 1003 997 1069; x_wconf 83' lang='lat' dir='ltr'>hoo</span> <span class='ocrx_word' id='word_1_34' title='bbox 1021 1005 1063 1069; x_wconf 77' lang='lat' dir='ltr'>su</span> <span class='ocrx_word' id='word_1_35' title='bbox 1081 1006 1305 1070; x_wconf 65' lang='lat' dir='ltr'>ocissimum.</span> <span class='ocrx_word' id='word_1_36' title='bbox 1333 991 1414 1072; x_wconf 76' lang='lat'>&#39;1100</span> <span class='ocrx_word' id='word_1_37' title='bbox 1432 1006 1533 1093; x_wconf 75' lang='lat' dir='ltr'>igitur</span> <span class='ocrx_word' id='word_1_38' title='bbox 1551 1030 1599 1071; x_wconf 62' lang='lat' dir='ltr'>re</span> 
     </span>
     <span class='ocr_line' id='line_1_5' title="bbox 362 1104 1599 1198; baseline 0.002 -22"><span class='ocrx_word' id='word_1_39' title='bbox 362 1112 545 1196; x_wconf 79' lang='lat' dir='ltr'><strong>linquentes</strong></span> <span class='ocrx_word' id='word_1_40' title='bbox 574 1112 628 1176; x_wconf 85' lang='lat' dir='ltr'>alii</span> <span class='ocrx_word' id='word_1_41' title='bbox 657 1134 696 1176; x_wconf 84' lang='lat' dir='ltr'>ex</span> <span class='ocrx_word' id='word_1_42' title='bbox 726 1113 842 1178; x_wconf 75' lang='grc' dir='ltr'><em>ἱκανόν</em></span> <span class='ocrx_word' id='word_1_43' title='bbox 869 1113 936 1197; x_wconf 89' lang='lat' dir='ltr'>peti</span> <span class='ocrx_word' id='word_1_44' title='bbox 965 1113 1160 1196; x_wconf 83' lang='lat' dir='ltr'>maluerunt,</span> <span class='ocrx_word' id='word_1_45' title='bbox 1188 1114 1275 1196; x_wconf 88' lang='lat' dir='ltr'>quod</span> <span class='ocrx_word' id='word_1_46' title='bbox 1302 1104 1406 1178; x_wconf 82' lang='lat' dir='ltr'>oratio</span> <span class='ocrx_word' id='word_1_47' title='bbox 1432 1114 1599 1198; x_wconf 87' lang='lat' dir='ltr'>reciperet,</span> 
     </span>
     <span class='ocr_line' id='line_1_6' title="bbox 363 1206 1599 1304; baseline 0 -21"><span class='ocrx_word' id='word_1_48' title='bbox 363 1220 453 1284; x_wconf 69' lang='lat' dir='ltr'>solut</span> <span class='ocrx_word' id='word_1_49' title='bbox 475 1210 600 1304; x_wconf 79' lang='lat' dir='ltr'>collega</span> <span class='ocrx_word' id='word_1_50' title='bbox 622 1223 741 1304; x_wconf 87' lang='lat' dir='ltr'>noster,</span> <span class='ocrx_word' id='word_1_51' title='bbox 765 1206 935 1304; x_wconf 85' lang='lat' dir='ltr'>Adolphus</span> <span class='ocrx_word' id='word_1_52' title='bbox 954 1218 1186 1302; x_wconf 87' lang='lat' dir='ltr'>Kirchhoffius,</span> <span class='ocrx_word' id='word_1_53' title='bbox 1208 1220 1269 1285; x_wconf 89' lang='lat' dir='ltr'>hos</span> <span class='ocrx_word' id='word_1_54' title='bbox 1290 1220 1370 1285; x_wconf 92' lang='lat' dir='ltr'>duos</span> <span class='ocrx_word' id='word_1_55' title='bbox 1390 1242 1498 1285; x_wconf 86' lang='lat' dir='ltr'>versus</span> <span class='ocrx_word' id='word_1_56' title='bbox 1518 1222 1599 1286; x_wconf 91' lang='lat' dir='ltr'>anti-</span> 
     </span>
     <span class='ocr_line' id='line_1_7' title="bbox 363 1316 1383 1411; baseline -0.003 -19"><span class='ocrx_word' id='word_1_57' title='bbox 363 1328 474 1411; x_wconf 88' lang='lat' dir='ltr'>quitus</span> <span class='ocrx_word' id='word_1_58' title='bbox 497 1326 581 1391; x_wconf 92' lang='lat' dir='ltr'>hanc</span> <span class='ocrx_word' id='word_1_59' title='bbox 603 1326 669 1392; x_wconf 90' lang='lat' dir='ltr'>fere</span> <span class='ocrx_word' id='word_1_60' title='bbox 693 1328 831 1411; x_wconf 88' lang='lat' dir='ltr'>speeiem</span> <span class='ocrx_word' id='word_1_61' title='bbox 854 1316 1005 1393; x_wconf 84' lang='lat' dir='ltr'>habuisse</span> <span class='ocrx_word' id='word_1_62' title='bbox 1029 1328 1211 1411; x_wconf 90' lang='lat' dir='ltr'>suspicatus</span> <span class='ocrx_word' id='word_1_63' title='bbox 1234 1326 1383 1392; x_wconf 86' lang='lat' dir='ltr'>estolim</span> 
     </span>
     <span class='ocr_line' id='line_1_8' title="bbox 569 1430 1292 1519; baseline -0.001 -20"><span class='ocrx_word' id='word_1_64' title='bbox 569 1433 700 1518; x_wconf 79' lang='grc' dir='ltr'><em>ἄρηξον</em></span> <span class='ocrx_word' id='word_1_65' title='bbox 718 1430 826 1519; x_wconf 71' lang='grc' dir='ltr'><em>[ἐλθὲ</em></span> <span class='ocrx_word' id='word_1_66' title='bbox 849 1435 914 1499; x_wconf 77' lang='grc' dir='ltr'>καὶ</span> <span class='ocrx_word' id='word_1_67' title='bbox 937 1434 1042 1518; x_wconf 85' lang='grc' dir='ltr'><strong><em>σκιὰ]</em></strong></span> <span class='ocrx_word' id='word_1_68' title='bbox 1067 1435 1202 1517; x_wconf 79' lang='grc' dir='ltr'><em>φάνηθί</em></span> <span class='ocrx_word' id='word_1_69' title='bbox 1221 1454 1292 1518; x_wconf 84' lang='grc' dir='ltr'><em>μοι·</em></span> 
     </span>
     <span class='ocr_line' id='line_1_9' title="bbox 483 1532 1386 1625; baseline 0.001 -20"><span class='ocrx_word' id='word_1_70' title='bbox 483 1532 484 1537; x_wconf 28' lang='lat'>¹</span> <span class='ocrx_word' id='word_1_71' title='bbox 570 1542 642 1617; x_wconf 77' lang='grc' dir='ltr'>ἅλις</span> <span class='ocrx_word' id='word_1_72' title='bbox 665 1539 702 1624; x_wconf 79' lang='grc' dir='ltr'>γ’</span> <span class='ocrx_word' id='word_1_73' title='bbox 724 1540 767 1606; x_wconf 76' lang='grc' dir='ltr'><em>ἄν</em></span> <span class='ocrx_word' id='word_1_74' title='bbox 790 1539 919 1605; x_wconf 79' lang='grc' dir='ltr'><em>ἐλθὼν</em></span> <span class='ocrx_word' id='word_1_75' title='bbox 942 1539 1006 1605; x_wconf 80' lang='grc' dir='ltr'>καὶ</span> <span class='ocrx_word' id='word_1_76' title='bbox 1030 1542 1119 1606; x_wconf 83' lang='grc' dir='ltr'><strong><em>σκιὰ</em></strong></span> <span class='ocrx_word' id='word_1_77' title='bbox 1143 1540 1253 1623; x_wconf 78' lang='grc' dir='ltr'><em>γένοιο</em></span> <span class='ocrx_word' id='word_1_78' title='bbox 1277 1541 1335 1625; x_wconf 77' lang='grc' dir='ltr'>σύ,</span> <span class='ocrx_word' id='word_1_79' title='bbox 1383 1552 1386 1563; x_wconf 91' lang='grc'><strong>“</strong></span> 
     </span>
     <span class='ocr_line' id='line_1_10' title="bbox 363 1648 1599 1734; baseline 0 -20"><span class='ocrx_word' id='word_1_80' title='bbox 363 1649 564 1734; x_wconf 75' lang='lat' dir='ltr'>corruptelae</span> <span class='ocrx_word' id='word_1_81' title='bbox 592 1670 707 1733; x_wconf 82' lang='lat' dir='ltr'>genere</span> <span class='ocrx_word' id='word_1_82' title='bbox 735 1670 812 1713; x_wconf 91' lang='lat' dir='ltr'>usus</span> <span class='ocrx_word' id='word_1_83' title='bbox 840 1648 926 1732; x_wconf 93' lang='lat' dir='ltr'>quod</span> <span class='ocrx_word' id='word_1_84' title='bbox 954 1648 1005 1712; x_wconf 86' lang='lat' dir='ltr'>vel</span> <span class='ocrx_word' id='word_1_85' title='bbox 1033 1649 1067 1711; x_wconf 92' lang='lat' dir='ltr'>in</span> <span class='ocrx_word' id='word_1_86' title='bbox 1094 1648 1155 1712; x_wconf 91' lang='lat' dir='ltr'>hac</span> <span class='ocrx_word' id='word_1_87' title='bbox 1182 1648 1293 1714; x_wconf 86' lang='lat' dir='ltr'>fabula</span> <span class='ocrx_word' id='word_1_88' title='bbox 1320 1650 1476 1732; x_wconf 86' lang='lat' dir='ltr'>quaedam</span> <span class='ocrx_word' id='word_1_89' title='bbox 1500 1650 1599 1714; x_wconf 88' lang='lat' dir='ltr'>habet</span> 
     </span>
     <span class='ocr_line' id='line_1_11' title="bbox 363 1746 1641 1840; baseline 0 -20"><span class='ocrx_word' id='word_1_90' title='bbox 363 1746 519 1840; x_wconf 78' lang='lat' dir='ltr'>exempla,</span> <span class='ocrx_word' id='word_1_91' title='bbox 541 1756 630 1820; x_wconf 87' lang='lat' dir='ltr'>velut</span> <span class='ocrx_word' id='word_1_92' title='bbox 656 1754 798 1839; x_wconf 19' lang='lat' dir='ltr'>1303aesq.</span> <span class='ocrx_word' id='word_1_93' title='bbox 1614 1776 1641 1820; x_wconf 80' lang='grc' dir='ltr'>ιο</span> 
     </span>
     <span class='ocr_line' id='line_1_12' title="bbox 393 1856 1263 1948; baseline -0.001 -20"><span class='ocrx_word' id='word_1_94' title='bbox 393 1856 394 1859; x_wconf 27' lang='grc'><strong>“</strong></span> <span class='ocrx_word' id='word_1_95' title='bbox 569 1862 732 1947; x_wconf 79' lang='grc' dir='ltr'><strong><em>χορευέτω</em></strong></span> <span class='ocrx_word' id='word_1_96' title='bbox 757 1864 798 1944; x_wconf 80' lang='grc' dir='ltr'>δὴ</span> <span class='ocrx_word' id='word_1_97' title='bbox 822 1863 950 1946; x_wconf 79' lang='grc' dir='ltr'><em>Ζηνὸς</em></span> <span class='ocrx_word' id='word_1_98' title='bbox 976 1862 992 1944; x_wconf 77' lang='grc' dir='ltr'><em>ἡ</em></span> <span class='ocrx_word' id='word_1_99' title='bbox 1016 1864 1130 1945; x_wconf 79' lang='grc' dir='ltr'><em>κλεινὴ</em></span> <span class='ocrx_word' id='word_1_100' title='bbox 1155 1864 1263 1948; x_wconf 75' lang='grc' dir='ltr'><em>δάμαρ</em></span> 
     </span>
     <span class='ocr_line' id='line_1_13' title="bbox 568 1966 1385 2055; baseline -0.001 -21"><span class='ocrx_word' id='word_1_101' title='bbox 568 1968 724 2054; x_wconf 87' lang='grc' dir='ltr'><em>αρούουσ’</em></span> <span class='ocrx_word' id='word_1_102' title='bbox 747 1966 915 2053; x_wconf 70' lang='grc' dir='ltr'><em>Ὀλύμπου</em></span> <span class='ocrx_word' id='word_1_103' title='bbox 939 1968 1095 2053; x_wconf 78' lang='grc' dir='ltr'><em>[Ζηνὸς]</em></span> <span class='ocrx_word' id='word_1_104' title='bbox 1119 1968 1247 2055; x_wconf 78' lang='grc' dir='ltr'><em>ἀρβύλῃ</em></span> <span class='ocrx_word' id='word_1_105' title='bbox 1271 1969 1385 2053; x_wconf 78' lang='grc' dir='ltr'><em>πέδον,</em></span> 
     </span>
     <span class='ocr_line' id='line_1_14' title="bbox 315 2072 1370 2162; baseline 0.001 -21"><span class='ocrx_word' id='word_1_106' title='bbox 315 2106 317 2118; x_wconf 60' lang='lat'><em>*</em></span> <span class='ocrx_word' id='word_1_107' title='bbox 342 2082 343 2089; x_wconf 74' lang='grc'>’</span> <span class='ocrx_word' id='word_1_108' title='bbox 365 2077 450 2142; x_wconf 88' lang='grc'><strong>1101</strong></span> <span class='ocrx_word' id='word_1_109' title='bbox 462 2100 508 2162; x_wconf 88' lang='lat' dir='ltr'>sq.</span> <span class='ocrx_word' id='word_1_110' title='bbox 572 2078 613 2142; x_wconf 84' lang='grc' dir='ltr'>οὔ</span> <span class='ocrx_word' id='word_1_111' title='bbox 635 2099 702 2141; x_wconf 85' lang='grc' dir='ltr'>που</span> <span class='ocrx_word' id='word_1_112' title='bbox 725 2081 896 2160; x_wconf 76' lang='grc' dir='ltr'><em>κατῆλθον</em></span> <span class='ocrx_word' id='word_1_113' title='bbox 920 2072 1021 2152; x_wconf 81' lang='grc' dir='ltr'><em>αὖθις</em></span> <span class='ocrx_word' id='word_1_114' title='bbox 1045 2078 1100 2153; x_wconf 83' lang='grc' dir='ltr'>εἰς</span> <span class='ocrx_word' id='word_1_115' title='bbox 1115 2074 1194 2140; x_wconf 69' lang='lat' dir='ltr'>‘illd</span> <span class='ocrx_word' id='word_1_116' title='bbox 1200 2101 1245 2141; x_wconf 90' lang='lat' dir='ltr'>ov</span> <span class='ocrx_word' id='word_1_117' title='bbox 1268 2077 1370 2142; x_wconf 77' lang='grc' dir='ltr'><em>πάλιν</em></span> 
     </span>
     <span class='ocr_line' id='line_1_15' title="bbox 570 2180 1347 2269; baseline -0.001 -21"><span class='ocrx_word' id='word_1_118' title='bbox 570 2182 775 2269; x_wconf 73' lang='grc' dir='ltr'><em>Εὐρυσθέως</em></span> <span class='ocrx_word' id='word_1_119' title='bbox 799 2184 939 2249; x_wconf 74' lang='grc' dir='ltr'><em>δίαυλον</em></span> <span class='ocrx_word' id='word_1_120' title='bbox 963 2183 1035 2267; x_wconf 76' lang='grc' dir='ltr'>[εἰς</span> <span class='ocrx_word' id='word_1_121' title='bbox 1049 2180 1202 2267; x_wconf 67' lang='grc' dir='ltr'><em>Ἅιδου]</em></span> <span class='ocrx_word' id='word_1_122' title='bbox 1225 2184 1347 2268; x_wconf 74' lang='grc' dir='ltr'><em>μολών,</em></span> 
     </span>
     <span class='ocr_line' id='line_1_16' title="bbox 361 2274 1600 2374; baseline 0 -17"><span class='ocrx_word' id='word_1_123' title='bbox 361 2296 402 2357; x_wconf 83' lang='lat' dir='ltr'>cf.</span> <span class='ocrx_word' id='word_1_124' title='bbox 424 2291 559 2374; x_wconf 84' lang='lat' dir='ltr'>845sq.,</span> <span class='ocrx_word' id='word_1_125' title='bbox 587 2290 650 2355; x_wconf 90' lang='lat' dir='ltr'>nisi</span> <span class='ocrx_word' id='word_1_126' title='bbox 674 2290 761 2374; x_wconf 93' lang='lat' dir='ltr'>quod</span> <span class='ocrx_word' id='word_1_127' title='bbox 785 2312 869 2355; x_wconf 89' lang='lat' dir='ltr'>nunc</span> <span class='ocrx_word' id='word_1_128' title='bbox 892 2312 988 2374; x_wconf 88' lang='lat' dir='ltr'>quam</span> <span class='ocrx_word' id='word_1_129' title='bbox 1012 2290 1086 2355; x_wconf 91' lang='lat' dir='ltr'>iniit</span> <span class='ocrx_word' id='word_1_130' title='bbox 1109 2292 1206 2374; x_wconf 90' lang='lat' dir='ltr'>paulo</span> <span class='ocrx_word' id='word_1_131' title='bbox 1231 2290 1436 2357; x_wconf 88' lang='lat' dir='ltr'>artificiosior</span> <span class='ocrx_word' id='word_1_132' title='bbox 1458 2296 1507 2357; x_wconf 92' lang='lat' dir='ltr'>est</span> <span class='ocrx_word' id='word_1_133' title='bbox 1532 2274 1600 2358; x_wconf 84' lang='lat' dir='ltr'>cor-</span> 
     </span>
     <span class='ocr_line' id='line_1_17' title="bbox 362 2397 1599 2486; baseline 0.002 -23"><span class='ocrx_word' id='word_1_134' title='bbox 362 2399 489 2486; x_wconf 91' lang='lat' dir='ltr'>rigendi</span> <span class='ocrx_word' id='word_1_135' title='bbox 517 2398 600 2463; x_wconf 86' lang='lat' dir='ltr'>ratio</span> <span class='ocrx_word' id='word_1_136' title='bbox 627 2418 688 2462; x_wconf 89' lang='lat' dir='ltr'>nec</span> <span class='ocrx_word' id='word_1_137' title='bbox 715 2400 792 2462; x_wconf 85' lang='lat' dir='ltr'>satis</span> <span class='ocrx_word' id='word_1_138' title='bbox 820 2397 1000 2482; x_wconf 87' lang='lat' dir='ltr'>probabilis</span> <span class='ocrx_word' id='word_1_139' title='bbox 1028 2397 1070 2461; x_wconf 96' lang='lat' dir='ltr'>ob</span> <span class='ocrx_word' id='word_1_140' title='bbox 1099 2419 1169 2462; x_wconf 88' lang='lat' dir='ltr'>eam</span> <span class='ocrx_word' id='word_1_141' title='bbox 1198 2420 1325 2463; x_wconf 89' lang='lat' dir='ltr'>causam</span> <span class='ocrx_word' id='word_1_142' title='bbox 1355 2399 1430 2482; x_wconf 88' lang='lat' dir='ltr'>quia</span> <span class='ocrx_word' id='word_1_143' title='bbox 1458 2401 1599 2484; x_wconf 87' lang='lat' dir='ltr'>priorem</span> 
     </span>
     <span class='ocr_line' id='line_1_18' title="bbox 360 2504 1599 2591; baseline 0.001 -19"><span class='ocrx_word' id='word_1_144' title='bbox 360 2529 498 2572; x_wconf 86' lang='lat' dir='ltr'>versum,</span> <span class='ocrx_word' id='word_1_145' title='bbox 510 2529 550 2570; x_wconf 86' lang='lat' dir='ltr'>ex</span> <span class='ocrx_word' id='word_1_146' title='bbox 568 2506 695 2591; x_wconf 89' lang='lat' dir='ltr'>integro</span> <span class='ocrx_word' id='word_1_147' title='bbox 714 2527 864 2570; x_wconf 90' lang='lat' dir='ltr'>mancum</span> <span class='ocrx_word' id='word_1_148' title='bbox 883 2505 992 2588; x_wconf 86' lang='lat' dir='ltr'>efficit,</span> <span class='ocrx_word' id='word_1_149' title='bbox 1014 2509 1053 2569; x_wconf 88' lang='lat' dir='ltr'>ut</span> <span class='ocrx_word' id='word_1_150' title='bbox 1070 2504 1188 2569; x_wconf 87' lang='lat' dir='ltr'>habeat</span> <span class='ocrx_word' id='word_1_151' title='bbox 1207 2526 1271 2588; x_wconf 91' lang='lat' dir='ltr'>quo</span> <span class='ocrx_word' id='word_1_152' title='bbox 1290 2506 1428 2570; x_wconf 89' lang='lat' dir='ltr'>alterum</span> <span class='ocrx_word' id='word_1_153' title='bbox 1444 2508 1599 2577; x_wconf 88' lang='lat' dir='ltr'>emendet.</span> 
     </span>
     <span class='ocr_line' id='line_1_19' title="bbox 361 2611 1600 2697; baseline 0.001 -19"><span class='ocrx_word' id='word_1_154' title='bbox 361 2613 469 2691; x_wconf 82' lang='lat' dir='ltr'>Quare</span> <span class='ocrx_word' id='word_1_155' title='bbox 501 2612 634 2677; x_wconf 89' lang='lat' dir='ltr'>eandem</span> <span class='ocrx_word' id='word_1_156' title='bbox 667 2612 852 2695; x_wconf 75' lang='lat' dir='ltr'>ceteroquin</span> <span class='ocrx_word' id='word_1_157' title='bbox 884 2613 971 2676; x_wconf 84' lang='lat' dir='ltr'>viam</span> <span class='ocrx_word' id='word_1_158' title='bbox 1004 2616 1133 2676; x_wconf 89' lang='lat' dir='ltr'>secutus</span> <span class='ocrx_word' id='word_1_159' title='bbox 1151 2611 1427 2677; x_wconf 68' lang='lat' dir='ltr'>‘Wilamowitzius</span> <span class='ocrx_word' id='word_1_160' title='bbox 1459 2615 1600 2697; x_wconf 89' lang='lat' dir='ltr'>priorem</span> 
     </span>
     <span class='ocr_line' id='line_1_20' title="bbox 363 2708 1599 2805; baseline 0.001 -20"><span class='ocrx_word' id='word_1_161' title='bbox 363 2743 491 2785; x_wconf 89' lang='lat' dir='ltr'>versum</span> <span class='ocrx_word' id='word_1_162' title='bbox 522 2742 589 2784; x_wconf 92' lang='lat' dir='ltr'>non</span> <span class='ocrx_word' id='word_1_163' title='bbox 616 2708 765 2802; x_wconf 81' lang='lat' dir='ltr'>mutavit,</span> <span class='ocrx_word' id='word_1_164' title='bbox 799 2740 838 2782; x_wconf 85' lang='lat' dir='ltr'>ex</span> <span class='ocrx_word' id='word_1_165' title='bbox 870 2720 939 2783; x_wconf 88' lang='lat' dir='ltr'>solo</span> <span class='ocrx_word' id='word_1_166' title='bbox 974 2720 1090 2784; x_wconf 76' lang='grc' dir='ltr'><em>ἱκανόν</em></span> <span class='ocrx_word' id='word_1_167' title='bbox 1122 2719 1362 2784; x_wconf 87' lang='lat' dir='ltr'>extundendum</span> <span class='ocrx_word' id='word_1_168' title='bbox 1394 2724 1484 2785; x_wconf 89' lang='lat' dir='ltr'>ratus</span> <span class='ocrx_word' id='word_1_169' title='bbox 1512 2723 1599 2805; x_wconf 92' lang='lat' dir='ltr'>quod</span> 
     </span>
     <span class='ocr_line' id='line_1_21' title="bbox 360 2825 1640 2913; baseline -0.002 -18"><span class='ocrx_word' id='word_1_170' title='bbox 360 2828 554 2895; x_wconf 86' lang='lat' dir='ltr'>sententiam</span> <span class='ocrx_word' id='word_1_171' title='bbox 593 2828 752 2911; x_wconf 80' lang='lat' dir='ltr'>expleret:</span> <span class='ocrx_word' id='word_1_172' title='bbox 789 2826 926 2892; x_wconf 82' lang='lat' dir='ltr'>similem</span> <span class='ocrx_word' id='word_1_173' title='bbox 959 2825 1061 2913; x_wconf 86' lang='lat' dir='ltr'>igitur</span> <span class='ocrx_word' id='word_1_174' title='bbox 1092 2826 1141 2891; x_wconf 91' lang='lat' dir='ltr'>illi</span> <span class='ocrx_word' id='word_1_175' title='bbox 1155 2868 1158 2878; x_wconf 53' lang='grc' dir='ltr'><strong>ι</strong></span> <span class='ocrx_word' id='word_1_176' title='bbox 1174 2827 1351 2892; x_wconf 85' lang='lat' dir='ltr'>orationem</span> <span class='ocrx_word' id='word_1_177' title='bbox 1384 2827 1490 2893; x_wconf 86' lang='lat' dir='ltr'>effecit</span> <span class='ocrx_word' id='word_1_178' title='bbox 1523 2828 1598 2892; x_wconf 89' lang='lat' dir='ltr'>scri·</span> <span class='ocrx_word' id='word_1_179' title='bbox 1613 2852 1640 2892; x_wconf 79' lang='lat' dir='ltr'>ao</span> 
     </span>
     <span class='ocr_line' id='line_1_22' title="bbox 361 2920 1442 3000; baseline -0.003 0"><span class='ocrx_word' id='word_1_180' title='bbox 361 2936 469 3000; x_wconf 86' lang='lat' dir='ltr'>bendo</span> <span class='ocrx_word' id='word_1_181' title='bbox 791 2920 793 2926; x_wconf 31' lang='lat'><strong>³</strong></span> <span class='ocrx_word' id='word_1_182' title='bbox 1025 2984 1027 2988; x_wconf 84' lang='grc'><strong>-</strong></span> <span class='ocrx_word' id='word_1_183' title='bbox 1440 2939 1442 2943; x_wconf 81' lang='grc'><strong>’</strong></span> 
     </span>
     <span class='ocr_line' id='line_1_23' title="bbox 570 3038 1255 3127; baseline 0 -21"><span class='ocrx_word' id='word_1_184' title='bbox 570 3042 707 3127; x_wconf 68' lang='grc' dir='ltr'><em>ἄρηξον,</em></span> <span class='ocrx_word' id='word_1_185' title='bbox 731 3038 810 3106; x_wconf 71' lang='grc' dir='ltr'>ἐλθὲ</span> <span class='ocrx_word' id='word_1_186' title='bbox 833 3040 888 3105; x_wconf 80' lang='grc' dir='ltr'>καὶ</span> <span class='ocrx_word' id='word_1_187' title='bbox 914 3043 1006 3125; x_wconf 76' lang='lat' dir='ltr'>ualui,</span> <span class='ocrx_word' id='word_1_188' title='bbox 1031 3041 1164 3127; x_wconf 80' lang='grc' dir='ltr'><em>φάνηθί</em></span> <span class='ocrx_word' id='word_1_189' title='bbox 1185 3062 1255 3126; x_wconf 86' lang='grc' dir='ltr'><em>μοι·</em></span> 
     </span>
     <span class='ocr_line' id='line_1_24' title="bbox 569 3147 1276 3233; baseline 0 -21"><span class='ocrx_word' id='word_1_190' title='bbox 569 3151 642 3226; x_wconf 75' lang='grc' dir='ltr'>ἅλις</span> <span class='ocrx_word' id='word_1_191' title='bbox 664 3149 727 3232; x_wconf 79' lang='grc' dir='ltr'>γὰρ</span> <span class='ocrx_word' id='word_1_192' title='bbox 752 3147 863 3213; x_wconf 77' lang='grc' dir='ltr'><em>ἐλθὼν</em></span> <span class='ocrx_word' id='word_1_193' title='bbox 886 3147 949 3212; x_wconf 78' lang='grc' dir='ltr'><em>κᾶν</em></span> <span class='ocrx_word' id='word_1_194' title='bbox 973 3151 1055 3233; x_wconf 82' lang='grc' dir='ltr'><em>ὄναρ</em></span> <span class='ocrx_word' id='word_1_195' title='bbox 1080 3148 1193 3232; x_wconf 80' lang='grc' dir='ltr'><em>γένοιο</em></span> <span class='ocrx_word' id='word_1_196' title='bbox 1218 3150 1276 3229; x_wconf 84' lang='grc' dir='ltr'>σύ,</span> 
     </span>
     <span class='ocr_line' id='line_1_25' title="bbox 360 3253 1597 3342; baseline -0.001 -23"><span class='ocrx_word' id='word_1_197' title='bbox 360 3257 451 3340; x_wconf 91' lang='lat' dir='ltr'>quod</span> <span class='ocrx_word' id='word_1_198' title='bbox 477 3258 512 3320; x_wconf 89' lang='lat' dir='ltr'>in</span> <span class='ocrx_word' id='word_1_199' title='bbox 539 3255 703 3320; x_wconf 84' lang='lat' dir='ltr'>Analectis</span> <span class='ocrx_word' id='word_1_200' title='bbox 726 3255 910 3339; x_wconf 78' lang='lat' dir='ltr'>Euripideis</span> <span class='ocrx_word' id='word_1_201' title='bbox 935 3253 975 3340; x_wconf 86' lang='lat' dir='ltr'>(a.</span> <span class='ocrx_word' id='word_1_202' title='bbox 999 3254 1099 3342; x_wconf 80' lang='lat'>1875)</span> <span class='ocrx_word' id='word_1_203' title='bbox 1118 3279 1149 3340; x_wconf 92' lang='lat' dir='ltr'>p.</span> <span class='ocrx_word' id='word_1_204' title='bbox 1164 3256 1231 3320; x_wconf 76' lang='lat'>234</span> <span class='ocrx_word' id='word_1_205' title='bbox 1247 3257 1463 3341; x_wconf 55' lang='lat' dir='ltr'>¹propositum</span> <span class='ocrx_word' id='word_1_206' title='bbox 1490 3257 1597 3321; x_wconf 90' lang='lat' dir='ltr'>tenuit</span> 
     </span>
     <span class='ocr_line' id='line_1_26' title="bbox 359 3361 1600 3448; baseline -0.002 -20"><span class='ocrx_word' id='word_1_207' title='bbox 359 3364 513 3447; x_wconf 84' lang='lat' dir='ltr'>deinceps</span> <span class='ocrx_word' id='word_1_208' title='bbox 539 3363 572 3426; x_wconf 92' lang='lat' dir='ltr'>in</span> <span class='ocrx_word' id='word_1_209' title='bbox 595 3366 731 3446; x_wconf 90' lang='lat' dir='ltr'>utraque</span> <span class='ocrx_word' id='word_1_210' title='bbox 755 3384 851 3446; x_wconf 90' lang='lat' dir='ltr'>quam</span> <span class='ocrx_word' id='word_1_211' title='bbox 873 3363 1000 3446; x_wconf 88' lang='lat' dir='ltr'>paravit</span> <span class='ocrx_word' id='word_1_212' title='bbox 1024 3367 1056 3426; x_wconf 96' lang='lat' dir='ltr'>et</span> <span class='ocrx_word' id='word_1_213' title='bbox 1075 3364 1203 3427; x_wconf 85' lang='lat' dir='ltr'>ornavit</span> <span class='ocrx_word' id='word_1_214' title='bbox 1221 3363 1361 3427; x_wconf 87' lang='lat' dir='ltr'>editione</span> <span class='ocrx_word' id='word_1_215' title='bbox 1380 3361 1544 3448; x_wconf 83' lang='lat' dir='ltr'>Herculis3</span> <span class='ocrx_word' id='word_1_216' title='bbox 1568 3367 1600 3426; x_wconf 92' lang='lat' dir='ltr'>et</span> 
     </span>
     <span class='ocr_line' id='line_1_27' title="bbox 362 3467 1600 3555; baseline -0.002 -20"><span class='ocrx_word' id='word_1_217' title='bbox 362 3470 563 3555; x_wconf 84' lang='lat' dir='ltr'>splendidam</span> <span class='ocrx_word' id='word_1_218' title='bbox 585 3469 774 3533; x_wconf 89' lang='lat' dir='ltr'>emendandi</span> <span class='ocrx_word' id='word_1_219' title='bbox 792 3469 982 3534; x_wconf 87' lang='lat' dir='ltr'>facilitatem</span> <span class='ocrx_word' id='word_1_220' title='bbox 1002 3469 1095 3534; x_wconf 89' lang='lat' dir='ltr'>valde</span> <span class='ocrx_word' id='word_1_221' title='bbox 1113 3467 1291 3554; x_wconf 83' lang='lat' dir='ltr'>laudamus,</span> <span class='ocrx_word' id='word_1_222' title='bbox 1314 3490 1374 3534; x_wconf 90' lang='lat' dir='ltr'>nec</span> <span class='ocrx_word' id='word_1_223' title='bbox 1391 3468 1600 3536; x_wconf 86' lang='lat' dir='ltr'>Wecklinum</span> 
     </span>
     <span class='ocr_line' id='line_1_28' title="bbox 360 3559 1599 3664; baseline -0.002 -22"><span class='ocrx_word' id='word_1_224' title='bbox 360 3577 583 3664; x_wconf 78' lang='lat' dir='ltr'>intelligimus,</span> <span class='ocrx_word' id='word_1_225' title='bbox 607 3579 640 3640; x_wconf 92' lang='lat' dir='ltr'>in</span> <span class='ocrx_word' id='word_1_226' title='bbox 665 3563 789 3642; x_wconf 81' lang='lat' dir='ltr'>summa</span> <span class='ocrx_word' id='word_1_227' title='bbox 811 3576 859 3640; x_wconf 89' lang='lat' dir='ltr'>rei</span> <span class='ocrx_word' id='word_1_228' title='bbox 883 3576 1066 3640; x_wconf 79' lang='lat' dir='ltr'>adsentiens</span> <span class='ocrx_word' id='word_1_229' title='bbox 1082 3559 1146 3641; x_wconf 55' lang='lat' dir='ltr'>¹cur</span> <span class='ocrx_word' id='word_1_230' title='bbox 1163 3576 1240 3641; x_wconf 88' lang='lat' dir='ltr'>huic</span> <span class='ocrx_word' id='word_1_231' title='bbox 1258 3577 1339 3641; x_wconf 90' lang='lat' dir='ltr'>illud</span> <span class='ocrx_word' id='word_1_232' title='bbox 1357 3575 1470 3642; x_wconf 76' lang='grc' dir='ltr'><em>ἐλθὼν</em></span> <span class='ocrx_word' id='word_1_233' title='bbox 1488 3577 1599 3659; x_wconf 82' lang='grc' dir='ltr'><em>κῶναρ</em></span> 
     </span>
     <span class='ocr_line' id='line_1_29' title="bbox 360 3681 1599 3769; baseline -0.002 -21"><span class='ocrx_word' id='word_1_234' title='bbox 360 3683 406 3749; x_wconf 70' lang='grc' dir='ltr'><em>ἂν</em></span> <span class='ocrx_word' id='word_1_235' title='bbox 423 3709 453 3766; x_wconf 80' lang='lat' dir='ltr'>y.</span> <span class='ocrx_word' id='word_1_236' title='bbox 476 3683 719 3769; x_wconf 86' lang='lat' dir='ltr'>praeferendum</span> <span class='ocrx_word' id='word_1_237' title='bbox 744 3683 880 3748; x_wconf 84' lang='lat' dir='ltr'>duxerit.</span> <span class='ocrx_word' id='word_1_238' title='bbox 920 3681 1191 3748; x_wconf 87' lang='lat' dir='ltr'>Wilamowitzius</span> <span class='ocrx_word' id='word_1_239' title='bbox 1215 3687 1322 3748; x_wconf 86' lang='lat' dir='ltr'>autem</span> <span class='ocrx_word' id='word_1_240' title='bbox 1346 3706 1365 3747; x_wconf 90' lang='lat' dir='ltr'>a</span> <span class='ocrx_word' id='word_1_241' title='bbox 1388 3705 1421 3747; x_wconf 90' lang='lat' dir='ltr'>se</span> <span class='ocrx_word' id='word_1_242' title='bbox 1445 3682 1599 3766; x_wconf 89' lang='lat' dir='ltr'>scriptum</span> 
     </span>
     <span class='ocr_line' id='line_1_30' title="bbox 361 3789 1599 3875; baseline -0.002 -19"><span class='ocrx_word' id='word_1_243' title='bbox 361 3790 426 3856; x_wconf 76' lang='lat' dir='ltr'>ndu</span> <span class='ocrx_word' id='word_1_244' title='bbox 454 3792 536 3874; x_wconf 82' lang='grc' dir='ltr'><em>ὄναρ</em></span> <span class='ocrx_word' id='word_1_245' title='bbox 560 3813 626 3854; x_wconf 89' lang='lat' dir='ltr'>non</span> <span class='ocrx_word' id='word_1_246' title='bbox 648 3791 763 3855; x_wconf 85' lang='lat' dir='ltr'>leviter</span> <span class='ocrx_word' id='word_1_247' title='bbox 786 3789 960 3854; x_wconf 89' lang='lat' dir='ltr'>sustentari</span> <span class='ocrx_word' id='word_1_248' title='bbox 984 3789 1202 3854; x_wconf 88' lang='lat' dir='ltr'>arbitrabatur</span> <span class='ocrx_word' id='word_1_249' title='bbox 1224 3790 1265 3854; x_wconf 93' lang='lat' dir='ltr'>iis</span> <span class='ocrx_word' id='word_1_250' title='bbox 1289 3812 1371 3875; x_wconf 88' lang='lat' dir='ltr'>quae</span> <span class='ocrx_word' id='word_1_251' title='bbox 1391 3789 1599 3874; x_wconf 76' lang='lat' dir='ltr'>Amphitryo,</span> 
     </span>
     <span class='ocr_line' id='line_1_31' title="bbox 361 3894 1640 3981; baseline -0.001 -20"><span class='ocrx_word' id='word_1_252' title='bbox 361 3919 459 3981; x_wconf 89' lang='lat' dir='ltr'>quem</span> <span class='ocrx_word' id='word_1_253' title='bbox 483 3897 595 3976; x_wconf 87' lang='lat' dir='ltr'>voluit,</span> <span class='ocrx_word' id='word_1_254' title='bbox 618 3897 706 3961; x_wconf 89' lang='lat' dir='ltr'>illius</span> <span class='ocrx_word' id='word_1_255' title='bbox 730 3897 907 3962; x_wconf 90' lang='lat' dir='ltr'>sententiae</span> <span class='ocrx_word' id='word_1_256' title='bbox 928 3917 1053 3961; x_wconf 88' lang='lat' dir='ltr'>memor</span> <span class='ocrx_word' id='word_1_257' title='bbox 1075 3897 1195 3960; x_wconf 88' lang='lat' dir='ltr'>diceret</span> <span class='ocrx_word' id='word_1_258' title='bbox 1217 3921 1248 3961; x_wconf 83' lang='lat' dir='ltr'>v.</span> <span class='ocrx_word' id='word_1_259' title='bbox 1266 3896 1330 3961; x_wconf 80' lang='lat'>517</span> <span class='ocrx_word' id='word_1_260' title='bbox 1351 3899 1383 3960; x_wconf 83' lang='grc' dir='ltr'>εἰ</span> <span class='ocrx_word' id='word_1_261' title='bbox 1399 3899 1443 3981; x_wconf 79' lang='grc' dir='ltr'>μή</span> <span class='ocrx_word' id='word_1_262' title='bbox 1462 3894 1491 3979; x_wconf 79' lang='grc' dir='ltr'>γ’</span> <span class='ocrx_word' id='word_1_263' title='bbox 1515 3898 1600 3961; x_wconf 60' lang='lat' dir='ltr'>tvae</span> <span class='ocrx_word' id='word_1_264' title='bbox 1613 3920 1640 3960; x_wconf 76' lang='lat' dir='ltr'>ao</span> 
     </span>
     <span class='ocr_line' id='line_1_32' title="bbox 361 4002 1600 4088; baseline -0.002 -20"><span class='ocrx_word' id='word_1_265' title='bbox 361 4028 428 4088; x_wconf 90' lang='grc' dir='ltr'>ρον</span> <span class='ocrx_word' id='word_1_266' title='bbox 454 4002 490 4069; x_wconf 80' lang='grc' dir='ltr'><em>ἐν</em></span> <span class='ocrx_word' id='word_1_267' title='bbox 518 4005 605 4088; x_wconf 83' lang='grc' dir='ltr'>φύειΙ</span> <span class='ocrx_word' id='word_1_268' title='bbox 625 4029 656 4068; x_wconf 90' lang='grc' dir='ltr'>τι</span> <span class='ocrx_word' id='word_1_269' title='bbox 685 4005 876 4085; x_wconf 81' lang='grc' dir='ltr'><em>λεύσσομεν.</em></span> <span class='ocrx_word' id='word_1_270' title='bbox 917 4003 988 4068; x_wconf 87' lang='lat' dir='ltr'>Nos</span> <span class='ocrx_word' id='word_1_271' title='bbox 1016 4007 1189 4087; x_wconf 91' lang='lat' dir='ltr'>utrumque</span> <span class='ocrx_word' id='word_1_272' title='bbox 1215 4003 1441 4068; x_wconf 86' lang='lat' dir='ltr'>addubitamus</span> <span class='ocrx_word' id='word_1_273' title='bbox 1465 4002 1600 4068; x_wconf 87' lang='lat' dir='ltr'>ethaeo</span> 
     </span>
     <span class='ocr_line' id='line_1_33' title="bbox 362 4109 1600 4197; baseline -0.002 -22"><span class='ocrx_word' id='word_1_274' title='bbox 362 4109 634 4197; x_wconf 86' lang='lat' dir='ltr'>Amphitryonem</span> <span class='ocrx_word' id='word_1_275' title='bbox 662 4123 733 4175; x_wconf 88' lang='lat' dir='ltr'>esse</span> <span class='ocrx_word' id='word_1_276' title='bbox 749 4111 813 4195; x_wconf 85' lang='lat' dir='ltr'>qui</span> <span class='ocrx_word' id='word_1_277' title='bbox 843 4111 941 4196; x_wconf 82' lang='lat' dir='ltr'>dicat,</span> <span class='ocrx_word' id='word_1_278' title='bbox 969 4114 1002 4175; x_wconf 92' lang='lat' dir='ltr'>et</span> <span class='ocrx_word' id='word_1_279' title='bbox 1029 4111 1057 4174; x_wconf 90' lang='lat' dir='ltr'>si</span> <span class='ocrx_word' id='word_1_280' title='bbox 1085 4111 1141 4191; x_wconf 88' lang='lat' dir='ltr'>sit,</span> <span class='ocrx_word' id='word_1_281' title='bbox 1169 4111 1243 4175; x_wconf 89' lang='lat' dir='ltr'>inde</span> <span class='ocrx_word' id='word_1_282' title='bbox 1270 4110 1394 4195; x_wconf 88' lang='lat' dir='ltr'>aliquid</span> <span class='ocrx_word' id='word_1_283' title='bbox 1420 4110 1600 4174; x_wconf 90' lang='lat' dir='ltr'>redundare</span> 
     </span>
     <span class='ocr_line' id='line_1_34' title="bbox 360 4215 1601 4302; baseline -0.002 -20"><span class='ocrx_word' id='word_1_284' title='bbox 360 4239 428 4302; x_wconf 89' lang='lat' dir='ltr'>quo</span> <span class='ocrx_word' id='word_1_285' title='bbox 457 4218 496 4282; x_wconf 82' lang='lat' dir='ltr'>ad</span> <span class='ocrx_word' id='word_1_286' title='bbox 525 4217 748 4283; x_wconf 88' lang='lat' dir='ltr'>stabiliendam</span> <span class='ocrx_word' id='word_1_287' title='bbox 776 4219 864 4282; x_wconf 90' lang='lat' dir='ltr'>illius</span> <span class='ocrx_word' id='word_1_288' title='bbox 888 4239 1000 4282; x_wconf 85' lang='lat' dir='ltr'>versus</span> <span class='ocrx_word' id='word_1_289' title='bbox 1023 4215 1161 4281; x_wconf 89' lang='lat' dir='ltr'>formam</span> <span class='ocrx_word' id='word_1_290' title='bbox 1183 4220 1283 4282; x_wconf 86' lang='lat' dir='ltr'>utare.</span> <span class='ocrx_word' id='word_1_291' title='bbox 1324 4217 1455 4282; x_wconf 81' lang='lat' dir='ltr'>Etenim</span> <span class='ocrx_word' id='word_1_292' title='bbox 1479 4220 1516 4280; x_wconf 89' lang='lat' dir='ltr'>ut</span> <span class='ocrx_word' id='word_1_293' title='bbox 1538 4216 1601 4281; x_wconf 92' lang='lat' dir='ltr'>hoc</span> 
     </span>
     <span class='ocr_line' id='line_1_35' title="bbox 363 4323 1601 4410; baseline -0.003 -20"><span class='ocrx_word' id='word_1_294' title='bbox 363 4326 398 4390; x_wconf 91' lang='lat' dir='ltr'>in</span> <span class='ocrx_word' id='word_1_295' title='bbox 407 4329 593 4389; x_wconf 88' lang='lat' dir='ltr'>transcursu</span> <span class='ocrx_word' id='word_1_296' title='bbox 605 4347 747 4410; x_wconf 85' lang='lat' dir='ltr'>agamus,</span> <span class='ocrx_word' id='word_1_297' title='bbox 758 4347 838 4409; x_wconf 90' lang='lat' dir='ltr'>quos</span> <span class='ocrx_word' id='word_1_298' title='bbox 849 4347 959 4389; x_wconf 87' lang='lat' dir='ltr'>versus</span> <span class='ocrx_word' id='word_1_299' title='bbox 969 4323 1237 4389; x_wconf 86' lang='lat' dir='ltr'>Wilamowitzius</span> <span class='ocrx_word' id='word_1_300' title='bbox 1248 4323 1450 4388; x_wconf 86' lang='lat' dir='ltr'>Kirchhoffio</span> <span class='ocrx_word' id='word_1_301' title='bbox 1461 4326 1601 4404; x_wconf 60' lang='lat' dir='ltr'>auctore</span> 
     </span>
     <span class='ocr_line' id='line_1_36' title="bbox 361 4429 1600 4516; baseline -0.002 -21"><span class='ocrx_word' id='word_1_302' title='bbox 361 4431 421 4516; x_wconf 91' lang='lat' dir='ltr'>qui</span> <span class='ocrx_word' id='word_1_303' title='bbox 439 4435 547 4496; x_wconf 89' lang='lat' dir='ltr'>tamen</span> <span class='ocrx_word' id='word_1_304' title='bbox 567 4433 634 4516; x_wconf 88' lang='lat' dir='ltr'>ipse</span> <span class='ocrx_word' id='word_1_305' title='bbox 653 4435 766 4516; x_wconf 89' lang='lat' dir='ltr'>postea</span> <span class='ocrx_word' id='word_1_306' title='bbox 785 4433 824 4496; x_wconf 90' lang='lat' dir='ltr'>de</span> <span class='ocrx_word' id='word_1_307' title='bbox 843 4454 900 4496; x_wconf 87' lang='lat' dir='ltr'>sua</span> <span class='ocrx_word' id='word_1_308' title='bbox 919 4431 1071 4516; x_wconf 90' lang='lat' dir='ltr'>opinione</span> <span class='ocrx_word' id='word_1_309' title='bbox 1090 4431 1234 4516; x_wconf 79' lang='lat' dir='ltr'>descivit,</span> <span class='ocrx_word' id='word_1_310' title='bbox 1253 4431 1322 4496; x_wconf 89' lang='lat' dir='ltr'>sine</span> <span class='ocrx_word' id='word_1_311' title='bbox 1341 4430 1460 4496; x_wconf 87' lang='lat' dir='ltr'>codicis</span> <span class='ocrx_word' id='word_1_312' title='bbox 1480 4429 1600 4494; x_wconf 90' lang='lat' dir='ltr'>indicio</span> 
     </span>
     <span class='ocr_line' id='line_1_37' title="bbox 362 4532 1457 4624; baseline -0.001 -22"><span class='ocrx_word' id='word_1_313' title='bbox 362 4536 450 4603; x_wconf 83' lang='lat' dir='ltr'>inter</span> <span class='ocrx_word' id='word_1_314' title='bbox 472 4537 636 4624; x_wconf 84' lang='lat' dir='ltr'>Megaram</span> <span class='ocrx_word' id='word_1_315' title='bbox 661 4543 693 4603; x_wconf 90' lang='lat' dir='ltr'>et</span> <span class='ocrx_word' id='word_1_316' title='bbox 716 4537 987 4623; x_wconf 82' lang='lat' dir='ltr'>Amphitryonem</span> <span class='ocrx_word' id='word_1_317' title='bbox 1011 4537 1178 4603; x_wconf 86' lang='lat' dir='ltr'>distribuit</span> <span class='ocrx_word' id='word_1_318' title='bbox 1200 4536 1399 4616; x_wconf 82' lang='grc' dir='ltr'>516-519Ι</span> <span class='ocrx_word' id='word_1_319' title='bbox 1455 4532 1457 4537; x_wconf 65' lang='grc'><strong>’</strong></span> 
     </span>
     <span class='ocr_line' id='line_1_38' title="bbox 375 4635 1558 4730; baseline -0.002 -19"><span class='ocrx_word' id='word_1_320' title='bbox 375 4645 377 4652; x_wconf 65' lang='grc'>’</span> <span class='ocrx_word' id='word_1_321' title='bbox 527 4649 572 4711; x_wconf 87' lang='lat' dir='ltr'>M.</span> <span class='ocrx_word' id='word_1_322' title='bbox 606 4643 632 4710; x_wconf 87' lang='grc' dir='ltr'><em>ὦ</em></span> <span class='ocrx_word' id='word_1_323' title='bbox 655 4644 797 4730; x_wconf 79' lang='grc' dir='ltr'><em>πρέσβυ,</em></span> <span class='ocrx_word' id='word_1_324' title='bbox 821 4647 948 4711; x_wconf 78' lang='grc' dir='ltr'><em>λεύσσω</em></span> <span class='ocrx_word' id='word_1_325' title='bbox 972 4645 1058 4729; x_wconf 81' lang='grc' dir='ltr'>τάμὰ</span> <span class='ocrx_word' id='word_1_326' title='bbox 1080 4643 1225 4729; x_wconf 77' lang='grc' dir='ltr'><em>φίλτατ’,</em></span> <span class='ocrx_word' id='word_1_327' title='bbox 1248 4644 1269 4728; x_wconf 77' lang='grc' dir='ltr'><em>ἢ</em></span> <span class='ocrx_word' id='word_1_328' title='bbox 1292 4648 1327 4709; x_wconf 83' lang='grc' dir='ltr'>τί</span> <span class='ocrx_word' id='word_1_329' title='bbox 1347 4635 1428 4728; x_wconf 72' lang='grc' dir='ltr'>φῶςΙ</span> <span class='ocrx_word' id='word_1_330' title='bbox 1534 4642 1558 4702; x_wconf 69' lang='lat' dir='ltr'><em>s</em></span> 
     </span>
     <span class='ocr_line' id='line_1_39' title="bbox 383 4735 1381 4836; baseline -0.001 -20"><span class='ocrx_word' id='word_1_331' title='bbox 383 4827 386 4834; x_wconf 29' lang='grc' dir='ltr'>Ι</span> <span class='ocrx_word' id='word_1_332' title='bbox 505 4761 571 4836; x_wconf 56' lang='grc' dir='ltr'>γΑ.</span> <span class='ocrx_word' id='word_1_333' title='bbox 604 4741 666 4832; x_wconf 84' lang='grc' dir='ltr'>οὐκ</span> <span class='ocrx_word' id='word_1_334' title='bbox 690 4744 781 4835; x_wconf 76' lang='grc' dir='ltr'><em>οἶδα,</em></span> <span class='ocrx_word' id='word_1_335' title='bbox 804 4754 966 4836; x_wconf 78' lang='grc' dir='ltr'><em>θύγατερ·</em></span> <span class='ocrx_word' id='word_1_336' title='bbox 991 4751 1118 4835; x_wconf 80' lang='grc' dir='ltr'><em>ἀφασία</em></span> <span class='ocrx_word' id='word_1_337' title='bbox 1141 4749 1178 4816; x_wconf 76' lang='grc' dir='ltr'>δὲ</span> <span class='ocrx_word' id='word_1_338' title='bbox 1201 4750 1276 4835; x_wconf 80' lang='grc' dir='ltr'>κᾶμ’</span> <span class='ocrx_word' id='word_1_339' title='bbox 1304 4735 1381 4835; x_wconf 71' lang='grc' dir='ltr'><em>ἔχει.</em></span> 
     </span>
     <span class='ocr_line' id='line_1_40' title="bbox 410 4856 1355 4942; baseline -0.001 -20"><span class='ocrx_word' id='word_1_340' title='bbox 410 4857 476 4923; x_wconf 84' lang='grc'>516</span> <span class='ocrx_word' id='word_1_341' title='bbox 523 4864 571 4923; x_wconf 92' lang='grc' dir='ltr'>Μ.</span> <span class='ocrx_word' id='word_1_342' title='bbox 603 4858 651 4924; x_wconf 82' lang='grc' dir='ltr'>ὅδ’</span> <span class='ocrx_word' id='word_1_343' title='bbox 680 4857 771 4924; x_wconf 80' lang='grc' dir='ltr'><em>ἐστὶν</em></span> <span class='ocrx_word' id='word_1_344' title='bbox 794 4857 835 4923; x_wconf 86' lang='grc' dir='ltr'><em>ὃν</em></span> <span class='ocrx_word' id='word_1_345' title='bbox 858 4868 918 4942; x_wconf 73' lang='grc' dir='ltr'>γῆς</span> <span class='ocrx_word' id='word_1_346' title='bbox 940 4856 1066 4941; x_wconf 80' lang='grc' dir='ltr'><em>νέρθεν</em></span> <span class='ocrx_word' id='word_1_347' title='bbox 1089 4858 1313 4941; x_wconf 78' lang='grc' dir='ltr'><em>εἰσηκούομεν.</em></span> <span class='ocrx_word' id='word_1_348' title='bbox 1350 4912 1355 4921; x_wconf 81' lang='grc'>.,</span> 
     </span>
    </p>
   </div>
   <div class='ocr_carea' id='block_1_3' title="bbox 0 0 1990 5725">
    <p class='ocr_par' dir='ltr' id='par_1_3' title="bbox 0 0 1990 5725">
     <span class='ocr_line' id='line_1_41' title="bbox 0 0 1990 5725; baseline 0 0"><span class='ocrx_word' id='word_1_349' title='bbox 0 0 1990 5725; x_wconf 95' lang='lat' dir='ltr'> </span> 
     </span>
    </p>
   </div>
  </div>
 </body>
</html>
