3967 5725
350 1796 376 1836 10

349 3934 376 3975 8⁰

389 643 455 707 542
631 646 703 697 LXI.
723 645 838 695 INDEX
857 644 1072 696 LEGI'IONUM
1092 643 1324 696 AESTIVARUM
1343 647 1422 695 1905.

386 807 522 871 mediis
549 804 621 871 Orci
641 807 787 888 faecibus
805 855 812 869 .
828 856 834 869 .
853 807 954 882 evasi·
978 807 1016 870 dc
1039 806 1174 870 mediis
1191 805 1319 888 capulis
1337 854 1366 868 ..
1386 811 1496 884 erepta.
1528 804 1621 870 Olau-

387 912 501 976 dianus
520 914 633 977 scribit
652 910 741 997 (xvir
756 909 791 998 9)
805 914 842 976 ia
856 914 991 978 mediis
1005 912 1109 977 masat
1122 914 1280 994 quaesitas
1293 914 1428 989 μανία
1448 911 1526 998 (vm
1540 911 1620 999 270)

386 1024 415 1084 te
436 1021 530 1084 totius
552 1021 671 1084 medio
694 1019 814 1084 tdluris
836 1022 872 1083 ia
889 1040 948 1084 ore.
980 1019 1166 1084 Macrobius
1185 1017 1265 1105 (Sat.
1285 1037 1311 1082 11
1330 1019 1359 1101 8,
1380 1017 1415 1105 7)
1432 1021 1469 1083 ia
1487 1021 1622 1086 mediis

386 1126 577 1207 voluptatum
602 1126 777 1203 amabas
807 1124 1088 1213 (Sat.vr1l‚16)
1110 1128 1146 1190 in
1169 1127 1304 1191 mediis
1325 1126 1442 1191 saltere
1464 1129 1621 1193 coacioiia

388 1230 452 1296 Sed
470 1234 515 1296 sit
533 1233 594 1297 hoc
613 1234 691 1298 satis
710 1236 931 1318 exemplorum
950 1233 990 1296 ad
1009 1233 1253 1318 significandam
1273 1254 1354 1316 quae
1371 1237 1420 1298 est
1433 1233 1529 1299 huius
1543 1255 1621 1299 usus

386 1339 628 1423 proprietatem,
650 1361 747 1423 quam
766 1340 899 1404 eandem
918 1338 1048 1405 Graecis
1066 1339 1259 1404 familiarem
1277 1339 1378 1404 fuisse
1395 1362 1491 1405 nemo
1510 1341 1621 1406 nescit.

476 1445 516 1510 ln
534 1444 673 1532 Vergilii
697 1449 838 1512 carmine
861 1450 1049 1531 sequuntur,
1073 1451 1109 1510 ut
1133 1446 1286 1531 diximus,
1309 1446 1388 1510 haec

432 1551 476 1617 58
1057 1555 1150 1619 eicite
1171 1553 1285 1619 silvae:

523 1659 678 1744 Praeceps
700 1639 787 1726 aerii
803 1661 928 1744 specula
949 1663 988 1726 ste
1010 1663 1125 1727 mostis
1147 1663 1183 1726 ιἰι
1205 1660 1311 1726 aedos

522 1766 677 1850 Defercr;
700 1773 869 1834 ονλνονιιινι
892 1769 948 1834 boc
968 1789 1084 1834 meaos
1107 1770 1267 1833 morientis
1288 1767 1408 1853 bobeta,

389 1873 565 1956 inquibus
589 1874 793 1940 Hermannus
816 1876 953 1959 primus,
982 1877 1058 1959 quia
1081 1878 1235 1958 quattuor
1259 1895 1369 1939 versus
1393 1876 1622 1961 congruentiae

382 2001 498 2070 causa,
521 2003 587 2046 non
610 1985 684 2066 tres,
707 1983 904 2066 requirebat,
927 1988 960 2046 et
984 1983 1062 2066 quia
1085 1982 1181 2046 nimis
1204 1982 1291 2046 nuda
1314 1987 1420 2046 essent
1441 1982 1499 2046 illa
1523 1983 1624 2048 Viuite

388 2088 495 2159 sicae,
513 2111 614 2153 unum
633 2111 761 2154 versum
776 2091 891 2155 similis
905 2090 1083 2155 sententiae
1098 2089 1297 2154 intercidisse
1312 2089 1512 2174 coniectavit,
1532 2089 1622 2153 cuius

389 2194 571 2278 exemplum
591 2196 679 2261 dedit
700 2197 800 2262 Viuite
814 2198 1001 2262 Maenaliae
1018 2197 1176 2280 quaedam
1190 2217 1259 2261 mea
1268 2217 1391 2278 pascua
1404 2196 1516 2274 vallea
1536 2218 1623 2260 eum-

390 2323 452 2384 que
475 2303 577 2367 seouti
599 2305 745 2388 plerique
769 2305 928 2369 defectum
952 2308 1161 2390 agnoverunt,
1185 2303 1384 2369 Ribbeckius
1401 2303 1457 2387 ita,
1479 2307 1516 2367 ut
1535 2303 1623 2367 aliud

389 2409 571 2491 exemplum
601 2410 772 2475 desiderati
799 2411 950 2476 versiculi
977 2413 1114 2497 fingeret
1147 2412 1222 2478 Vive
1249 2418 1300 2476 tuo
1325 2411 1404 2492 felic
1432 2411 1526 2494 stipae
1554 2431 1623 2476 cam

388 2517 523 2598 crispe,
546 2517 646 2600 Nysa,
670 2517 733 2582 hoo
754 2518 827 2583 ideo
850 2540 891 2582 ne
915 2518 1038 2582 deesset
1063 2540 1126 2602 quo
1150 2518 1263 2582 referri
1286 2521 1398 2602 posset
1416 2517 1503 2601 quod
1523 2522 1571 2582 est
1588 2518 1624 2581 in

388 2622 537 2706 proximo
566 2645 660 2688 versu
688 2645 804 2689 menes
830 2645 870 2688 οι.
897 2625 1012 2690 habeto.
1055 2623 1118 2690 Sed
1146 2647 1204 2691 nec
1232 2626 1295 2690 hcc
1322 2624 1563 2690 desiderabatur
1590 2623 1624 2688 in

389 2729 529 2794 carmine
553 2731 639 2813 quod
662 2752 727 2795 uon
751 2732 867 2816 agebat
888 2731 953 2797 nisi
972 2733 1011 2796 de
1029 2731 1138 2816 Nysae
1157 2731 1301 2817 perfidia,
1325 2735 1357 2795 et
1375 2734 1446 2797 tota
1464 2731 1624 2795 sententia

390 2858 487 2920 quam
509 2836 582 2901 addi
606 2837 678 2903 vult
696 2838 731 2903 in
748 2836 835 2903 hunc
852 2839 961 2904 locum
978 2839 1043 2904 nisi
1061 2840 1206 2905 fallimur
1223 2862 1288 2905 non
1309 2838 1453 2923 quadrat.
1484 2837 1623 2903 Facilius

389 2943 568 3009 Hermanni
596 2945 854 3029 supplementum
882 2947 1016 3030 feretur,
1045 2949 1097 3012 eui
1124 2948 1256 3014 concedi
1285 2951 1426 3031 oportet,
1453 2946 1510 3011 illa
1531 2946 1624 3011 civite

388 3051 487 3116 ιιλοοο
503 3051 591 3115 haud
609 3052 723 3117 inscite
741 3054 887 3136 potuisse
904 3055 1035 3141 gemina
1053 3054 1250 3121 valedicendi
1267 3053 1408 3119 formula
1425 3053 1624 3138 amplificari.

390 3155 454 3223 Sed
484 3157 547 3224 hoc
578 3160 720 3246 flagitari
750 3182 817 3226 non
846 3163 1031 3245 contendet,
1063 3162 1126 3226 nisi
1155 3184 1227 3227 cum
1255 3159 1442 3226 Hermanno
1471 3164 1624 3244 quattuor

388 3286 500 3331 versus
527 3289 588 3351 pro
614 3267 719 3333 tribus
741 3268 934 3353 poposcerit.
971 3268 1056 3335 Nam
1080 3268 1244 3334 Theocriti
1268 3289 1379 3333 versus
1403 3267 1520 3351 quibus
1543 3266 1623 3331 Her·

389 3394 526 3437 mannus
549 3375 654 3440 utitur
677 3372 819 3463 (1115):

525 3476 551 3545 ὦ
575 3481 685 3565 λύκοι,
709 3478 735 3547 ὦ
758 3488 861 3564 θῶες,
885 3479 911 3548 ὦ
934 3481 986 3547 ἀν’
1014 3483 1275 3566 &perpetuitas
1298 3484 1428 3567 ἄρκτοι,

524 3587 674 3673 χαίρεθ’·
698 3588 716 3654 ὁ
739 3591 902 3672 βουκόλος
924 3591 1029 3674 ὔμμιν
1052 3587 1116 3673 ἐγὼ
1140 3590 1277 3675 Δάφνις
1300 3586 1404 3655 οὐκέτ’
1433 3586 1491 3652 ἀν’
1513 3587 1609 3669 ὕλαν,

524 3694 637 3760 οὐκέτ’
660 3695 724 3760 tva
747 3697 894 3782 δρυμός,
917 3696 979 3762 οὐκ
1003 3698 1117 3761 ἄλσεα·
1141 3694 1226 3781 χαῖρ’
1249 3693 1423 3781 Ἀρέθοισα

523 3802 579 3868 καλ
600 3803 754 3886 ποταμοί,
776 3801 828 3869 τοὶ
851 3813 936 3888 xatus
959 3803 1063 3869 καλὸν
1084 3805 1168 3869 κατὰ
1192 3804 1347 3888 Δωρίδος
1369 3802 1462 3887 ὕδωρ

391 3908 471 3991 quid
488 3907 609 3974 habent
628 3908 850 3975 similitudinis
869 3931 942 3975 cum
956 3910 1161 3996 Vergiliana,
1180 3914 1217 3975 ut
1235 3909 1270 3974 hi
1287 3930 1326 3974 ex
1340 3908 1405 3973 illis
1420 3908 1624 3993 potissimum

390 4017 533 4100 expressi
555 4016 745 4082 rideantur?
783 4015 854 4093 Quo
878 4018 1025 4102 exemplo
1049 4018 1075 4081 si
1101 4016 1179 4101 quid
1202 4016 1344 4101 docetur,
1369 4016 1432 4081 hoc
1450 4015 1557 4080 doceri
1575 4036 1624 4079 ar-

390 4121 561 4207 bitramur,
594 4123 865 4208 quemadmodum
896 4124 975 4190 haec
1007 4121 1032 4190 ὦ
1066 4124 1161 4189 λύκοι
1185 4172 1219 4189 ..
1242 4121 1389 4209 χαίρεθ’·
1421 4122 1625 4207 ὁβουιιόλος

389 4229 496 4314 ὔμμιν
522 4228 587 4314 ἐγὼ
610 4232 746 4315 Δάφνις
773 4230 881 4297 οὐκέτ’
913 4229 964 4296 ἀν’
997 4231 1083 4297 ὕλαν
1104 4231 1141 4295 in
1162 4252 1260 4296 unam
1283 4229 1475 4296 sententiam
1497 4232 1625 4311 meunt,

390 4336 438 4400 sic
460 4337 546 4420 apud
564 4335 745 4424 Vergilium
770 4338 849 4403 duas
871 4343 981 4422 partes
1004 4338 1099 4403 unius
1123 4359 1192 4403 esse
1216 4338 1372 4403 orationis
1394 4338 1488 4403 νλοιιι
1509 4334 1623 4401 siloae:

390 4440 472 4531 (ορο)
489 4464 640 4526 praeceps
662 4444 700 4510 dc
721 4446 836 4511 νιοιιιιζι
857 4446 981 4527 apamia
1005 4446 1130 4527 desecr
1151 4446 1188 4510 ia
1209 4446 1323 4511 νοάοο.

478 4550 548 4616 Iam
571 4551 655 4615 nihil
678 4552 821 4636 impedit,
845 4552 1017 4636 quominus
1040 4551 1251 4617 instauratam
1272 4552 1307 4617 in
1330 4550 1456 4617 duobus
1475 4548 1623 4614 cantibus

1637 1458 1678 1513 lc

390 4658 596 4742 stropharum
610 4656 838 4743 aequalitatem
852 4659 1092 4743 perspiciamus.
1116 4658 1193 4725 Tres
1208 4660 1310 4746 igitur
1322 4657 1457 4723 ultimae
1471 4653 1638 4739 strophae

391 4768 505 4829 cantus
527 4764 653 4849 prioris,
677 4765 705 4830 si
723 4764 881 4831 librorum
899 4767 1086 4831 memoriam
1106 4767 1313 4849 consulimus,
1336 4763 1441 4849 prima
1459 4758 1622 4849 (46-50)

391 4874 423 4934 et
450 4872 546 4935 tertia
575 4870 745 4959 (or—61)
774 4871 930 4958 quinque,
957 4873 1063 4937 media
1090 4870 1252 4959 (cl-56)
1281 4893 1337 4938 sex
1364 4892 1474 4937 versus
1501 4869 1623 4935 habent
