3967 5725
611 641 792 693 snsuorns
810 640 1007 693 PLATONICI
1026 640 1331 692 onsusvsmouns.
1522 637 1588 702 365

263 818 267 825 ’
354 805 589 887 argumentum,
613 804 646 867 et
668 803 787 867 omisso
811 823 850 866 eo
873 802 958 867 idem
978 803 1088 867 valent
1105 801 1204 866 verba
1222 801 1267 878 ὡς
1283 822 1317 866 π.
1335 799 1499 886 ἐσόμενος.
1529 800 1590 867 use
1692 825 1696 834 ·

355 930 430 974 vero
449 929 719 993 supervacaneum
736 930 797 974 nec
816 907 1056 975 desiderabatur
1071 909 1112 974 ad
1125 907 1370 974 sustentandum
1385 909 1588 974 enuntiatum

356 1015 567 1101 participiale.
604 1013 668 1080 Sed
691 1014 859 1080 Platonem
881 1015 1027 1080 videmus
1051 1017 1186 1080 nonita
1208 1015 1386 1100 astringere
1410 1015 1589 1080 orationem

356 1123 474 1206 solere,
501 1126 539 1187 ut
564 1143 631 1186 uon
657 1122 711 1188 hic
739 1122 806 1186 illic
832 1143 897 1206 quo
919 1123 1091 1188 rotundior
1113 1144 1151 1188 ae
1173 1122 1303 1188 mollior
1326 1121 1441 1190 evadat
1463 1123 1586 1187 confor-

357 1231 458 1296 matio
480 1229 689 1314 participium
712 1229 891 1296 immisceat
912 1230 1000 1314 quod
1018 1229 1179 1295 sententia
1196 1229 1326 1313 quidem
1344 1251 1411 1294 non
1428 1230 1589 1313 poscebat.

356 1337 446 1402 Haec
473 1341 570 1402 sunto
597 1337 755 1422 exempla,
782 1359 885 1422 pauca
912 1337 951 1401 de
978 1336 1137 1421 pluribus
1173 1334 1211 1400 Iu
1237 1335 1385 1401 Phaedro
1413 1333 1458 1423 (p.
1480 1336 1534 1418 11,
1554 1335 1589 1422 8)

355 1443 411 1509 καὶ
439 1442 593 1529 ἐφαίνετο
623 1445 664 1528 δή
692 1469 749 1529 μοι
776 1445 1012 1510 νεανιεύεσθαι
1039 1441 1368 1528 ἐπιδεικνύμενος
1396 1445 1441 1521 ὡς
1463 1435 1533 1520 οἷός
1555 1466 1590 1508 τε

357 1553 406 1616 ὢν
433 1551 537 1621 ταύτὰ
563 1549 682 1634 ἑτέρως
709 1575 744 1617 τε
766 1550 822 1617 καὶ
845 1550 963 1637 ἑτέρως
985 1549 1094 1634 λέγων
1117 1550 1312 1637 ἀμφοτέρως
1334 1552 1441 1618 είπεῖν
1464 1553 1591 1632 ἄριστα.

358 1656 438 1735 Quis
460 1657 515 1724 hic
537 1658 709 1744 geminatis
732 1658 922 1744 praesertim
944 1657 1127 1743 participiis
1146 1657 1417 1740 ἐπιδεικνύμενος
1434 1656 1590 1722 desidera-

357 1764 426 1847 bat,
455 1787 528 1830 cum
556 1765 626 1830 sino
649 1788 686 1830 eo
710 1769 785 1851 apte
808 1765 964 1852 coniungi
987 1766 1221 1832 νεανιεύεσθαι
1245 1766 1289 1842 ὡς
1311 1757 1383 1842 οἷός
1405 1788 1440 1830 τε
1464 1765 1512 1830 ὥν
1534 1787 1632 1849 ap·1o

357 1877 478 1956 pareat,
496 1876 534 1937 ut
551 1873 587 1938 in
601 1871 722 1957 Gorgia
740 1870 785 1958 (p.
804 1873 876 1956 114,
890 1870 948 1958 22)
968 1873 1108 1958 αίσχρὸν
1126 1872 1360 1940 νεανιεύεσθαι
1380 1873 1424 1949 ὡς
1439 1871 1469 1938 τὶ
1484 1874 1591 1956 ὄντας,

357 1983 415 2044 aut
441 1979 477 2044 in
496 1978 645 2045 Phaedro
668 1977 714 2066 (p.
733 1979 776 2044 22
783 2032 791 2063 ,
812 1979 868 2067 14)
896 1981 934 2044 τὸ
963 1980 1069 2064 μηδὲν
1091 1977 1184 2063 ὑγιὲς
1207 1978 1340 2062 ίέγοντε
1364 1979 1591 2063 σεμνύνεσθαι

357 2087 403 2164 ὡς
430 2084 462 2150 τὶ
490 2090 574 2152 ὄντε.
610 2085 650 2151 In
676 2087 838 2172 principio
863 2085 1004 2152 Critonis
1031 2086 1117 2152 ἀλλά
1143 2084 1197 2152 καὶ
1221 2095 1284 2152 σοῦ
1307 2088 1409 2152 πάλαι
1431 2086 1591 2167 θαυμάζω

358 2195 651 2278 αἰσθανόμενος
679 2193 723 2271 ὡς
747 2193 850 2279 ἡδέως
872 2195 1051 2271 καθεύδεις
1072 2194 1156 2259 falso
1179 2215 1248 2258 esse
1272 2194 1515 2274 αἰσθανόμενος
1538 2192 1592 2256 ad-

358 2301 513 2384 scriptum
542 2297 576 2387 (a
604 2322 668 2385 quo
696 2304 753 2367 ant
781 2322 846 2386 quo
877 2298 1049 2387 consilioi)
1079 2323 1151 2367 cum
1179 2299 1366 2387 Hirscbigio
1394 2299 1591 2364 Hartmanus

356 2406 403 2494 (p.
422 2405 480 2493 92)
509 2409 703 2492 statuerumt,
731 2409 819 2493 qnod
849 2409 977 2493 quidem
1006 2408 1166 2473 sententia
1192 2406 1334 2494 flagitari
1361 2429 1427 2472 uon
1455 2405 1591 2471 dicimus

358 2515 416 2578 sod
433 2518 542 2580 tamen
561 2520 696 2579 venusta
715 2515 852 2599 quadam
871 2516 1079 2600 simplicitate
1097 2515 1250 2599 loquendi
1269 2514 1361 2580 valde
1376 2513 1592 2580 commendari

356 2621 589 2686 existimamus.
625 2619 779 2706 Inprimis
806 2623 1008 2708 respicienda
1036 2628 1112 2690 sunt
1138 2621 1263 2709 Legum
1285 2622 1383 2687 verba
1406 2619 1471 2708 (vn
1489 2644 1520 2705 p.
1540 2620 1592 2704 56,
1660 2665 1665 2678 ·

360 2728 400 2793 11
415 2726 489 2814 Bk.)
518 2729 625 2796 πολίά
647 2726 709 2813 μὲν
738 2731 780 2814 δι)
804 2732 922 2798 τοίνυν
945 2733 1029 2796 ἀλλα
1052 2732 1132 2816 ἡμῖν
1155 2742 1223 2797 τῶν
1244 2734 1396 2796 παλαιῶν
1418 2729 1592 2813 ὀνομάτων

358 2835 403 2912 ὡς
425 2831 462 2903 εὖ
485 2833 540 2901 καί
563 2837 646 2901 κατὰ
668 2837 774 2921 φύσιν
797 2839 932 2921 κείμενα
955 2839 1008 2905 δεῑ
1026 2839 1321 2921 διανοούμενον
1340 2835 1497 2905 ἐπαινεῖν.
1529 2835 1591 2901 Pu·
1606 2864 1632 2903 so

357 2946 504 3009 tamusne
531 2944 786 3029 διανοούμενον,
818 2946 902 3011 unde
929 2946 1049 3031 pendet
1078 2949 1214 3013 alterum
1244 2946 1451 3031 participium
1480 2946 1524 3022 ὡς
1552 2940 1589 3010 εὖ

356 3048 412 3115 ιιαὶ
434 3051 517 3117 κατὰ
539 3052 646 3135 φύσιν
667 3054 815 3138 κείμενα,
838 3054 926 3138 quod
948 3076 988 3119 eo
1011 3054 1206 3119 adminiculo
1229 3075 1295 3118 non
1318 3052 1497 3138 indigebat,
1520 3072 1589 3115 ora-

357 3158 456 3222 tionis
482 3156 586 3225 forma
607 3161 751 3244 requiri?
779 3161 866 3245 quod
887 3161 982 3226 nobis
1005 3161 1067 3226 etsi
1089 3161 1222 3225 minime
1245 3160 1344 3224 deleri
1366 3159 1501 3225 velimus
1524 3179 1592 3223 non

357 3266 461 3350 magis
484 3268 700 3332 necessarium
723 3268 851 3333 videtur
873 3290 971 3353 quam
993 3268 1045 3332 vel
1068 3269 1243 3343 πείθοντες
1263 3268 1298 3330 in
1316 3264 1496 3351 Republica
1515 3261 1592 3351 (vm

358 3392 389 3455 p.
409 3372 483 3455 407,
504 3370 560 3460 12)
584 3376 810 3459 σωφροσύνην
831 3372 870 3441 δὲ
892 3374 1078 3461 ἀνανδρίαν
1100 3372 1280 3450 καλοῦντές
1298 3371 1406 3438 τεκαὶ
1425 3377 1592 3456 προπηλα-

358 3479 503 3557 κίζοντες
520 3479 729 3565 ἐκβάλλουσι,
747 3485 941 3568 μετριότητα
960 3478 998 3547 δὲ
1017 3479 1072 3547 καὶ
1092 3484 1233 3563 κοσμίαν
1252 3481 1405 3565 δαπάνην
1421 3481 1466 3557 ὡς
1479 3480 1592 3565 ἀγροι-

358 3589 436 3651 κίαν
457 3587 511 3651 καὶ
536 3587 776 3673 ἀνελευθερίαν
799 3585 907 3655 οὖσαν
927 3591 1141 3665 πείθοντες
1160 3588 1394 3673 ὑπερορίζουσι
1412 3589 1494 3671 μετὰ
1512 3592 1590 3653 πολ-

359 3698 427 3758 λῶν
450 3691 649 3779 ἐπιθυμιῶν,
673 3718 738 3780 quo
760 3697 933 3782 participio
956 3696 1035 3762 item
1059 3697 1262 3761 enuntiatum
1285 3695 1487 3780 participiale
1510 3696 1592 3782 regi-

357 3803 424 3885 tur,
452 3802 539 3884 quod
567 3803 635 3867 siue
664 3824 702 3869 eo
730 3825 796 3868 non
818 3804 926 3869 minus
949 3807 1036 3869 recte
1061 3803 1235 3868 constabat.
1273 3802 1361 3867 Haec
1384 3801 1411 3867 si
1435 3801 1592 3866 immunia

358 3911 445 3991 sunt,
472 3912 621 3975 tamenne
648 3911 807 3976 instamus
830 3910 981 3988 πεισθεὶς
1005 3933 1076 3976 esse
1098 3909 1347 3975 removendum?
1378 3908 1466 3993 quod
1489 3908 1592 3974 eidem
1607 3934 1633 3974 so

357 4015 430 4078 usui
459 4015 734 4083 accommodatum
764 4018 918 4084 orationis
947 4041 1044 4085 cansa
1072 4018 1215 4102 potuisse
1241 4017 1352 4082 abesse
1376 4016 1592 4082 concessimus

357 4120 388 4184 b
407 4144 432 4185 e.
458 4122 620 4187 sublatum
643 4147 709 4190 non
733 4125 906 4192 dissolvere
930 4126 1123 4206 orationem,
1151 4129 1258 4189 tamen
1281 4145 1341 4189 nec
1364 4125 1432 4189 sine
1456 4124 1592 4189 consilio

357 4227 518 4292 adiectum
545 4251 604 4295 uec
632 4231 701 4297 sine
729 4233 845 4299 damno
872 4254 968 4316 posse
997 4232 1081 4297 demi
1109 4232 1203 4297 nobis
1226 4232 1443 4316 persuasimus
1467 4232 1524 4316 qui
1546 4232 1592 4295 ita

359 4335 533 4400 sentiamus
559 4338 712 4421 opinandi
735 4339 1006 4425 significationem
1030 4361 1112 4422 quae
1135 4340 1219 4404 inest
1242 4339 1277 4403 in
1299 4338 1406 4403 verbis
1425 4339 1470 4415 ὡς
1488 4338 1592 4422 ἀρα..

358 4439 515 4525 ἐσόμενος
542 4445 747 4527 superaddito
776 4447 927 4523 πεισθεὶς
954 4445 1083 4511 accendi
1112 4450 1145 4511 et
1171 4449 1304 4530 perapte
1332 4446 1373 4511 ad
1398 4445 1590 4510 sententiam

358 4548 393 4613 in
415 4550 481 4614 vim
504 4553 723 4634 persuasionis
746 4552 867 4638 augeri.

447 4761 500 4826 Ad
528 4763 682 4849 Hippiam
710 4765 864 4851 redimus,
893 4769 931 4831 ut
959 4788 1040 4850 quae
1067 4787 1164 4851 porro
1192 4766 1466 4832 animadversione
1494 4766 1591 4853 digna

358 4869 427 4934 visa
451 4870 575 4935 sintin
596 4872 703 4937 verbis
727 4894 808 4956 quae
831 4872 908 4939 huic
931 4874 1031 4957 capiti
1052 4872 1318 4959 praescripsimus
1341 4874 1517 4939 indicemus
1536 4894 1591 4938 no-
