3967 5725
551 630 603 680 DE
620 629 797 681 VERSIBUS
815 629 1027 681 NONNULLIS
1044 629 1193 681 PACUVII
1210 630 1364 684 molon
1510 630 1577 695 483

342 790 470 874 Nempe
503 790 567 856 sibi
598 793 801 876 persuaserat
830 790 931 854 verba
963 796 1020 855 out
1045 792 1128 872 quod
1147 792 1364 872 primordium
1390 815 1456 858 non
1483 815 1577 878 posse

341 899 408 963 nisi
430 901 609 962 extremum
632 919 744 963 versus
768 895 898 962 iambici
920 896 1211 963 looum'obtinere:
1235 899 1322 982 qnod
1343 902 1381 963 ut
1399 899 1579 966 efficeretur

344 1005 434 1069 omni
457 1025 518 1088 ope
540 1003 710 1068 nitendum
732 1008 822 1070 ratus
845 1005 896 1069 bis
920 1005 1008 1089 quod
1030 1005 1121 1089 prius
1143 1008 1213 1070 erat
1235 1007 1396 1091 posterius
1419 1006 1509 1092 fecit,
1539 1006 1578 1070 de

344 1112 490 1177 oratione
513 1132 644 1176 securus
667 1111 765 1175 modo
787 1113 931 1176 numeris
955 1111 1133 1177 satisfieret
1165 1111 1239 1177 Hoc
1262 1113 1404 1177 instituit
1427 1117 1460 1178 et
1483 1113 1579 1178 simul

343 1219 479 1283 alteram
499 1217 721 1283 condicionem
739 1219 924 1303 proposuit3
943 1217 1097 1302 quoniam
1112 1218 1198 1282 enim
1212 1218 1310 1283 verba
1323 1241 1418 1302 qurum
1431 1219 1578 1285 iuristum

343 1327 431 1391 oium
457 1345 525 1389 non
550 1325 658 1389 minus
679 1325 817 1408 probum
842 1326 964 1390 exitum
987 1347 1100 1390 versus
1121 1325 1278 1410 praebent
1300 1347 1397 1410 quam
1421 1332 1477 1391 aut
1497 1327 1581 1408 quod

339 1431 566 1512 primordium,
588 1431 685 1495 licere
707 1435 774 1494 tres
796 1453 908 1496 versus
932 1432 1112 1497 describere
1135 1431 1286 1497 adhunc
1308 1433 1438 1498 modum

722 1538 828 1603 dubito
850 1559 945 1619 quum
967 1540 1116 1604 insistam
1138 1541 1224 1604 oium

564 1678 707 1698 υ-υ
726 1678 814 1698 -υ
833 1651 939 1710 —uut
960 1646 1276 1729 quodprimordium

562 1751 730 1834 Cupissem
752 1753 798 1816 ud
818 1754 947 1834 stirpem
969 1753 1194 1834 exquirendum
1593 1779 1620 1824 ro

346 1880 420 1924 cum
443 1860 542 1923 trium
564 1859 683 1943 pedum
707 1858 832 1923 iactura
855 1858 1063 1924 insecundo.
1102 1858 1173 1936 Qua
1199 1882 1234 1924 re
1262 1859 1323 1924 etsi
1350 1859 1448 1924 verba
1475 1859 1580 1926 dubr'to

345 1987 441 2048 quom
462 1967 485 2029 i.
502 1987 530 2030 o.
554 1966 678 2030 intacta
700 1967 846 2049 manent,
876 1967 985 2029 tamen
1008 1986 1157 2030 veremur
1177 1986 1219 2030 ne
1241 1965 1304 2030 hoc
1327 1966 1370 2030 sit
1391 1964 1495 2032 πλέον
1517 1966 1580 2031 θά-

344 2095 442 2155 τερον
464 2072 578 2138 facere.
616 2071 701 2149 Quid
724 2072 832 2136 enim?
854 2074 920 2136 tres
942 2071 1041 2155 pedes
1063 2072 1197 2155 periisse
1215 2074 1363 2138 volumus
1382 2071 1438 2137 ubi
1458 2073 1492 2137 in
1511 2094 1580 2138 ora·

345 2179 434 2243 tione
466 2178 550 2244 nihil
582 2179 794 2261 desideratur,
826 2177 926 2242 immo
958 2199 1000 2241 ne
1032 2177 1169 2243 inveniri
1200 2178 1330 2263 quidem
1357 2183 1466 2263 potest
1494 2178 1580 2264 quod

345 2285 482 2350 addatur
513 2285 564 2351 his
596 2286 745 2371 partibus
773 2284 952 2350 sententiae
978 2284 1092 2350 intime
1120 2285 1294 2352 connexis?
1339 2284 1504 2351 Verumne
1532 2290 1581 2351 est

346 2392 434 2476 quod
462 2393 600 2458 dicimus
624 2392 685 2457 hos
709 2393 839 2457 criticos
861 2394 964 2456 metra
987 2395 1114 2456 tantum
1138 2413 1258 2476 curare,
1287 2393 1386 2458 verba
1407 2391 1503 2457 nihili
1526 2393 1581 2458 ha»

345 2499 444 2564 bere?
479 2498 550 2565 Nos
574 2500 622 2565 ita
644 2520 810 2564 censemus
833 2499 885 2563 vel
908 2499 971 2564 hoc
993 2521 1059 2564 mro
1083 2499 1239 2584 exemplo,
1264 2500 1351 2584 quod
1375 2522 1408 2564 se
1429 2499 1581 2585 temptari

344 2628 412 2671 non
438 2607 570 2691 patitur,
598 2608 677 2671 satis
706 2605 832 2671 edoceri
855 2610 985 2690 poetam
1007 2606 1068 2671 hos
1091 2628 1243 2671 numeros
1266 2613 1323 2672 out
1344 2606 1428 2690 quid
1442 2609 1582 2689 primor-

267 2736 269 2741 ·
347 2713 435 2778 dium
458 2735 499 2776 ne
522 2713 721 2798 aprincipio
741 2713 871 2798 quidem
891 2735 1003 2778 versus
1022 2712 1136 2798 procul
1154 2713 1315 2778 habuisse.
1353 2713 1424 2792 Quo
1443 2714 1581 2800 probato

345 2841 405 2904 pro
424 2820 581 2885 trimetris
599 2820 732 2886 licentia
749 2819 923 2886 Ribbeckii
941 2819 1119 2905 procreatis
1137 2820 1227 2886 nullo
1246 2822 1378 2909 negotio
1398 2821 1580 2888 octonarios
1595 2851 1622 2893 ro

345 2928 574 3012 nanciscimur,
602 2949 683 3012 quos
706 2926 808 2993 Nonii
836 2928 976 2993 editores
1005 2926 1200 3004 Quicherato
1227 2929 1375 3013 principe
1404 2928 1581 3012 ediderunt,

347 3036 506 3119 integrum
532 3058 634 3099 unum
659 3038 692 3099 et
714 3034 920 3099 dimidiatum
944 3033 1082 3099 alterum

944 3140 1051 3205 dubito
1074 3160 1170 3222 quum
1192 3141 1338 3206 insistam
1361 3142 1448 3206 oium

444 3293 447 3297 -
480 3248 641 3332 Autquo'd
646 3248 862 3331 primordium
872 3248 1030 3328 cepissem
1040 3248 1085 3311 od
1092 3248 1220 3329 stipem
1230 3244 1580 3334 mquirmdumv-*l

348 3399 352 3403 Α
435 3355 559 3421 Eodem
583 3377 679 3421 sensu
704 3354 819 3420 ductim
837 3353 1036 3418 Ribbeckius
1060 3352 1094 3416 in
1113 3353 1269 3418 Periboea
1291 3371 1366 3417 xvn
1390 3350 1484 3440 (296)
1509 3374 1581 3419 cum

347 3462 509 3549 plerisque
532 3463 648 3527 maluit
672 3461 752 3525 duos
775 3461 940 3525 trimetros
964 3460 1160 3525 constituere

817 3588 926 3649 precor
947 3569 1074 3632 omium
1090 3572 1207 3650 peteres,

487 3677 542 3743 Uti
562 3697 642 3758 quoe
665 3674 746 3760 [epo]
770 3676 820 3757 epi
842 3695 901 3758 epo
923 3676 1013 3740 euim
1035 3679 1216 3739 verruncent
1238 3672 1318 3753 berre,

312 3783 445 3868 iquam
469 3783 556 3867 quod
578 3782 614 3847 L.
628 3781 785 3847 Muellero
809 3781 932 3867 placuit
956 3781 1065 3845 omnia
1087 3802 1152 3845 uno
1176 3779 1340 3844 octonario
1365 3780 1534 3864 complecti

480 3890 598 3955 Preco'r
619 3891 745 3955 omium
762 3894 871 3971 petens
887 3895 923 3954 ut
944 3909 1024 3970 quoe
1046 3888 1095 3970 epi
1117 3908 1175 3970 opo
1196 3886 1285 3951 cuim
1302 3891 1484 3952 verruuceut
1500 3886 1579 3951 bene.
1594 3914 1621 3955 ru

348 3994 411 4061 Sed
433 3995 561 4062 Nonius
585 4018 658 4061 cum
680 3998 732 4061 bis
755 3996 871 4080 tradat,
894 4019 924 4080 p.
942 3993 1016 4077 185,
1035 3994 1078 4060 26

480 4102 675 4168 ‘oermuceut
687 4104 780 4168 idest
792 4108 921 4167 cetura.
942 4102 1059 4167 Accius
1073 4100 1443 4167 JocuoiusPerrboeo
1454 4100 1582 4181 ‘precor

480 4212 605 4275 omium
618 4216 735 4291 petum
753 4215 885 4290 atquae
903 4210 951 4291 epi
969 4228 1027 4290 apo
1042 4210 1130 4273 cuim
1146 4203 1256 4295 (euim)
1270 4212 1452 4273 uerruucmt
1464 4206 1581 4291 bme'','

436 4421 501 4491 ⁸24)
519 4437 608 4475 meum
626 4419 740 4475 eddidit
758 4417 955 4487 Quieheruus,
972 4435 1030 4474 non
1048 4418 1145 4488 inepte
1163 4418 1193 4473 in
1211 4434 1241 4473 rc
1260 4418 1381 4485 incerta3
1399 4434 1465 4472 nam
1484 4417 1519 4472 de
1538 4433 1581 4471 ar·

347 4513 481 4580 gumento
500 4509 616 4564 subulae
634 4508 730 4564 omnia
749 4508 868 4563 obscura
886 4523 947 4562 esse
966 4506 1115 4562 fatendum
1129 4508 1181 4575 est,
1199 4506 1256 4561 nisi
1270 4506 1332 4575 quir
1346 4506 1427 4562 vanis
1442 4504 1583 4575 opinioni-

346 4598 399 4651 bus
426 4598 511 4652 fidem
539 4597 657 4652 habebit
680 4596 783 4666 quibus
807 4599 857 4651 aut
879 4596 1052 4651 Ribbeckius
1075 4596 1106 4649 in
1129 4595 1202 4651 libro
1226 4596 1261 4650 de
1283 4595 1431 4666 tragoedia
1454 4594 1582 4650 Romam

347 4704 375 4756 p.
391 4690 443 4740 310
458 4703 518 4755 sqq.
542 4688 592 4739 aut
609 4686 696 4741 Nonii
720 4684 812 4741 editor
829 4684 981 4741 Muellerus
1009 4685 1046 4739 ad
1064 4684 1189 4741 Nonium
1212 4703 1238 4755 p.
1254 4689 1288 4738 85
1311 4684 1395 4739 huius
1417 4683 1582 4755 tragoediae

348 4775 453 4830 itinera
480 4774 696 4843 descripserunt.
729 4774 869 4846 [insistam
895 4774 970 4829 riam
998 4780 1058 4830 out
1082 4774 1161 4845 Quod
1178 4774 1365 4845 primordium
1390 4773 1582 4844 Plasbergius‚

348 4864 425 4920 idem
443 4862 613 4919 Skutschiua
631 4866 693 4933 (per
710 4862 777 4935 litt.)
795 4880 840 4917 rna
858 4880 915 4918 non
934 4861 1134 4937 adsentiente]

1367 4951 1420 5005 31·
