3967 5725
379 594 445 660 422
571 597 642 649 mv,
661 597 777 647 mann
796 596 1010 648 sannionum
1029 597 1269 648 msnnunnuu
1288 595 1420 666 morsos.

378 760 525 842 pulcrum
545 757 632 842 quod
650 757 782 823 haberet
795 779 861 822 nou
874 762 1002 842 poterat
1015 759 1079 822 nisi
1094 759 1189 823 unius
1204 780 1273 823 esse
1286 757 1488 824 Menaechmi
1506 779 1612 842 neque

379 887 470 930 secus
489 865 673 951 significari.
703 863 904 950 Ambiguum
918 871 975 949 est,
993 869 1143 948 fatemur,
1161 865 1316 930 iudicium
1330 866 1370 929 de
1384 867 1485 931 altero
1500 864 1612 930 verbo:

378 971 594 1037 masticamus
617 972 702 1036 enim
724 992 859 1036 numero
882 971 1001 1056 plurali
1024 972 1129 1056 possis
1153 971 1303 1057 probare,
1325 975 1363 1037 ut
1385 970 1612 1036 Menaechmus

380 1100 414 1142 se
437 1101 501 1143 una
525 1099 599 1144 cum
621 1079 763 1163 parasito
791 1080 877 1143 hune
906 1079 989 1143 diem
1018 1079 1206 1144 comburere
1228 1079 1260 1143 b.
1276 1101 1300 1144 e.
1320 1100 1508 1145 consumere
1531 1078 1613 1143 velle

378 1185 512 1268 iudicet3
539 1207 651 1250 verum
678 1189 785 1250 tamen
812 1184 891 1250 haec
913 1185 1012 1250 rerba
1038 1208 1096 1271 per
1118 1191 1210 1268 utque
1234 1185 1425 1270 particulam
1453 1187 1613 1270 copulata,

380 1313 518 1375 quorum
542 1292 679 1357 alterum
702 1292 795 1356 alteri
818 1293 997 1357 necessario
1021 1296 1070 1357 est
1093 1295 1332 1377 supplemento,
1355 1293 1434 1358 adeo
1457 1293 1491 1357 in
1515 1314 1612 1357 unam

379 1399 571 1464 sententiam
603 1402 721 1464 coeunt
754 1403 790 1464 ut
818 1400 954 1464 variatio
985 1401 1113 1465 numeri
1140 1401 1286 1466 videatur
1314 1399 1448 1464 excludi.
1498 1398 1612 1483 Itaque

379 1505 599 1570 existimamus
623 1527 751 1570 versum
775 1505 821 1570 sic
843 1505 1000 1590 scriptum
1023 1507 1123 1572 fuisse

515 1609 606 1678 01991
623 1633 750 1678 nomem
764 1618 807 1677 est
820 1613 875 1677 ubi
891 1613 1065 1694 sepulerum
1082 1614 1212 1679 babeam
1232 1620 1322 1696 etque
1339 1614 1422 1680 bunc
1434 1613 1613 1679 comburam

339 1741 366 1781 19
1237 1721 1328 1786 diem,

377 1823 492 1908 Neque
520 1847 668 1889 veremur
695 1848 735 1890 ne
762 1825 880 1891 nimiae
909 1825 972 1891 hoc
999 1827 1149 1892 audaciae
1176 1827 1341 1893 incusetur
1368 1827 1454 1911 quod
1481 1826 1531 1892 bis
1559 1848 1613 1892 am

378 1953 438 2016 pro
452 1952 544 1998 umus
562 1932 597 1996 in
616 1933 776 1998 continuis
796 1933 919 1998 scilicet
937 1937 970 1998 et
984 1934 1188 2018 comparibus
1203 1934 1374 1999 verborum
1389 1933 1501 2000 formis
1516 1957 1614 2018 pona-

378 2043 444 2122 tur;
468 2059 549 2122 quae
573 2040 634 2104 etsi
656 2061 744 2104 mera
767 2040 927 2105 scribendi
951 2041 1096 2106 socordia
1119 2041 1297 2126 permutari
1319 2045 1483 2125 poterant,
1505 2044 1615 2106 tamen

378 2144 465 2210 haud
492 2146 575 2212 scias
603 2169 644 2210 an
672 2146 874 2231 probabilius
903 2148 945 2213 sit
973 2169 1080 2213 errore
1108 2149 1225 2214 mentis
1253 2153 1420 2233 peccatum
1449 2169 1518 2213 csse
1541 2170 1615 2232 pro·

377 2257 488 2336 pterea
512 2252 600 2336 quod
623 2254 765 2338 apertior
787 2254 823 2319 in
844 2254 897 2319 his
923 2255 1072 2321 invitatio
1096 2255 1242 2321 Peniculi
1270 2256 1523 2339 exspectabatur.
1569 2253 1614 2319 Et

378 2363 472 2424 eruut
495 2359 631 2426 fortasse
654 2360 750 2425 bodie
770 2363 826 2446 qui
844 2361 955 2428 eodem
974 2383 1070 2426 sensu
1092 2363 1181 2427 ducti
1199 2363 1262 2427 hoo
1280 2360 1367 2445 quod
1385 2360 1613 2427 Menaechmus

378 2466 499 2531 fatetur
521 2467 559 2530 de
583 2489 617 2531 se
638 2468 716 2532 satis
735 2490 801 2533 non
820 2490 888 2534 esse
908 2468 1105 2533 arbitrentur
1123 2470 1164 2534 ad
1182 2469 1358 2553 parasitum
1377 2469 1613 2535 conciliandum

379 2573 472 2656 eique
490 2594 582 2657 spem
600 2595 718 2638 novam
737 2596 832 2639 cenae
851 2575 1090 2640 ostendendam.
1128 2573 1198 2652 Qua
1212 2576 1250 2640 de
1269 2596 1304 2639 re
1321 2599 1362 2641 ne
1381 2599 1479 2660 prave
1497 2575 1612 2641 iudice·

380 2683 442 2762 tur,
470 2700 529 2766 age
556 2679 618 2744 iter
646 2680 803 2745 sermonis
831 2681 919 2765 qnod
947 2681 1047 2746 fuerit
1070 2704 1180 2747 rursus
1204 2704 1478 2770 recognoscamus.
1524 2681 1613 2758 Quae

338 2809 364 2862 ao
379 2787 466 2850 enim
489 2785 717 2851 Menaechmus
737 2784 832 2875 (123)
855 2788 965 2853 uxoris
989 2789 1169 2874 puniendae
1193 2812 1289 2856 causa
1311 2790 1452 2854 minatur

513 2895 615 2977 Atque
637 2896 723 2975 odeo,
745 2917 786 2961 99
807 2918 855 2961 me
877 2898 1065 2978 9999199991
1088 2917 1196 2977 991999,
1219 2898 1255 2963 ob
1278 2919 1348 2964 enm
1369 2899 1562 2963 industrium

513 3002 619 3067 Hodie
636 3004 749 3067 docum
767 3009 900 3069 scotum
918 3005 963 3068 od
980 3024 1089 3069 cenom
1107 3010 1198 3087 etque
1215 3005 1320 3087 atiquo
1338 3006 1499 3070 9991119919
1515 3006 1612 3087 foras,
1641 3059 1644 3065 ,

380 3108 459 3173 baec
481 3108 565 3174 clam
588 3110 719 3175 audiam
742 3108 915 3176 Peniculus
939 3111 985 3175 ita
1008 3133 1116 3176 secum
1139 3111 1351 3177 ratiocinatur
1374 3110 1455 3197 (125
1466 3109 1526 3199 sq.)

513 3215 589 3281 Illic
609 3218 698 3282 bomo
720 3237 753 3283 se
774 3220 868 3283 uxori
889 3218 1019 3283 91199191
1042 3219 1124 3284 91919
1146 3218 1238 3301 loqui,
1262 3219 1398 3301 19991191
1420 3220 1516 3296 mite

513 3325 601 3389 Nom
623 3326 654 3389 ni
673 3326 755 3407 forr's
777 3331 872 3403 99991,
889 3326 1027 3407 profem
1051 3347 1106 3403 me,
1132 3326 1220 3391 baed
1240 3346 1377 3407 uxorem,
1399 3325 1567 3390 9191991191.

378 3429 498 3494 Metuit
511 3431 597 3495 enim
612 3432 639 3495 si
654 3435 810 3515 patronus
824 3431 903 3496 foris
922 3436 1016 3497 cenat
1034 3455 1075 3497 ne
1093 3434 1183 3497 nulla
1201 3454 1276 3518 pars
1296 3432 1330 3497 in
1349 3454 1385 3497 ea
1400 3453 1478 3497 cena
1492 3432 1554 3496 sibi
1570 3431 1612 3495 sit
1707 3506 1710 3513 ,

377 3537 488 3601 futura
506 3537 603 3621 idque
621 3542 670 3602 est
688 3539 774 3622 quod
789 3536 883 3625 (147)
903 3540 983 3603 satis
1001 3538 1226 3622 intempestive
1240 3539 1527 3624 interrogationem
1549 3538 1581 3605 U
1582 3538 1613 3602 bi

378 3645 478 3709 essuri
499 3644 630 3711 snmus?
654 3645 839 3729 interponat
861 3650 894 3710 et
917 3645 1031 3710 deinde
1054 3643 1150 3732 (151)
1170 3645 1329 3730 expressis
1352 3645 1458 3711 verbis
1482 3646 1613 3730 aperiat,

380 3773 474 3835 quem
484 3750 547 3816 sibi
558 3756 680 3817 metum
694 3752 983 3817 illudldenaeohmi
998 3752 1140 3837 litigium
1155 3774 1227 3817 oum
1241 3773 1339 3816 uxore
1351 3756 1463 3817 natum
1476 3752 1613 3816 incutiat

338 3887 365 3933 11
754 3860 828 3925 Non
844 3879 941 3942 perpe
964 3859 1070 3936 laercle,
1093 3861 1158 3924 uisi
1180 3861 1242 3924 scio
1265 3880 1328 3942 qna
1348 3861 1464 3941 pratia,

513 3965 668 4049 [stirpium
692 3966 749 4031 nbi
771 3972 816 4032 est
837 3988 906 4031 cum
928 3986 1041 4030 acore:
1065 3987 1097 4031 eo
1121 3969 1167 4031 911
1190 3966 1245 4031 abs
1267 3972 1295 4031 te
1317 3985 1407 4031 99999
1429 3966 1559 4031 cautius.

379 4070 439 4135 cui
462 4072 550 4156 qnod
572 4073 627 4137 ille
651 4074 823 4157 respondet
842 4094 910 4137 esse
929 4071 991 4137 sibi
1010 4073 1173 4137 nesciente
1191 4094 1292 4138 uxore
1311 4072 1410 4138 alium
1429 4072 1536 4137 locum
1556 4071 1612 4136 ubi

380 4200 565 4243 consumere
590 4179 673 4244 diem
697 4179 802 4263 liceat,
826 4180 988 4264 quianon
1007 4178 1105 4262 videt,
1127 4178 1190 4244 hoc
1213 4181 1291 4244 satis
1316 4200 1384 4243 esse
1403 4178 1523 4263 indicii,
1547 4201 1611 4262 quo

377 4284 550 4350 Peniculus
582 4308 616 4351 se
644 4308 709 4350 non
736 4286 901 4351 exclusum
929 4287 970 4351 iri
998 4285 1143 4372 colligat:
1176 4308 1240 4369 quo
1269 4286 1353 4350 enim
1382 4285 1446 4350 alio
1475 4286 1610 4352 consilio

378 4393 457 4460 haec
480 4395 604 4479 aperiat
626 4393 874 4459 Menaechmus?
919 4391 1033 4477 Itaque
1057 4415 1146 4477 spem
1170 4392 1311 4458 oblatam
1336 4393 1497 4478 excipiens
1519 4392 1612 4457 Peni-

379 4502 469 4566 culus
492 4501 572 4567 haec
594 4501 727 4566 subiicit
748 4505 854 4565 certus
878 4522 911 4565 se
933 4504 1096 4585 expertem
1119 4522 1184 4564 non
1212 4499 1294 4583 fore,
1327 4500 1459 4582 Quando
1482 4521 1611 4582 aequom

379 4629 460 4692 orco,
482 4630 578 4690 quom
601 4629 672 4674 moe
694 4610 824 4674 incendo
846 4608 978 4691 repom?
1020 4606 1169 4690 Eumque
1192 4610 1279 4671 recte
1303 4608 1441 4672 sensisse
1464 4606 1611 4691 quamvis

379 4734 452 4779 cum
481 4715 728 4799 reprehensione
756 4715 926 4781 confirmat
953 4714 1194 4795 Menaechmus,
1227 4733 1299 4777 cum
1326 4711 1389 4779 hoc
1417 4713 1537 4801 regerit
1568 4713 1611 4777 Tc

379 4841 508 4901 morare,
532 4822 612 4887 mus
629 4844 721 4905 quom
739 4823 901 4905 obbonem.
938 4819 1052 4904 Itaque
1070 4820 1127 4884 illo
1147 4823 1336 4905 argumento
1356 4842 1421 4903 quo
1441 4820 1513 4904 quis
1532 4841 1610 4885 usus
