3967 5725
678 647 927 709 Quansmonns
946 645 1254 696 ARISTOPHANEAE.
1522 642 1587 708 305

351 807 583 893 ξυγγογγύλας
606 807 657 873 vel
675 809 803 874 inverso
823 807 934 872 ordine
953 808 1187 892 copulatorum,
1211 807 1356 892 quidest
1376 797 1589 891 quodminus

351 916 504 981 idoneum
533 919 589 980 aut
616 916 723 979 minus
749 914 920 980 tolerabile
942 914 1102 979 iudicetur
1125 937 1221 999 quam
1244 914 1298 979 val
1320 914 1399 980 haec
1422 916 1455 979 in
1480 915 1589 980 eadem

351 1021 552 1088 fabulantis
580 1020 736 1105 ξυνάγειν
764 1022 818 1086 καὶ
843 1024 1078 1104 συναθροίζειν
1106 1024 1153 1098 είς
1176 1020 1227 1100 ἕν;
1256 1021 1319 1086 577
1345 1023 1424 1098 τούς
1446 1046 1484 1107 γε
1508 1040 1589 1087 συν-

351 1128 551 1214 ισταμένους
573 1130 713 1206 τούτους
730 1126 786 1194 καί
806 1131 885 1206 τοὺς
902 1134 1083 1204 πιλοῦντας
1102 1125 1251 1212 ἑαυτούς,
1276 1128 1331 1193 ubi
1349 1131 1502 1194 tralatum
1522 1151 1590 1194 ver·

352 1238 430 1302 bum
453 1237 586 1321 proprio
611 1236 806 1321 adiungitur,
830 1239 886 1300 aut
909 1235 943 1299 in
961 1233 1080 1319 Vespis
1099 1234 1163 1300 601
1184 1236 1265 1301 οἵων
1284 1234 1323 1320 μ’
1341 1232 1517 1322 ἀποκλῄεις
1536 1238 1589 1302 καλ

352 1345 551 1428 κατερύκεις,
571 1345 623 1409 vel
641 1342 741 1407 Ranis
757 1342 821 1407 703
841 1345 873 1408 εί
890 1339 927 1408 δὲ
945 1341 1033 1407 τοῦτ’
1058 1341 1298 1427 ὀγκωσόμεσθα
1317 1343 1589 1428 κάποσεμνυνού-

353 1457 459 1536 μεθα,
486 1454 520 1513 et
546 1452 581 1514 in
603 1449 685 1514 Pace
709 1449 771 1514 381
803 1451 832 1514 εἰ
860 1451 903 1533 μή
931 1453 1097 1534 τετορήσω
1120 1459 1224 1514 ταῦτα
1246 1447 1301 1514 καὶ
1326 1453 1509 1534 λακήσομαι
1533 1450 1588 1538 (of.

353 1558 492 1625 Acharn.
512 1553 606 1643 579),
633 1557 697 1621 alia
724 1559 834 1621 multa.
871 1555 957 1620 Nam
986 1557 1021 1620 in
1048 1555 1099 1620 his
1122 1557 1232 1641 paucis
1257 1557 1477 1640 subsistimus,
1507 1581 1590 1642 quae

354 1664 492 1730 maxime
521 1663 750 1750 comparabilia
778 1663 928 1728 videntur
955 1662 1023 1727 illis
1052 1685 1133 1747 quae
1162 1685 1221 1728 suo
1245 1667 1359 1747 poetae
1382 1664 1590 1731 vindicamus.

352 1770 549 1837 Universum
578 1771 663 1837 enim
691 1793 793 1857 genus
820 1771 977 1836 ubertatis
1006 1791 1079 1835 vere
1106 1774 1236 1854 poetam
1265 1770 1404 1837 decentis
1434 1771 1631 1838 latissimam

354 1883 444 1964 patet
471 1880 569 1944 etiam
597 1880 631 1943 in
653 1878 882 1962 Aristophanis
911 1877 1043 1962 fabulis,
1073 1877 1120 1941 sic
1142 1881 1179 1942 ut
1202 1878 1434 1962 praetereundo
1458 1881 1591 1944 tractari

353 2008 421 2050 non
443 1986 547 2070 possit
571 1985 627 2050 sed
649 1987 813 2070 propriam
837 1984 899 2048 sibi
923 1983 1175 2068 disputationem
1199 1984 1350 2068 requirat.

444 2092 508 2158 Sed
535 2092 575 2157 ab
604 2092 655 2157 his
683 2091 840 2176 Hesychii
868 2091 985 2177 glossis
1015 2091 1112 2156 toties
1140 2113 1240 2176 pravo
1264 2091 1399 2156 consilio
1424 2092 1464 2156 ad
1487 2115 1591 2158 emen·

354 2200 516 2265 dationem
545 2203 714 2284 poetarum
743 2199 977 2283 scriptorumve
1002 2197 1198 2264 Graecorum
1228 2198 1381 2264 adhibitis
1404 2220 1470 2264 non
1493 2200 1591 2264 disoe-

353 2307 460 2372 dimus
483 2305 672 2392 priusquam
696 2305 833 2370 alterum
857 2306 1042 2390 exemplum
1060 2302 1334 2389 Aristophaneum
1358 2306 1498 2372 breviter
1521 2329 1591 2391 per-

352 2415 589 2478 strinxerimus.
626 2411 662 2477 In
687 2413 789 2478 Ranis
818 2413 901 2477 euim
931 2434 950 2476 a
973 2435 1001 2476 v.
1021 2412 1087 2477 202
1112 2410 1241 2478 Charon
1270 2416 1302 2476 et
1326 2413 1489 2498 Dionysus
1513 2413 1591 2478 haec

354 2522 440 2586 inter
462 2543 496 2586 se
520 2524 720 2586 commutant
742 2520 840 2585 verba

517 2634 555 2692 X.
578 2628 619 2693 οὐ
642 2629 686 2712 μή
709 2628 914 2712 φλυαρήσεις
936 2610 1023 2710 ἔχων
1047 2623 1117 2691 ἀλλ’
1145 2625 1282 2710 ἀντιβὰς

578 2732 655 2822 ἐλᾷς
677 2736 877 2819 κροθύμως;

918 2848 958 2906 Δ.
982 2835 1064 2929 κᾷτα
1088 2853 1157 2919 πῶς
1180 2842 1366 2927 δυνήσομαι
1607 2871 1632 2910 so

578 2951 712 3033 ἀκειρος
735 2948 968 3025 ἀθαλάττωτος
990 2949 1207 3034 ἀσαλαμίνιος

579 3058 628 3121 ὢν
652 3048 715 3120 εἶτ’
737 3054 905 3141 ἐλαύνειν;

355 3163 394 3229 In
417 3163 535 3248 quibus
559 3165 693 3248 ἄπειρος
714 3162 879 3247 displicuit
896 3162 1036 3228 Velseno
1056 3167 1087 3227 et
1106 3164 1182 3247 quia
1201 3164 1287 3248 apud
1306 3163 1505 3247 Hesychium
1526 3164 1591 3250 legi

356 3271 481 3335 viderat
503 3269 793 3347 ἀθαλάττωτος·
824 3271 959 3355 ἀπειρος
981 3272 1165 3335 θαλαττίου
1188 3275 1286 3354 πλοῦ,
1310 3274 1342 3335 et
1366 3292 1477 3335 rursus
1501 3270 1593 3335 ἀσα-

355 3380 551 3461 λαμίνιος·
582 3379 716 3463 ἀκειρος
745 3378 932 3462 θαλάσσης,
958 3377 1033 3441 inde
1061 3378 1241 3461 suspicatus
1270 3382 1321 3442 est
1343 3378 1427 3443 hauc
1451 3377 1592 3464 glossam

356 3508 397 3550 ex
414 3483 579 3568 Hesychio
604 3484 637 3548 in
656 3506 784 3549 versum
803 3482 1033 3567 Aristophanis
1052 3482 1173 3548 illatam
1193 3482 1390 3568 primitivam
1410 3507 1521 3551 vocem
1540 3508 1594 3549 ex-

355 3592 498 3675 trivisse,
530 3594 644 3674 poetae
676 3612 752 3655 vero
785 3589 923 3655 fortasse
955 3589 1045 3653 reddi
1077 3611 1172 3674 posse
1205 3588 1259 3655 ἀεί
1284 3614 1334 3667 τις
1362 3614 1420 3675 pro
1450 3594 1592 3676 ἀκειρος.

356 3698 459 3775 Quam
488 3699 707 3764 coniecturam
725 3697 858 3762 Velseni
885 3718 957 3762 cum
986 3694 1010 3761 Ι.
1031 3696 1227 3762 Leeuwenus
1256 3701 1436 3762 memoratu
1463 3699 1593 3782 dignam

354 3805 472 3869 habuit
493 3804 595 3870 Ranis
619 3827 645 3869 a.
667 3804 753 3869 1896
778 3805 880 3888 editis,
904 3808 974 3868 tum
998 3802 1143 3868 Kockius
1166 3804 1212 3868 ita
1236 3807 1364 3870 secutus
1389 3808 1451 3887 est,
1474 3809 1511 3867 ut
1534 3827 1592 3889 pro

355 3914 493 3996 άπειρος
522 3914 634 3977 mallet
660 3911 793 3996 ἀγρεῖος
820 3910 850 3975 h.
875 3934 901 3977 e.
929 3910 1065 3997 agrestis
1093 3909 1213 3995 reponi.
1253 3911 1412 3988 Quicum
1435 3910 1593 3995 Hesychii
1608 3940 1634 3979 co

301 4006 305 4019 ¹
356 4020 556 4083 mentionem
578 4042 645 4084 non
667 4019 765 4083 faciat
788 4022 820 4083 et
844 4042 883 4083 ex
907 4020 1042 4103 ἀντειρος
1065 4018 1191 4084 efficere
1215 4018 1343 4083 studeat
1361 4018 1448 4101 quod
1467 4020 1593 4102 apicum

357 4125 570 4190 similitudine
593 4127 841 4210 commendetur,
864 4125 995 4190 Velseni
1019 4127 1159 4190 rationes
1182 4126 1326 4190 fallimur
1349 4129 1489 4189 autnon
1508 4129 1593 4189 recte

358 4234 491 4316 taxavit,
515 4233 571 4317 qui
591 4231 801 4297 Cobetianam
824 4234 981 4297 rationem
1005 4234 1183 4297 aemulatus
1202 4232 1358 4316 Hesychii
1379 4233 1505 4318 glossas
1524 4233 1593 4316 plu·

358 4340 433 4404 rimi
460 4340 550 4424 fecit,
578 4360 618 4403 ex
646 4340 763 4423 quibus
792 4339 987 4404 subditivam
1011 4361 1123 4405 vocem
1148 4340 1304 4426 originem
1328 4338 1458 4403 duxisse
1481 4340 1594 4403 voluit.

357 4445 429 4511 Nos
462 4448 490 4509 si
523 4446 602 4532 quid
629 4447 785 4531 exemplis
813 4469 910 4531 supra
938 4448 1080 4511 collectis
1109 4448 1270 4512 effecimus
1297 4446 1359 4510 hoc
1389 4446 1594 4510 statuendum

358 4554 590 4637 existimamus,
609 4552 809 4637 Hesychium
827 4555 973 4638 potuisse
991 4553 1085 4617 illum
1105 4554 1233 4637 quidem
1250 4575 1308 4617 sua
1322 4558 1436 4636 sponte
1451 4554 1485 4617 in
1500 4554 1595 4617 istam

358 4662 609 4745 explicationem
638 4660 867 4725 vocabulorum
896 4658 1183 4747 ἀθαλάττωτος*),
1212 4660 1427 4745 ἀσαλαμίνιος
1455 4660 1594 4725 incidere

450 4819 513 4889 ³37)
533 4818 658 4872 Koelrius
678 4818 898 4884 ἀθαλάττευτος,
917 4819 993 4887 quod
1011 4821 1044 4872 ut
1063 4835 1119 4872 non
1137 4834 1274 4887 negamus
1292 4816 1440 4887 probabile
1460 4833 1533 4881 esse,
1553 4816 1595 4870 ita

360 4907 533 4977 ambigimus
553 4924 638 4977 quam
657 4910 732 4962 recte
751 4906 949 4971 ἀθαλάττωτος
966 4907 1118 4963 reiiciatur.

416 5007 544 5049 Vahlani
559 5007 670 5057 opuscula
683 5008 714 5047 11.
747 4990 750 4996 ¹
1347 5000 1380 5049 20
