3967 5725
640 616 822 667 SERMONIS
839 616 1035 667 PLATONICI
1054 616 1360 670 OBSERVATIONES.
1550 615 1614 681 361

303 800 306 804 ·
380 803 415 845 τε
443 775 487 862 ἦν
513 776 549 843 ἐκ
577 778 657 844 νέου
684 775 738 842 καὶ
767 778 862 860 ὑμῶν
888 787 934 866 τῷ
957 780 1080 862 πλήθει
1109 777 1311 863 ξυνέφυγεν,
1339 785 1368 844 et
1389 800 1475 846 muse
1496 781 1618 846 amieo

381 893 450 953 erat
470 908 492 951 α
508 888 621 968 pueris
642 891 670 950 et
691 885 845 950 υοδὶτονοι
865 887 977 969 [νροια
993 887 1095 967 petiit.
1132 884 1245 970 Itaque
1275 885 1302 950 si
1326 886 1404 970 quid
1427 887 1617 952 mutendum

381 998 444 1079 est,
472 991 588 1057 Cobeti
615 992 800 1077 opinionem
828 992 1052 1077 praeferimus,
1080 992 1137 1077 qui
1165 993 1252 1078 quod
1281 991 1410 1080 ἑταῖρός
1436 1003 1478 1060 ιε’
1499 993 1618 1060 delevit

382 1102 575 1167 senteutiam
598 1098 728 1184 quidem
750 1121 817 1164 non
840 1101 998 1185 eorrupit3
1021 1099 1077 1164 sed
1096 1099 1182 1184 quod
1202 1099 1338 1165 alterum
1358 1098 1488 1186 ἑταῖρος
1505 1101 1617 1166 abesse

381 1208 506 1291 meluit,
527 1212 566 1271 ut
587 1206 754 1272 mittamus
777 1229 872 1272 usum
895 1206 1050 1290 Platonis,
1074 1228 1168 1291 quem
1192 1209 1451 1292 monstrevimus,
1474 1209 1545 1294 ipse
1562 1230 1617 1273 ne-

382 1317 449 1380 tivo
470 1320 622 1379 venustus
645 1314 772 1379 dieendi
790 1314 907 1398 renuit,
930 1336 1012 1399 quse
1030 1315 1066 1378 in
1083 1314 1143 1380 hee
1162 1315 1309 1398 quemvis
1327 1315 1417 1380 tenui
1437 1315 1618 1381 differentis

381 1423 522 1508 partium
551 1444 618 1486 non
644 1423 798 1486 tolerasse
825 1421 921 1487 modo
949 1421 1005 1487 sed
1027 1421 1234 1506 requisivisse
1257 1443 1375 1488 nomen
1397 1422 1549 1487 iter-etum
1572 1424 1617 1487 vi·

382 1531 489 1614 detur,
516 1527 594 1612 ἐμός
616 1552 651 1593 τε
674 1515 804 1612 ἑταλρορ
825 1524 868 1612 ἦν
892 1528 931 1594 ἐκ
954 1528 1048 1594 νέου
1071 1527 1125 1594 καὶ
1150 1529 1246 1613 ὑμῶν
1268 1537 1313 1618 τῷ
1333 1533 1456 1614 πλήθει
1479 1528 1616 1615 ἑταῖρος.

382 1634 427 1702 At
446 1634 613 1721 (lebetum,
635 1639 797 1720 putemus,
819 1657 887 1701 non
908 1635 988 1700 heee
1011 1639 1137 1702 tentum
1161 1637 1296 1703 offensio
1321 1636 1432 1721 movit,
1455 1635 1617 1702 sedidem

382 1743 468 1812 houd
496 1743 593 1808 dubie
620 1741 769 1808 duritiem
799 1743 958 1827 quendem
986 1743 1143 1809 orationis
1171 1745 1329 1829 persensit
1351 1744 1386 1809 in
1409 1744 1469 1810 hee
1493 1743 1659 1811 consor-10

383 1851 524 1916 motione
555 1850 610 1914 καλ
641 1850 738 1933 ὑμῶν
769 1858 814 1937 τῷ
842 1854 964 1935 πλήθει
996 1850 1125 1936 ἑταῖρός
1151 1874 1185 1916 ιε
1214 1849 1269 1916 καὶ
1297 1850 1500 1935 ξυνέφυγεν,
1534 1873 1616 1935 quse

382 1958 463 2044 pede
482 1958 596 2023 oleudo
615 1979 684 2022 esse
698 1957 846 2022 videatur
858 1961 974 2043 utpote
988 1979 1098 2024 eerens
1112 1959 1214 2023 altero
1229 1963 1394 2043 temquem
1409 1959 1489 2043 pede
1503 1957 1616 2042 verb03

383 2069 588 2150 exspectetur
611 2065 696 2130 enim
715 2061 770 2129 καὶ
789 2064 885 2149 ὑμῶν
903 2075 948 2153 τῷ
962 2067 1085 2147 πλήθει
1105 2063 1233 2150 ἑταῖρός
1251 2088 1286 2130 ιε
1304 2061 1347 2149 ἦν
1365 2067 1419 2130 καλ
1439 2063 1616 2149 ξυνέφυγε,

383 2173 469 2257 quod
488 2173 623 2238 verbum
641 2171 817 2256 prseoessit
836 2172 891 2236 sed
910 2193 949 2236 ex
967 2172 1132 2256 superiore
1150 2175 1243 2256 perte
1262 2170 1406 2257 suppleri
1419 2193 1486 2236 non
1499 2173 1616 2256 potest.

381 2279 471 2345 Idem
489 2279 730 2346 ineommodum
750 2278 925 2345 Sohonuius
944 2279 1088 2364 percepit
1106 2283 1139 2343 et
1157 2283 1266 2363 aperte
1285 2278 1391 2344 verbis
1411 2278 1616 2366 significavit.

382 2386 484 2471 Atqui
507 2382 550 2470 ἦν
572 2389 600 2452 si
624 2386 830 2471 desideretur,
854 2385 967 2471 quidni
990 2385 1136 2450 addimus
1159 2407 1270 2450 vocem
1292 2386 1487 2469 postulatum
1507 2388 1616 2470 potius

383 2516 479 2578 quem
507 2494 648 2558 absentis
676 2495 711 2558 in
739 2489 925 2559 soeietetem
953 2492 1142 2558 ebiioiemus
1170 2493 1247 2577 elia,
1276 2492 1362 2577 quod
1390 2514 1464 2558 oum
1494 2491 1616 2561 Gobeto
1730 2487 1737 2500 ’

383 2601 559 2666 Sohunzius
581 2601 733 2666 instituit.
771 2599 859 2665 Haeo
882 2599 937 2684 qui
960 2599 1172 2684 reputaverit,
1200 2599 1361 2686 intelliget
1383 2623 1500 2666 novem
1523 2601 1617 2668 nobis

384 2707 603 2793 quaestionem
632 2708 801 2773 subnotem
828 2728 911 2791 esse,
938 2706 995 2771 sed
1023 2729 1090 2772 eum
1120 2728 1202 2791 queo
1226 2707 1385 2791 dirempto
1409 2729 1497 2793 spem
1520 2709 1617 2774 faeiat

383 2816 577 2901 diremptum
605 2813 645 2880 iri
672 2819 774 2881 totum
802 2836 940 2881 oensem.
977 2813 1107 2880 Etenim
1134 2836 1201 2880 non
1225 2812 1354 2899 ἑταῖρος
1377 2820 1426 2881 est
1450 2815 1537 2901 quod
1559 2817 1617 2883 im·
1631 2837 1658 2879 ro

383 2924 492 3011 pediet
519 2923 575 2987 sed
598 2922 635 2988 τέ
655 2923 813 3008 particule
836 2923 866 2986 ei
888 2921 1014 2986 nomini
1038 2921 1174 3007 adieete3
1202 2945 1267 3011 quo
1289 2922 1416 2988 subluto
1438 2922 1511 2989 tolli
1535 2924 1617 2989 diffi-

384 3032 487 3099 oultes
510 3021 670 3115 uideatur,
697 3028 774 3114 ἐμός
796 3052 831 3093 τε
855 3026 983 3112 ἑταῖρος
1007 3023 1049 3111 ἦν
1073 3027 1108 3093 ἐκ
1132 3028 1211 3094 νέου
1234 3028 1288 3095 καὶ
1311 3031 1407 3115 ὑμῶν
1429 3055 1474 3096 ιιι
1494 3033 1618 3114 πλήθει

384 3138 512 3223 ἑταῖρος
530 3136 585 3203 καὶ
604 3136 770 3221 ξυνέφυντ
789 3161 814 3201 ι.
830 3160 865 3220 φ.
898 3134 972 3200 Ηοο
988 3135 1091 3220 igitur
1105 3135 1307 3221 exploratum
1323 3141 1452 3222 oportet
1465 3159 1617 3204 verumne

384 3248 427 3312 sit
445 3245 532 3331 quod
550 3245 600 3310 illi
619 3266 715 3310 sensu
734 3243 883 3328 quodem,
902 3265 968 3307 non
986 3242 1211 3308 observatione
1230 3264 1307 3307 usus
1324 3243 1412 3308 duoti
1426 3243 1617 3329 iudicarunt,

384 3355 417 3418 in
437 3353 583 3419 oratione
601 3350 776 3418 bimembri
793 3349 831 3415 ιε’
846 3351 1009 3435 porticulo
1026 3351 1146 3415 inserto
1164 3372 1231 3415 non
1249 3370 1344 3434 posse
1358 3348 1491 3417 verbum
1506 3351 1617 3417 abesse

384 3462 420 3525 in
442 3460 542 3526 altere
567 3463 667 3545 perte.
704 3458 798 3523 Plato
822 3458 869 3522 ite
892 3457 1005 3522 soribit
1028 3458 1062 3521 in
1085 3456 1255 3523 Phaedone
1280 3455 1323 3542 (p.
1345 3457 1422 3542 106,
1444 3455 1499 3545 10)
1523 3482 1617 3545 χωρι-

384 3570 504 3653 ζόμενα
532 3564 569 3632 δὲ
597 3569 791 3652 φρονήσεως
819 3565 1044 3648 ἀλλοιούμενα
1072 3561 1145 3629 ἀντὶ
1170 3562 1323 3647 ἀλλήλοιν
1345 3566 1390 3649 μὴ
1414 3568 1617 3651 σκιαγραφία

367 3659 433 3753 ’τις
460 3668 482 3762 ᾖ
509 3674 529 3759 ἡ
557 3674 692 3758 τοιαύτη
722 3672 820 3758 ἀρετὴ
847 3669 901 3736 καὶ
931 3678 976 3759 τῷ
997 3672 1069 3736 ἀντι
1093 3669 1352 3756 ἀνδραποδώδης
1375 3695 1415 3739 τε
1438 3671 1493 3739 καὶ
1517 3673 1617 3739 οὐδὲν

384 3779 477 3866 ὑγιὲς
499 3779 571 3847 οὐδ’
600 3777 762 3865 ἀληθὲς*)
785 3776 856 3864 ἔχη,
883 3778 941 3843 ubi
963 3775 1227 3862 ἀνδραποδώδης
1249 3800 1285 3842 τε
1307 3770 1329 3864 ᾖ
1351 3780 1557 3867 intelligitur-3
1586 3784 1618 3845 et

386 3891 513 3973 ineptus
536 3888 600 3954 fuit
623 3888 679 3972 qui
702 3884 826 3971 ἔχουσα
843 3884 962 3952 mullet.
995 3883 1034 3949 In
1051 3884 1226 3949 Theaeteto
1247 3885 1340 3970 plura
1358 3886 1455 3951 etiem
1474 3888 1617 3971 suppleri
1632 3907 1659 3946 so

385 4000 492 4061 mente
514 3995 619 4061 voluit
642 3993 687 4080 (p.
707 3994 761 4076 23,
774 3990 832 4079 32)
857 3992 902 4069 ὡς
927 3993 959 4057 ot
981 3994 1178 4076 μαινόμενοι
1202 3993 1221 4077 ἢ
1245 3994 1278 4058 οἱ
1301 3992 1553 4079 ὀνειρώττοντες
1577 3994 1618 4058 οὐ

303 4093 305 4097 ’
384 4104 492 4187 ψευδῆ
522 4102 732 4184 δοξάζουσιν,
759 4100 841 4165 ὅταν
864 4100 897 4164 ol
919 4095 982 4182 pulv
1004 4096 1080 4164 θεοὶ
1105 4098 1216 4164 αὐτῶν
1240 4105 1376 4165 οἴωνται
1400 4095 1501 4185 εἶναι,
1525 4101 1561 4166 ol
1581 4097 1618 4166 δὲ

384 4212 528 4295 τιηνοί
548 4206 665 4275 τεκαὶ
689 4208 733 4285 ὡς
755 4208 930 4291 πετόμενοι
954 4204 993 4271 ἐν
1016 4214 1060 4293 τῷ
1080 4206 1175 4294 ὕιτνςο
1196 4208 1410 4286 διανοῶνταις
1434 4207 1513 4273 dicit
1532 4206 1618 4273 enim

386 4321 421 4384 ολ
446 4315 484 4383 δὲ
511 4318 632 4402 πιηνοί
656 4339 691 4381 τε
715 4320 850 4379 οἴωνται
873 4304 959 4377 εἶναι
982 4310 1047 4377 καὶ.
1085 4311 1193 4398 Atque
1216 4313 1295 4379 bueo
1319 4314 1447 4398 quidem
1471 4314 1619 4400 exemplu

384 4425 506 4490 hebent
528 4446 568 4489 ex
592 4422 813 4508 superioribus
837 4420 920 4505 quod
946 4419 1019 4484 addi
1043 4420 1082 4485 ed
1105 4419 1143 4485 τέ
1163 4420 1318 4505 potuerit:
1345 4424 1420 4486 sunt
1442 4422 1478 4486 in
1500 4422 1618 4507 quibus

385 4532 468 4597 nihil
500 4533 544 4597 sit
574 4531 659 4596 unde
691 4532 856 4615 repetetur
888 4527 974 4612 quod
1007 4528 1197 4613 requiritur;
1230 4528 1339 4611 quelie
1368 4528 1448 4595 haee
1478 4530 1555 4595 dicit
1584 4530 1617 4594 in

474 4692 540 4760 ²⁸29)
559 4688 643 4745 οὐδὲν
665 4688 683 4742 δ
702 4686 742 4749 stc
765 4683 856 4743 εἶναι
880 4682 944 4740 οὐδ’
970 4682 1076 4753 ἀληθές
1098 4683 1177 4752 libri,
1201 4686 1250 4739 sed
1274 4688 1306 4740 ut
1329 4685 1358 4739 in
1381 4686 1523 4743 nonnullis
1544 4682 1618 4742 εἶναι

387 4780 510 4835 deletum
525 4780 575 4847 sit3
595 4778 670 4847 quod
685 4778 760 4832 unde
774 4779 871 4831 ustum
887 4774 964 4827 dices
978 4788 1036 4826 non
1050 4774 1175 4842 apparet.
1206 4773 1334 4829 Ceterum
1349 4774 1467 4830 Phaedr.
1482 4794 1509 4845 p.
1525 4782 1567 4843 λδ,
1584 4781 1618 4830 14

386 4869 473 4940 μηδὲν
491 4870 569 4939 ὑγιὲς
585 4867 696 4939 λέγοντο
714 4866 784 4937 μηδὲ
803 4862 915 4933 ἀληθές.
