3967 5725
351 1752 380 1794 10

350 2822 377 2862 2⁰

350 3891 377 3932 3⁰

397 602 440 667 68
576 605 713 656 XXXVII.
733 602 848 654 INDEX
867 602 1081 655 LECTIONUM
1098 602 1331 655 AESTIVARUM
1350 606 1428 656 1893.

393 766 525 851 dempto
550 787 644 830 versu
672 766 769 829 tertio
798 760 899 830 οὐδὲν
926 776 1073 829 κακῶσαι
1101 767 1181 841 τοὺς
1208 763 1380 841 ἀναιτίους
1407 764 1498 829 θέλω
1527 786 1625 849 quam

393 895 434 937 ex
457 872 582 941 duobus
607 894 688 956 quos
711 872 844 955 reliquit
867 872 1058 936 sententiam
1082 872 1234 936 formavit

554 980 754 1064 αἰσχύνομαι
777 978 840 1063 γὰρ
864 990 934 1054 τοῖς
957 976 1172 1062 δεδραμένοις
1195 990 1310 1055 κακοῖς

556 1088 610 1151 καὶ
633 1086 718 1173 τῷδε
741 1088 987 1170 προστρόπαιον
1011 1076 1090 1169 αἷμα
1113 1087 1322 1170 προσβαλῶν,

394 1216 446 1277 ea,
473 1193 538 1257 nisi
568 1193 646 1277 quid
673 1214 733 1257 nos
765 1192 865 1275 fallit,
892 1191 1053 1255 inutiliter
1085 1192 1248 1258 cumulata
1280 1197 1341 1257 est:
1371 1194 1490 1277 quippe
1518 1194 1626 1257 sensui

395 1299 545 1365 satisfieri
567 1299 620 1363 vel
642 1299 704 1364 hoe
723 1298 818 1362 modo
837 1299 954 1382 potuit,
978 1299 1176 1382 αἰσχύνομαι
1194 1300 1257 1383 γὰρ
1276 1300 1359 1387 τῷδε
1377 1301 1627 1384 προστρόπαιον

395 1398 475 1491 αἷμα
498 1409 706 1491 προσβαλῶν.
751 1403 813 1469 Illa
835 1426 912 1469 vero
935 1405 981 1473 ita
1000 1409 1184 1489 comparata
1204 1409 1289 1489 sunt,
1312 1411 1350 1472 ut
1367 1406 1424 1471 vix
1440 1406 1513 1471 fieri
1531 1429 1626 1490 posse

393 1514 555 1597 videatur,
583 1514 661 1596 quin
691 1513 747 1595 qui
773 1512 861 1599 legat
889 1511 1046 1577 subsistat
1078 1512 1111 1576 in
1143 1512 1196 1576 his
1228 1514 1429 1598 αἰσχύνομαι
1461 1515 1525 1599 γάρ
1556 1524 1627 1589 τοῖς

395 1618 610 1704 δεδραμένοις
637 1631 765 1701 κακοῖς,
793 1640 874 1703 quae
901 1618 1029 1702 plenam
1058 1620 1250 1683 sententiam
1278 1619 1435 1704 efficiant,
1466 1623 1499 1683 et
1526 1644 1545 1684 a
1571 1621 1626 1685 καλ

395 1726 555 1811 particula
577 1748 694 1791 novam
718 1725 896 1790 orationem
920 1725 1062 1809 incipere
1085 1729 1214 1790 statuat.
1320 1751 1322 1754 ·

415 1872 418 1879 π
483 1834 513 1898 2.
546 1832 668 1897 Multae
701 1836 776 1897 sunt
808 1833 946 1895 virtutes
978 1831 1096 1915 quibus
1127 1832 1211 1897 hane
1238 1834 1437 1919 tragoediam
1466 1834 1625 1920 insignem

395 1961 464 2005 esse
482 1939 753 2004 Wilamowitzius
777 1940 906 2025 egregie
930 1939 1049 2023 doouit,
1072 1940 1127 2004 sed
1149 1962 1216 2005 non
1238 1940 1352 2005 leviter
1374 1944 1506 2005 movent
1522 1940 1625 2005 nativi

394 2046 563 2113 cuiusdam
586 2047 705 2133 leporis
729 2045 848 2110 indicia
870 2067 937 2110 non
959 2066 1070 2130 panea,
1093 2046 1128 2109 in
1149 2046 1260 2112 liberis
1278 2047 1429 2113 Hereulis
1447 2048 1489 2112 ad
1511 2069 1624 2132 puero-

393 2176 464 2217 rum
488 2156 636 2216 naturam
662 2152 871 2239 depingendis
894 2153 1042 2237 inprimis
1067 2154 1248 2237 conspicua.
1294 2153 1388 2230 Quod
1415 2176 1515 2240 genus
1544 2177 1625 2238 quae

392 2260 524 2347 Megara
553 2264 663 2325 narrat
693 2260 732 2323 de
761 2261 869 2343 pueris
905 2281 977 2324 eum
1014 2260 1171 2326 desiderio
1206 2265 1331 2345 patrem
1364 2260 1624 2346 exspectantibus

392 2365 555 2453 (λδ-79)

553 2477 588 2539 οἳ
610 2474 640 2538 δ’
668 2477 723 2557 είς
738 2472 875 2558 ἔλεγχον
898 2476 998 2551 ἀλλος
1020 2476 1167 2539 ἀλλοθεν
1193 2478 1321 2540 πίτνων

556 2576 592 2645 ’ὦ
616 2582 729 2664 μῆτερ
754 2580 841 2667 αὐδᾷ
861 2580 940 2646 ’ποῦ
963 2583 1070 2665 πατὴρ
1095 2583 1210 2647 ἀπεστι
1234 2592 1308 2665 γῆς;

466 2686 508 2751 75
553 2689 588 2751 τί
611 2690 689 2774 δρᾷ,
714 2686 792 2753 πόθ’
820 2686 920 2770 ἥξει;’
942 2695 987 2776 τῷ
1006 2687 1072 2775 νέφ
1096 2687 1133 2752 δ’
1156 2687 1358 2773 ἐσφαλμένοι

553 2799 685 2878 ζητοῦσι
708 2796 767 2861 τὸν
791 2792 929 2859 τεκόντ’·
953 2792 1018 2878 ἐγὼ
1043 2795 1080 2859 δὲ
1103 2794 1253 2880 διαφέρω

554 2905 684 2986 λόγοισι
707 2905 914 2984 μυθεύουσα.
960 2904 1141 2984 θαυμάζων
1164 2902 1194 2968 δ’
1222 2905 1303 2968 ὅταν

553 3010 654 3074 πύλαι
680 3021 826 3094 ψοφῶσι,
849 3019 912 3086 πᾶς
935 3009 1111 3093 ἀνίστησιν
1133 3012 1229 3094 πόδα,

514 3107 516 3112 ’
554 3117 599 3192 ὡς
620 3118 704 3200 πρὸς
727 3124 883 3204 πατρῷον
906 3116 1191 3200 προσπεσούμενοι
1214 3121 1298 3200 γόνυ

393 3229 450 3288 aut
475 3247 556 3308 quae
580 3223 686 3288 eadem
711 3223 843 3309 Megara
867 3223 900 3286 in
924 3245 961 3287 ea
989 3223 1098 3307 ῥήσει,
1126 3246 1164 3287 ex
1194 3247 1257 3308 qua
1284 3248 1381 3310 supra
1406 3246 1517 3290 versus
1545 3248 1624 3290 non-

396 3331 504 3396 nullos
528 3330 748 3413 delibavimus,
772 3352 844 3414 spes
868 3352 942 3394 suas
967 3330 1005 3394 de
1028 3351 1201 3414 puerorum
1220 3333 1433 3416 prosperitate
1452 3333 1530 3396 olim
1550 3354 1624 3396 oon-

392 3441 500 3522 oeptas
524 3439 588 3502 iam
612 3437 719 3502 irritas
743 3437 845 3501 laetas
870 3437 1040 3522 deplorans
1063 3439 1195 3522 exponit

440 3545 508 3608 460
554 3539 574 3626 ἦ
597 3545 684 3609 πολύ
707 3567 744 3626 γε
769 3542 866 3627 δόξης
888 3541 1044 3621 ἐξέπεσον
1066 3544 1288 3631 εὐέλπιδος*),

551 3652 594 3734 ἣν
617 3652 739 3736 πατρὸς
762 3650 858 3734 ὑμῶν
881 3650 916 3715 έκ
940 3653 1051 3733 λόγων
1073 3651 1146 3716 ποτ’
1175 3654 1305 3735 ἤλπισα.

553 3755 605 3822 σοὶ
629 3758 691 3840 μὲν
714 3759 777 3842 γὰρ
793 3755 908 3841 Ἄργος
931 3754 1024 3840 ἔνεμ’
1046 3758 1064 3823 ὁ
1088 3761 1267 3824 κατθανὼν
1290 3764 1408 3845 πατήρ,

545 3864 750 3950 Εὐρυσθέως
773 3862 803 3927 δ’
830 3861 962 3945 ἔμελλες
986 3867 1135 3947 οἰκήσειν
1158 3868 1283 3950 δόμους

552 3981 609 4055 της
632 3973 857 4055 καλλικάρπου
881 3973 1001 4056 κράτος
1023 3969 1109 4057 ἔχων
1133 3978 1333 4057 Πελασγίας,

437 4077 503 4142 465
551 4082 673 4162 στολήν
696 4103 730 4143 τε
752 4081 861 4162 θηρὸς
884 4078 1074 4162 ἀμφέβαλλε
1098 4088 1145 4167 σῷ
1169 4082 1255 4166 κάρᾳ

553 4185 693 4268 λέοντος,
720 4179 800 4270 ᾗπερ
825 4186 923 4261 αὐτὸς
947 4183 1153 4265 ἐξωπλίζετο·

456 4333 459 4338 2
552 4295 594 4356 σὺ
618 4291 646 4358 δ’
676 4287 766 4375 ἦσθα
792 4295 913 4377 Θηβῶν
936 4304 1003 4357 τῶν
1027 4294 1244 4378 φιλαρμάτων
1267 4295 1359 4380 ἀναξ,

551 4395 694 4483 ἔγκληρα
718 4400 815 4464 πεδία
838 4399 923 4484 τάμά
947 4409 1007 4483 γῆς
1030 4400 1235 4485 κεκτημένος,

552 4505 595 4580 ὡς
620 4504 785 4582 ἐξέπειθες
808 4509 867 4571 τὸν
890 4509 1154 4593 κατασπείραντά
1178 4526 1224 4591 σε,

440 4611 507 4676 470
553 4610 586 4688 ές
609 4610 722 4688 δεξιάν
744 4636 779 4676 τε
803 4614 866 4696 σὴν
889 4613 1105 4700 ἀλεξητήριον

480 4859 546 4928 *27)
566 4858 661 4930 [Hune
679 4875 790 4914 versum
810 4859 872 4912 vide
891 4863 1094 4928 pertractatum
1113 4863 1143 4916 in
1161 4881 1284 4933 prooem.
1299 4865 1357 4919 hib.
1373 4881 1398 4919 a.
1415 4871 1483 4920 1897
1487 4867 1559 4938 [98]
