3967 5725
362 634 413 683 DE
423 632 568 685 GENERE
578 631 733 695 QUODAM
741 631 896 682 DIOENDI
905 629 1057 681 GRAECIS
1067 629 1302 693 ROMANISQUE
1311 623 1508 681 FdMILIARI.
1527 621 1595 692 435

289 872 292 879 Ι
363 794 487 872 addere,
510 793 600 857 velut
617 792 731 857 Titinii
750 793 848 857 verba
865 788 961 878 (102)
988 792 1074 873 Quid
1094 792 1174 856 istuc
1196 797 1240 857 est
1261 798 1327 857 aut
1347 792 1425 874 quid
1446 792 1518 856 utu
1534 790 1596 857 solli

362 900 429 967 unt
457 900 580 965 sermo?
613 897 811 964 Ribbeckius
841 918 939 983 prave
968 897 1130 981 distinxit,
1162 897 1246 962 idem
1275 920 1373 982 prave
1402 896 1482 962 haec
1504 897 1596 962 Accii

363 1008 461 1073 verba
479 1003 573 1093 (657)
598 1006 736 1087 Quinam
757 1006 1003 1071 Tantalidarum
1023 1006 1226 1070 internecioni
1244 1006 1353 1070 medrus
1372 1005 1510 1069 Paretur
1532 1008 1597 1068 aut

363 1134 519 1196 quaenam
540 1133 691 1196 umquam
712 1112 748 1177 ob
771 1118 899 1177 mortem
917 1112 1048 1195 Mpuuu·
1069 1111 1185 1177 Poenis
1207 1112 1331 1177 luendis
1353 1112 1480 1177 dabitur
1496 1110 1598 1177 satius

330 1237 335 1245 ·
364 1220 521 1303 ampliet?
565 1218 616 1284 Ac
638 1220 779 1303 nequis
807 1219 910 1283 iustae
933 1217 1150 1283 distinctionis
1179 1219 1354 1284 utilitatem
1376 1217 1467 1302 parui
1489 1217 1597 1300 faciat,

364 1349 425 1393 nos
443 1329 491 1391 ita
508 1326 697 1409 iudicamus,
716 1327 750 1390 in
768 1325 815 1389 rei
833 1323 983 1408 publicae
1000 1325 1105 1390 verbis
1124 1347 1191 1390 non
1210 1326 1256 1390 sic
1275 1326 1477 1390 aberraturos
1495 1316 1597 1389 fuisse

364 1434 565 1519 interpretes,
579 1434 643 1497 nisi
658 1453 741 1515 quae
759 1454 857 1496 unam
877 1432 1072 1497 sententiam
1091 1432 1255 1497 efficerent
1273 1433 1431 1516 dirempta
1443 1432 1598 1516 legissent

367 1542 401 1605 in
425 1540 512 1604 duas.
1438 1544 1441 1549 ’

456 1645 519 1713 Sed
543 1646 630 1730 quod
652 1647 756 1710 inesse
774 1646 915 1710 vidimus
937 1646 973 1710 in
996 1646 1067 1711 istis
1086 1646 1394 1732 interrogationibus
1418 1646 1483 1728 Quo
1502 1644 1597 1711 Ioco?

370 1754 466 1836 Quem
479 1753 673 1832 Hectorcmd,
693 1774 775 1837 quae
788 1753 901 1818 intime
914 1753 955 1819 ad
969 1752 1186 1818 antecedentis
1201 1754 1356 1819 orationis
1374 1755 1512 1818 formam
1529 1772 1598 1817 sese
1611 1773 1639 1817 ιο

366 1862 565 1945 applicantes
592 1860 764 1945 repudiant
791 1882 864 1925 cum
892 1860 1103 1925 admiratione
1129 1860 1163 1924 id
1191 1860 1277 1943 quod
1300 1864 1375 1926 ants
1403 1860 1525 1925 dictum
1549 1863 1599 1924 est

366 1968 406 2033 ab
435 1968 549 2050 altere,
580 1967 667 2033 idem
693 1970 817 2031 veteres
845 1968 942 2031 etiam
969 1967 1035 2032 alio
1063 1988 1128 2050 quo
1156 1966 1252 2030 modo
1280 1965 1433 2050 loquendi
1461 1966 1599 2031 assecuti

367 2078 451 2141 sunt.
496 2073 643 2141 Dicimus
666 2074 745 2139 talia
768 2073 876 2157 qualia
900 2096 1004 2139 sermo
1028 2072 1200 2138 Plautinus
1226 2072 1338 2157 habet,
1364 2075 1453 2138 velut
1476 2074 1510 2137 in
1533 2072 1599 2137 Me·

366 2181 529 2247 naechmis
553 2199 579 2245 11
598 2182 628 2265 2,
642 2183 687 2246 44

796 2268 829 2334 0.
860 2268 955 2335 Satin
976 2270 1032 2334 hoc
1053 2270 1137 2351 quod
1158 2270 1244 2336 uides

529 2378 644 2443 Primos
666 2377 751 2443 uotis
773 2382 992 2458 opsonatumst,
1016 2396 1060 2441 un
1083 2396 1196 2459 opsono
1219 2377 1365 2459 anplius,

528 2484 602 2554 Tibi
624 2489 653 2548 et
667 2482 814 2566 parasito
836 2489 865 2548 et
887 2480 1035 2547 mulieri?
1081 2482 1124 2547 M.
1163 2484 1262 2565 Quas
1284 2489 1321 2548 tu
1344 2484 1533 2564 mulieres,

533 2592 628 2673 Quos
650 2597 689 2655 tu
704 2591 903 2672 parasitos
925 2590 1096 2671 loquere?
1597 2618 1600 2622 ·

366 2696 528 2764 Pseudolo
553 2715 590 2762 1v
611 2698 639 2783 7,
655 2698 698 2762 96

689 2803 725 2869 Β.
758 2854 787 2868 ..
810 2804 962 2887 quantillo
985 2809 1112 2887 arpenta
1135 2810 1163 2871 te
1185 2804 1334 2871 nudauit
1356 2804 1555 2872 Psenmau?
1614 2832 1641 2874 n

528 2911 569 2976 H.
601 2913 679 2994 Ques
702 2914 772 2978 utic
790 2910 997 2977 Pseudolust?
1042 2911 1079 2976 B.
1108 2911 1295 2994 Praeceptor
1312 2919 1384 2978 tuus
1401 2915 1456 2995 put
1476 2914 1601 2978 toturn

1223 3019 1389 3100 fullonum

528 3124 652 3204 Docuit,
670 3131 706 3190 ut
724 3125 867 3208 fallaciis
888 3126 962 3190 hinc
983 3126 1145 3192 mulierem
1168 3148 1190 3190 a
1212 3147 1261 3191 me
1283 3125 1455 3191 abduceres.

529 3230 570 3296 H.
607 3233 717 3313 Quem
744 3237 782 3296 tu
814 3232 1053 3312 Pseudolum,
1084 3253 1177 3314 quas
1208 3239 1246 3297 tu
1279 3232 1371 3296 mitt
1395 3232 1602 3313 praedicas

369 3407 586 3475 Menaechmis
610 3428 636 3473 11
655 3410 685 3494 3,
700 3410 741 3474 51
859 3378 863 3387 ¹
1225 3338 1434 3420 sammai-²

531 3515 574 3580 M.
608 3516 737 3582 Prondc'
759 3520 795 3581 e'n
817 3519 901 3596 noui,
925 3518 1001 3582 iude
1021 3517 1080 3582 tue
1101 3538 1171 3583 sum
1195 3537 1339 3600 epressm,
1362 3523 1390 3582 te
1413 3519 1546 3583 munem.

529 3623 568 3689 Ε.
606 3624 697 3688 Perii
715 3625 838 3702 misera,
862 3646 970 3706 quam
994 3630 1032 3688 tu
1055 3625 1148 3689 mihi
1169 3645 1267 3690 nnnc
1289 3645 1417 3690 nouem
1440 3625 1602 3691 narras?

371 3727 564 3796 Curculione
586 3754 607 3794 v
626 3731 656 3815 2,
674 3731 715 3794 15

643 3837 711 3902 ΤΗ.
751 3839 929 3903 ...redde
955 3839 1035 3903 mint
1069 3840 1133 3904 iam
1165 3845 1328 3922 arpentum
1359 3844 1415 3904 aut
1441 3839 1601 3920 ur’rrpincra.
1616 3866 1643 3906 u

533 3943 565 4008 Ο.
602 3946 705 4026 Quod
735 3951 941 4026 arpentum,
973 3965 1066 4027 quas
1097 3952 1136 4011 tu
1167 3947 1260 4011 miti
1291 3947 1410 4010 tricas
1440 3944 1602 4010 narras?

532 4124 595 4188 Me
616 4123 803 4205 reposcis?
1228 4073 1336 4135 quum
1359 4058 1397 4117 tu
1419 4053 1604 4134 uu'rpu'ncm

371 4228 492 4294 ibidem
514 4248 551 4293 1v
570 4229 658 4315 3,12

532 4336 601 4400 ΤΗ.
635 4336 722 4402 Scire
742 4338 808 4403 uoto
831 4341 904 4420 quoi
925 4339 1102 4404 reddtdutu'.
1148 4338 1182 4404 L.
1216 4337 1316 4403 Lusco
1339 4337 1445 4402 induto
1468 4341 1529 4416 tuo,

533 4444 569 4509 Is
591 4443 800 4509 Summanum
823 4465 856 4510 sc
876 4447 982 4510 uocari
1005 4445 1094 4529 aaut,
1117 4447 1146 4510 ec'
1168 4445 1301 4510 reddidi.

537 4552 599 4633 Qui
625 4552 683 4616 tas
709 4550 838 4616 tabellas
859 4552 1039 4632 obsipuctos
1061 4551 1173 4617 attulit.
1219 4550 1287 4616 ΤΗ.
1325 4553 1424 4634 Quos
1449 4557 1488 4618 tu
1511 4549 1605 4616 miti

1229 4659 1402 4740 tabellas,

538 4767 633 4848 Quos
668 4771 706 4830 tu
746 4765 838 4852 miti
873 4765 1013 4832 Luscus
1053 4766 1220 4846 libertos,
1260 4786 1348 4848 quos
1384 4765 1605 4833 Summanos

1229 4873 1420 4939 somnias?

1337 4976 1389 5030 rs*
