3967 5725
749 592 800 643 DE
818 592 1003 643 EURIPIDIS
1021 590 1203 642 HERCULE.
1552 586 1596 650 57

362 778 399 819 τε
430 754 524 837 κάμέ·
557 756 678 831 πάντες
710 752 916 836 ἐξολώλαμεν
948 761 1007 838 μιᾷ
1036 750 1215 836 πληγέντες
1247 753 1338 837 τύχη.
1385 750 1448 816 Sed
1481 752 1520 817 de
1547 754 1600 819 his

363 862 520 946 quidquid
556 860 769 945 iudicabitur,
805 861 899 923 istam
938 860 1131 940 orationem,
1167 881 1207 923 ex
1244 881 1310 942 qua
1339 858 1446 923 exorsi
1478 882 1602 945 sumus,

362 970 508 1034 videmur
543 967 638 1031 nobis
674 968 754 1031 satis
789 971 876 1031 recte
913 966 1092 1051 expediisse
1127 989 1232 1050 neque
1269 968 1298 1031 ei
1337 966 1510 1051 quicquam
1543 991 1600 1052 pu-

362 1080 469 1141 tamus
506 1073 730 1160 impedimenti
766 1096 805 1138 ex
843 1074 954 1139 ordine
991 1075 1223 1139 sententiarum
1260 1074 1346 1139 oriri.
1399 1073 1600 1159 Principium

361 1184 448 1249 enim
480 1182 606 1268 ῥύσεως
638 1204 711 1247 cum
744 1182 790 1245 ite
817 1180 965 1245 decurrat
993 1179 1157 1267 (volumus
1185 1183 1271 1246 enim
1298 1180 1378 1245 haee
1406 1182 1462 1265 qui
1489 1182 1603 1268 legant

363 1290 453 1374 ipsos
476 1288 633 1375 iudicare)
1342 1316 1346 1324 ¹
1589 1288 1592 1293 ’

525 1388 603 1461 elev·
628 1397 677 1473 τίς
702 1396 824 1479 ἱερεύς,
847 1397 897 1472 τίς
920 1398 1068 1479 σφαγεὺς
1091 1406 1159 1460 τῶν
1182 1397 1396 1480 δυσπότμων,

524 1502 544 1585 ἢ
568 1512 626 1587 τῆς
648 1504 805 1586 ταλαίνης
828 1512 884 1585 τῆς
908 1501 987 1586 ἐμῆς
1011 1512 1118 1587 ψυχῆς
1141 1504 1278 1587 φονεύς,

524 1609 634 1695 ἕτοιμ’
657 1611 753 1692 όίγειν
776 1610 815 1673 τὰ
837 1607 958 1692 θύματ’
988 1612 1035 1685 τίς
1050 1608 1168 1674 ’Ἅιδου
1190 1611 1277 1676 τόδε.

524 1714 549 1783 ὦ
574 1715 675 1799 τέκν’,
699 1716 850 1800 ἀγόμεθα
875 1718 988 1799 ζεῦγος
1011 1716 1053 1781 οὐ
1076 1719 1179 1781 καλὸν
1201 1728 1345 1800 νεκρῶν,

412 1824 478 1890 455
525 1825 609 1909 ὁμοῦ
632 1822 788 1908 γέροντες
811 1822 867 1887 καὶ
890 1822 961 1887 νέοι
984 1825 1039 1888 καί
1062 1823 1206 1907 μητέρες.

525 1929 550 1997 ὦ
575 1943 676 2016 μοῖρα
701 1928 895 1995 δυστάλαιν’
923 1929 984 2015 έμη
1006 1954 1041 1995 τε
1064 1932 1119 1995 καί
1141 1931 1268 1996 τέκνων

526 2037 639 2121 τῶνδ’,
663 2038 723 2115 οὓς
746 2035 926 2102 πανύστατ’
953 2038 1099 2120 ὄμμασιν
1121 2037 1377 2124 προσδέρκομαι.

524 2142 640 2210 ἔτεκον
662 2145 724 2230 μὲν
746 2144 846 2229 ὑμᾶς,
869 2147 1040 2228 πολεμίοις
1063 2143 1091 2209 δ’
1121 2142 1315 2231 ἐθρεψάμην

525 2252 671 2337 ὕβρισμα
694 2252 882 2336 κάπίχαρμα
905 2250 960 2315 καὶ
984 2252 1195 2337 διαφθοράν,

365 2363 501 2445 apparet
528 2359 587 2423 has
614 2363 681 2423 tres
710 2381 778 2423 esse
802 2359 977 2430 sententias
1001 2381 1082 2443 quae
1104 2381 1171 2425 non
1194 2365 1307 2444 suapte
1331 2365 1447 2445 sponte
1470 2367 1604 2427 manant

364 2473 399 2531 et
426 2471 590 2551 tamquam
620 2466 791 2531 continuae
819 2488 883 2529 una
911 2466 991 2529 serie
1020 2489 1053 2531 se
1081 2468 1246 2551 excipiunt
1273 2468 1329 2531 sed
1356 2468 1534 2533 fluctuante
1556 2469 1606 2535 lo-

366 2574 494 2658 quentis
521 2574 642 2656 animo,
671 2594 743 2636 cum
767 2572 942 2637 identidem
966 2574 1071 2638 denuo
1095 2573 1233 2657 orditur,
1261 2596 1301 2637 ex
1323 2576 1439 2639 intimo
1462 2578 1603 2661 pectoris

365 2685 458 2746 motu
481 2684 683 2766 promuntur.
726 2678 797 2756 Quo
816 2679 919 2764 magis
938 2679 1179 2745 infelicissimae
1198 2682 1293 2745 matri
1312 2682 1424 2746 demus
1443 2682 1506 2748 hoc
1525 2706 1603 2768 quo-

365 2810 436 2874 que,
455 2792 492 2853 ut
509 2787 597 2852 filios
617 2808 691 2852 suos
710 2791 850 2852 mactare
868 2786 931 2853 hoc
949 2808 1020 2851 esse
1038 2788 1151 2851 metris
1169 2790 1271 2853 vitem
1290 2788 1473 2854 interimere
1492 2790 1603 2856 dolore
1618 2815 1647 2854 so

365 2918 519 2981 oppressa
541 2896 690 2960 fateatur.

454 3002 573 3069 Ultimi
598 3024 674 3068 vero
697 3024 809 3067 versus
832 3002 973 3067 eiusdem
999 3003 1138 3087 ῥήσεως,
1161 3003 1199 3068 de
1228 3026 1291 3086 qua
1315 3004 1462 3089 dicimus,
1486 3005 1603 3089 quibus

364 3110 505 3196 Megara,
521 3113 694 3194 postquam
710 3111 819 3174 omnia
831 3111 924 3174 irrita
937 3110 1023 3174 facte
1037 3134 1118 3194 quae
1132 3110 1218 3175 bona
1232 3116 1416 3195 speraverat
1428 3111 1605 3176 lamentata

365 3222 423 3300 est,
438 3217 478 3282 ad
492 3222 674 3282 extremum
687 3221 816 3301 praeter
825 3219 1097 3302 exspectationem
1107 3217 1280 3283 Herculem
1291 3241 1385 3303 quem
1396 3240 1430 3282 se
1439 3222 1603 3284 mortuum

366 3325 493 3390 credere
517 3324 712 3389 asseveravit
735 3327 809 3388 ante
824 3323 904 3411 (296
916 3323 976 3411 q.)
1001 3327 1146 3409 impense
1168 3347 1262 3410 prece
1285 3326 1422 3409 invocat,
1445 3330 1482 3389 ut
1500 3348 1540 3390 ex
1557 3327 1604 3390 in-

366 3433 444 3497 feris
468 3432 507 3496 ad
532 3454 566 3496 se
590 3453 729 3516 suosque
749 3432 921 3496 servandos
941 3434 1105 3517 acceleret,
1128 3433 1216 3506 uarie
1235 3433 1285 3497 illi
1304 3432 1434 3516 quidem
1452 3434 1603 3517 temptati

369 3543 445 3604 sunt
468 3562 487 3603 a
510 3539 612 3604 doctis
636 3539 691 3603 sed
714 3539 827 3623 scripti
851 3540 885 3601 in
909 3538 993 3603 libro
1018 3543 1093 3604 sunt
1117 3540 1150 3603 in
1173 3540 1260 3603 hunc
1282 3538 1424 3604 modum.
1597 3531 1602 3542 ’

415 3647 483 3710 490
530 3643 555 3712 ὦ
581 3645 725 3732 φίλτατ’,
750 3653 784 3710 εί
803 3667 853 3722 τις
877 3649 1035 3730 φθόγγον
1058 3648 1285 3712 είσακούσεται

528 3762 666 3837 θνητῶν
688 3751 893 3842 παρ’ῑἍιδη,
917 3751 970 3817 σοὶ
995 3752 1080 3835 τύδ’,
1099 3753 1287 3836 Ἡράκλεις,
1309 3751 1407 3833 λέγω·

328 3872 348 3926 8
528 3858 670 3948 θνῄσκει
693 3861 800 3944 πατὴρ
824 3861 881 3935 σὸς
905 3858 960 3924 καὶ
983 3858 1085 3943 τέκν’,
1109 3862 1250 3941 ὄλλυμαι
1274 3858 1305 3922 δ’
1332 3857 1411 3943 ἐγώ,
1619 3885 1649 3925 so

448 3970 450 4024 ἒ
477 3991 479 3995 ·
527 3969 548 4053 ἣ
571 3967 652 4051 πρὶν
675 3969 818 4052 μακαρία
843 3967 899 4030 διδι
923 3966 953 4031 σ’
981 3965 1162 4052 έκληζόμην
1185 3971 1325 4051 βροτοῖς.

401 4075 482 4140 ’494
529 4073 655 4160 ἄρηξον
677 4071 756 4139 ἐλθέ
779 4071 834 4138 καὶ
859 4070 937 4138 aare
959 4075 1092 4158 φάνηθί
1113 4093 1187 4157 μοι··

427 4221 469 4228 -
530 4181 605 4258 δίλις
626 4183 690 4266 γὰρ
715 4180 826 4246 ἐλθὼν
851 4183 967 4246 ἱκανὸν
990 4179 1033 4246 ἂν
1056 4179 1167 4262 γένοιο
1192 4181 1248 4244 σύ·

427 4327 467 4335 -
529 4288 624 4354 κακοὶ
649 4291 712 4374 γδιρ
736 4290 783 4366 είς
804 4287 846 4354 σέ
866 4287 903 4372 γ’
926 4285 969 4353 οἳῖἸ
981 4287 1080 4354 τέκνα
1104 4289 1272 4352 κτείνουσι
1296 4289 1347 4352 σοί.

366 4395 405 4460 ln
433 4396 485 4460 his
515 4418 596 4480 quae
625 4396 703 4460 dicit
732 4402 766 4460 εί
788 4419 838 4472 τις
865 4391 1023 4480 φθόγγον
1051 4391 1280 4460 είσακούσεται
1307 4402 1445 4479 θνητῶν
1472 4397 1499 4460 si
1529 4393 1612 4460 vera

368 4507 453 4588 sunt,
476 4525 543 4570 non
565 4506 704 4587 possunt
725 4503 789 4566 nisi
811 4502 873 4567 hoo
896 4502 992 4567 modo
1017 4502 1157 4587 intelligi
1180 4510 1214 4566 εἰ
1232 4527 1282 4580 τις
1300 4501 1377 4587 παρ’
1399 4499 1496 4588 ’Ἅιδη
1515 4505 1611 4566 κύσα-4

366 4611 520 4676 κούσιται
540 4611 678 4694 θνητῶν
698 4612 863 4694 φθόγγον,
882 4610 938 4673 sed
956 4611 1061 4690 sintne
1075 4606 1150 4673 vera
1164 4601 1206 4672 an
1221 4610 1308 4694 quod
1321 4610 1483 4693 plerisque
1497 4601 1605 4672 visum

367 4722 417 4783 est
448 4718 635 4802 depravata,
667 4717 722 4801 qui
751 4716 818 4780 fere
851 4715 991 4779 Nauckii
1022 4721 1203 4780 commento
1234 4716 1285 4781 usi
1316 4715 1462 4782 scribunt
1494 4720 1528 4778 εί
1553 4737 1605 4789 τις

367 4829 522 4910 φθόγγος
546 4824 766 4906 εἰσακούεται,
795 4827 882 4898 certo
905 4821 1170 4899 diiudicare,.n0n
1193 4822 1369 4912 audemus„
1398 4819 1461 4886 Sed
1484 4820 1523 4884 de
1546 4821 1603 4883 tri·
