3967 5725
639 623 689 671 DE
706 622 936 673 EMENDANDO
956 622 1115 674 VALERIO
1133 623 1289 676 MAXIMO.
1520 624 1586 689 143

487 784 668 849 Libidinosi
690 785 878 849 cennrnnic
899 784 1089 866 sappli'cinra
1112 786 1162 849 Μ.
1185 786 1314 851 Laetori
1336 788 1445 869 Merui
1466 788 1587 853 tribuni

487 890 639 955 militonis
661 911 756 973 aeone
777 890 921 973 trimilis
940 891 1053 972 foedas
1074 894 1175 957 critas
1196 894 1335 973 scandar
1356 894 1432 978 274,
1453 894 1504 960 13.

354 1004 408 1071 Sic
436 1006 517 1071 haec
545 1004 715 1091 Kempfius
748 1006 860 1071 edidit:
893 1007 928 1069 in
960 1007 1079 1090 quibus
1111 1008 1199 1093 quod
1229 1008 1314 1072 falso
1347 1010 1503 1093 scriptum
1536 1013 1586 1075 est

351 1116 455 1179 multa
473 1113 602 1179 inutilia
621 1114 790 1177 conamina
808 1114 998 1177 emendandi
1015 1115 1212 1199 procreavit,
1231 1130 1312 1199 quae
1330 1138 1417 1181 nunc
1436 1118 1586 1182 omittere

351 1222 440 1305 licet,
467 1225 679 1305 posteaquam
708 1220 794 1303 quod
822 1241 933 1285 verum
957 1226 1007 1285 est
1028 1221 1146 1287 Hercei
1169 1242 1303 1287 acumen
1326 1223 1500 1308 intellexit,
1528 1226 1585 1308 qui

351 1326 519 1392 Valerium
542 1328 662 1393 trebiani
685 1328 836 1392 militaris
859 1348 952 1409 aeqae
972 1330 1057 1411 foedi
1078 1330 1195 1395 similis
1213 1331 1472 1395 atravatense
1490 1331 1585 1415 liqui-

351 1435 392 1499 do
417 1434 657 1499 demonstravit.
693 1433 807 1499 Nihilo
830 1434 938 1499 minus
960 1436 1083 1523 ambigi
1100 1440 1210 1519 potest
1228 1437 1268 1501 da
1286 1437 1499 1501 collocatione
1517 1460 1586 1503 ver-

350 1541 474 1607 borum.
513 1541 658 1606 Heraeus
684 1541 772 1605 enim
800 1562 869 1605 eam
887 1556 995 1626 'quam
1023 1543 1181 1608 librorum
1207 1544 1363 1608 memoria
1386 1544 1586 1609 demonstrat

350 1648 471 1713 banni
497 1648 650 1713 militaris
677 1670 770 1731 aeone
796 1649 913 1715 sinilia
938 1651 1025 1731 foedi
1051 1651 1153 1716 exitas
1179 1650 1257 1715 ferri
1284 1672 1351 1716 non
1377 1672 1473 1735 possa
1495 1656 1585 1716 ratus

352 1756 506 1821 suadente
529 1758 688 1821 sententia
711 1756 855 1820 restituit
877 1758 1044 1843 vulgarem
1067 1757 1187 1822 tribuni
1209 1758 1362 1823 militaris
1384 1779 1479 1841 aeone
1499 1758 1584 1839 foedi
1598 1783 1626 1824 ro

350 1864 467 1928 annis
494 1865 601 1928 mitras.
640 1861 700 1927 Oui
726 1874 786 1927 n'os
815 1884 879 1946 quo
907 1865 1015 1928 minus
1043 1864 1180 1930 fidenter
1207 1866 1420 1929 assentiamus
1448 1865 1585 1948 impedit

350 1969 500 2035 similiter
521 1972 661 2034 formata
684 1970 788 2035 oratic
813 1991 895 2054 quae
916 1972 1039 2055 legitur
1059 1995 1091 2056 p.
1109 1971 1185 2053 431,
1206 1972 1223 2035 1

471 2086 653 2151 'Hannibal
669 2087 706 2150 in
723 2086 855 2167 stramine
874 2086 1011 2169 Vergello
1029 2088 1207 2169 corponbns
1220 2088 1377 2152 Romanis
1389 2094 1486 2169 ponte
1501 2089 1584 2169 facto

484 2194 649 2259 exercitata
672 2194 862 2276 transduxit,
883 2199 920 2257 nt
941 2212 1037 2275 aeone
1057 2197 1250 2259 terrestriam
1267 2194 1423 2259 scdestann
1442 2194 1585 2259 Kartha

483 2300 676 2384 oinimsinm
708 2302 869 2381 apiararn
901 2302 1076 2382 inaressarn
1107 2308 1193 2365 terra
1222 2322 1317 2382 qaam
1348 2303 1584 2365 maritimorum

466 2408 651 2488 ‘Neptnnns
673 2409 871 2490 experiretur,
1250 2399 1253 2404 ’

349 2524 407 2588 ubi
420 2522 603 2609 Madvigius
623 2522 680 2607 qui
697 2524 872 2605 inarescant
891 2524 1036 2588 restituit
1054 2521 1225 2610 (traditum
1244 2527 1329 2589 enim
1349 2528 1399 2589 est
1416 2520 1583 2610 carcasum)

349 2651 444 2713 aeone
465 2632 621 2695 scelestam
644 2632 835 2695 terrestriam
859 2633 938 2715 poni
961 2630 1105 2718 iussit*),
1129 2654 1225 2716 quem
1253 2633 1397 2715 positum
1426 2633 1489 2696 iam
1518 2653 1585 2696 cor·

295 2738 332 2793 ll
349 2742 458 2803 rector
480 2736 599 2817 codicis
622 2737 794 2801 Bemensis
820 2740 955 2822 notavit,
979 2742 1012 2803 et
1033 2740 1182 2823 profecto
1204 2738 1288 2803 nihil
1311 2739 1585 2803 accommodatius

349 2867 418 2911 csse
448 2844 489 2910 ad
518 2844 710 2910 sententiam
737 2845 860 2931 potuit,
886 2869 962 2909 nam
991 2867 1086 2928 aeone
1110 2847 1267 2912 scelestam
1291 2847 1444 2932 coniungi
1465 2845 1579 2930 voluit,
1598 2874 1626 2915 aa

347 2976 414 3018 non
442 2973 536 3036 aecae
563 2955 763 3017 terrestriam.
800 2951 895 3030 Quod
923 2955 950 3018 si
979 2956 1160 3038 sequimur,
1187 2959 1297 3019 tamen
1319 2955 1354 3018 in
1376 2956 1441 3018 ista
1463 2954 1585 3040 insigni

349 3061 486 3125 duorum
510 3060 656 3125 locorum
680 3059 890 3124 similitudine
914 3059 1090 3124 verendum
1115 3065 1164 3124 est
1182 3083 1222 3126 ne
1241 3064 1353 3124 nostro
1371 3061 1477 3146 magis
1495 3082 1584 3125 more

350 3167 509 3232 sentiendi
531 3171 629 3251 'quam
652 3171 797 3231 veterum
822 3189 884 3230 usu
908 3167 1052 3232 ordinem
1075 3167 1248 3232 verborum
1268 3165 1484 3232 instituamus.
1522 3164 1585 3230 Sed

349 3280 432 3340 esto:
465 3275 584 3340 certius
615 3272 744 3358 quidem
772 3273 913 3338 iudicare
940 3273 1018 3338 licet
1044 3273 1083 3338 de
1115 3273 1281 3358 proximis.
1318 3273 1368 3338 De
1398 3272 1584 3338 Alexandro

349 3385 435 3448 enim
458 3407 489 3466 p.
508 3382 583 3467 412,
605 3381 644 3444 11
669 3381 748 3445 haec
770 3380 943 3445 traduntur

371 3563 372 3566 ,
483 3497 663 3562 Alexandri
683 3501 792 3578 podas
819 3497 1000 3562 insatiabile
1026 3495 1147 3575 nadis,
1172 3499 1230 3579 qni
1259 3496 1450 3563 Anaxarcho
1480 3497 1587 3561 condi

483 3625 538 3670 sao
557 3625 594 3668 ex
612 3606 794 3679 anctoritate
811 3601 984 3668 Democriti
1000 3606 1214 3686 praeceptoris
1230 3588 1476 3669 inrrnrnerabiles
1494 3623 1587 3667 rann

483 3712 539 3782 dos
566 3732 629 3776 csse
654 3712 801 3792 referenti
829 3710 898 3774 ‘lea
925 3711 984 3774 rne’
1014 3712 1119 3792 inanit
1147 3710 1320 3790 ‘miseran
1348 3711 1431 3792 qnod
1456 3731 1495 3774 ne
1521 3701 1586 3774 ano

438 3977 503 4046 *18)
521 3975 615 4050 [Quod
638 3975 812 4046 Madvigium
836 3975 951 4030 iussisse
974 3975 1045 4029 Adv.
1065 3959 1126 4030 crit.
1145 3995 1168 4028 11
1185 3993 1214 4044 p.
1233 3980 1285 4027 334
1308 3990 1399 4043 paena
1419 3973 1522 4026 mirum
1541 3974 1587 4027 est

349 4068 418 4139 quia
444 4066 474 4123 in
502 4067 603 4129 iisdem
625 4066 695 4120 Adv.
715 4084 741 4134 p.
763 4071 815 4118 529
843 4065 929 4118 verba
951 4063 1038 4117 Plinii
1067 4066 1125 4119 nat.
1143 4065 1211 4118 hist.
1229 4083 1318 4116 xxxrn
1337 4069 1370 4116 '13
1394 4062 1435 4116 sic
1457 4062 1585 4117 restituit

347 4173 425 4210 none
442 4157 549 4222 fractas
567 4155 643 4210 cadit
660 4157 695 4210 ab
713 4172 768 4208 sese
788 4155 865 4224 lonae
878 4155 989 4224 fragore
1003 4154 1052 4222 qni
1065 4155 1172 4222 conani
1184 4154 1307 4207 bnraana
1321 4159 1408 4206 mente
1420 4170 1478 4207 noa
1487 4152 1586 4222 porat,

347 4263 431 4314 aeque
458 4246 555 4314 efflata
582 4245 741 4299 incredibili
768 4241 833 4314 (fuit
856 4260 920 4312 eane
943 4243 1042 4310 efflata
1065 4243 1084 4296 i.
1107 4245 1238 4311 sonant)
1267 4244 1353 4310 atque
1381 4241 1584 4309 interpretatur

347 4336 444 4404 efflata
467 4351 550 4403 aeone
572 4334 729 4388 incredibili
751 4335 836 4403 (nunc
859 4333 953 4386 editur
975 4349 1059 4400 acam
1080 4339 1106 4386 et
1122 4334 1193 4400 nan
1211 4333 1249 4400 i).
1281 4331 1375 4398 Atque
1394 4345 1478 4400 aean
1495 4329 1583 4398 parti-

347 4423 441 4480 culam
460 4423 558 4478 credas
576 4423 630 4477 hcc
648 4422 757 4492 proprii
774 4421 879 4476 habere
897 4425 931 4476 ut
949 4423 1096 4490 separetur
1113 4437 1131 4474 a
1150 4438 1200 4476 suo
1219 4420 1346 4487 nomine;
1369 4419 1468 4490 itaque
1488 4418 1583 4473 Cicero

348 4513 447 4568 scribit
465 4513 500 4583 de
518 4513 716 4586 fin.1v12,30
735 4519 766 4568 nt
784 4513 810 4565 ei
828 4512 877 4580 qni
895 4513 1014 4588 incende
1031 4512 1132 4566 aixerd
1150 4527 1240 4565 annae
1257 4510 1354 4577 decem,
1372 4511 1398 4564 si
1411 4526 1512 4577 oeqae
1525 4509 1587 4563 aito

347 4602 471 4657 incanda
493 4609 632 4658 maaria
652 4602 786 4668 addatnr;
810 4602 839 4654 et
854 4597 999 4653 Cornelius
1015 4599 1112 4668 Nepos
1131 4585 1251 4665 Eumub,
1267 4604 1282 4650 6
1301 4586 1354 4666 qno
1372 4598 1478 4666 factam
1496 4603 1535 4652 eet
1554 4639 1583 4650 ..

347 4699 379 4748 at
397 4708 498 4760 aeone
516 4692 637 4746 innecto
655 4691 748 4744 nitida
762 4707 795 4743 ex
809 4690 918 4744 castello
932 4690 1062 4755 edoceret,
1076 4705 1109 4744 ac
1121 4690 1147 4743 si
1162 4731 1167 4742 .
1184 4731 1189 4743 .
1210 4685 1270 4752 Quo
1285 4687 1389 4741 certius
1403 4686 1455 4740 illa
1468 4685 1584 4741 Valerio

346 4780 533 4848 relinquenda
551 4782 617 4833 sunt
635 4795 726 4846 nequa
744 4779 786 4831 ita
804 4776 1031 4831 ratiocinandum
1050 4778 1095 4831 vix
1114 4777 1190 4830 credi
1206 4792 1289 4844 posse
1303 4794 1368 4830 eum
1382 4777 1510 4845 apertam
1524 4790 1584 4828 am-

347 4869 518 4940 biguitatem
537 4869 625 4923 vitare
643 4867 789 4938 noluisse]
