3967 5725
614 614 795 666 sunmoms
814 614 1011 666 PLATONIGI
1029 615 1335 668 OBSERVATIONES.
1525 613 1591 680 359

355 780 399 841 σὺ
428 777 492 861 γάρ
516 773 571 840 καὶ
595 776 664 862 ίδίρι
688 777 825 852 ἱκανὸς
847 767 879 841 εἴ
899 777 988 860 παρά
1011 787 1079 841 τῶν
1101 775 1188 842 νέων
1211 779 1317 843 πολλά
1339 781 1489 863 χρήματα
1512 785 1592 864 λαμ-

355 882 472 966 βάνων
494 879 543 947 ἔτι
566 884 668 948 πλείω
692 883 836 967 ὠφελεῖν
858 877 907 947 ὧν
926 885 1114 967 λαμβάνεις,
1138 881 1193 948 ιιαὶ
1213 879 1255 949 αὖ
1275 885 1417 972 δημοσίᾳ
1434 887 1496 970 την
1515 904 1592 953 σαυ-

355 996 416 1056 τοῦ
434 993 535 1056 πόλιν
554 991 690 1066 λκανὸς
709 990 907 1075 εὐεργετεῖνε
926 991 960 1052 in
980 991 1098 1073 quibus
1117 989 1167 1054 bis
1186 991 1328 1074 positum
1347 995 1397 1056 est
1415 994 1591 1077 praedicati

353 1099 427 1162 loco
452 1097 575 1178 ίκανός,
600 1096 687 1178 quod
710 1096 809 1160 semel
831 1097 977 1180 posuisse
1002 1096 1080 1161 satis
1103 1100 1179 1161 erat.
1216 1095 1403 1182 Eodemque
1422 1120 1538 1184 genere
1558 1102 1591 1165 in

355 1203 419 1269 hoc
447 1202 577 1288 dialogo
605 1199 727 1288 (μλθζ
748 1201 803 1291 19)
833 1202 986 1268 scribitur
1012 1205 1102 1287 παρδι
1128 1213 1190 1269 σοῦ
1218 1205 1282 1288 ἤδη
1312 1203 1591 1291 ἀνεδιδάχθημεν,

354 1310 408 1376 ὅτι
431 1311 460 1375 εἰ
483 1306 545 1394 μὲν
569 1310 631 1374 δύο
656 1308 839 1395 ἀμφότεροί
861 1308 969 1396 ἐσμεν,
993 1310 1055 1376 δύο
1078 1309 1134 1376 καὶ
1154 1308 1309 1396 ἑκάτερον
1326 1311 1421 1396 ἡμῶν
1441 1311 1590 1398 ἀνάγκη

356 1409 452 1500 εἶναι,
476 1419 507 1482 εί
525 1413 562 1481 δὲ
581 1407 628 1493 είς
646 1416 807 1502 ἑκάτερος,
825 1416 885 1482 ἕνα
903 1415 958 1482 καὶ
977 1416 1187 1502 ἀμφοτέρους
1206 1417 1371 1503 ἀνάγκη,
1389 1420 1444 1484 ubi
1464 1419 1590 1505 ἀνάγκη

354 1526 498 1608 iteratur,
522 1545 717 1608 quamquam
736 1528 792 1589 aut
814 1523 876 1590 hoc
900 1524 1012 1589 abesse
1035 1525 1208 1589 autsimul
1226 1547 1299 1590 eum
1318 1547 1356 1590 eo
1376 1517 1461 1592 εἶναι
1481 1527 1590 1592 iterari

355 1631 458 1696 malis.
499 1631 589 1696 Haec
620 1630 831 1717 neglexerunt
864 1632 981 1715 critici,
1014 1631 1070 1715 qui
1103 1630 1181 1696 alibi
1208 1632 1299 1698 furca
1325 1633 1403 1698 talia
1430 1634 1590 1719 expellere

354 1739 427 1803 ausi
450 1742 534 1802 sunt.
570 1737 609 1802 In
628 1736 801 1823 Symposio
820 1736 866 1825 (p.
887 1738 938 1822 17,
960 1735 1016 1825 16)
1034 1738 1099 1804 ὑπὸ
1118 1739 1239 1823 ταύτης
1256 1749 1313 1822 τῆς
1332 1741 1439 1818 αἰτίας
1456 1751 1591 1826 πρῶτον
1605 1765 1631 1805 ro

354 1843 416 1927 pto
434 1846 471 1910 τὸ
491 1845 686 1910 ἁλίσκεσθαι
705 1848 786 1929 ταχὺ
802 1846 969 1931 αἰσχρὸν
988 1847 1189 1929 νενόμισται,
1209 1847 1265 1911 ἵνα
1283 1849 1403 1931 χρόνος
1418 1846 1591 1932 ἐγγένηται

355 1953 393 2028 ὃς
417 1952 458 2035 δι)
482 1954 574 2018 δοκεῖ
597 1954 637 2017 τδι
659 1953 767 2018 πολλά
789 1956 897 2028 καλῶς
919 1948 1119 2035 βασανίζειν,
1142 1949 1253 2019 ἔπειτα
1271 1955 1309 2018 τὸ
1328 1953 1394 2020 ὑπὸ
1414 1956 1590 2039 χρημάτων

356 2058 410 2124 καλ
423 2059 490 2125 ὑπὸ
504 2062 686 2125 πολιτικῶν
700 2058 877 2144 δυνάμεων
891 2058 1017 2124 άλῶναι
1032 2061 1210 2143 αίσχρόν,
1223 2058 1287 2125 hoc
1300 2062 1437 2125 alterum
1452 2062 1590 2146 αἰσχρόν

318 2180 338 2236 5
358 2188 628 2252 supervacaneum
651 2170 719 2231 erat
742 2169 775 2231 et
798 2166 938 2230 deletum
962 2170 1013 2231 est
1035 2164 1075 2230 ab
1099 2165 1299 2253 Hirscbigi03
1327 2168 1362 2232 in
1384 2167 1589 2251 Euthydemo

218 2270 222 2283 ⁴
355 2273 399 2361 (p
418 2271 619 2361 49‚4Sch.)
647 2271 707 2338 έδιν
733 2297 794 2357 μεν
822 2289 876 2338 σοι
905 2275 1094 2357 φαίνηται
1122 2277 1254 2355 φαῦλον
1278 2275 1333 2356 όν,
1361 2272 1455 2339 πάντ’
1483 2275 1591 2359 άνδρα

354 2381 528 2466 ἀπότρεπε,
551 2383 595 2466 μὴ
619 2383 725 2465 μόνον
748 2383 825 2456 τοὺς
848 2379 927 2460 ὑεῖς,
951 2377 1012 2445 ἐάν
1034 2376 1071 2445 δὲ
1095 2383 1285 2464 φαίνηται
1304 2373 1379 2446 οἷον
1396 2375 1488 2466 οἶμαι
1508 2381 1589 2447 αὐτὸ

354 2487 419 2570 ἐγὼ
441 2481 536 2569 εἶναι,
560 2494 700 2573 θαρρῶν
719 2488 816 2552 δίωκε
835 2486 994 2553 Badhami
1012 2508 1090 2552 cura
1108 2489 1267 2572 φαίνηται
1286 2509 1387 2552 uncos
1405 2487 1469 2553 fert
1487 2487 1588 2554 altero

354 2597 440 2680 loco;
463 2597 497 2660 in
515 2594 695 2679 Republica
714 2593 753 2681 (x
771 2618 801 2679 p.
820 2592 896 2678 511,
906 2593 950 2659 20
959 2591 1035 2681 Bk.)
1059 2597 1210 2672 εἰπόντος
1233 2596 1271 2660 δὲ
1293 2603 1397 2660 ταῦτα
1420 2595 1481 2660 τὸν
1502 2606 1589 2680 πρῶ-

354 2726 414 2767 τον
434 2704 575 2787 λαχόντα
593 2704 658 2786 ἔφη
678 2702 783 2778 εὐθὺς
803 2701 938 2767 ἐπιόντα
957 2703 1019 2786 την
1036 2704 1195 2787 μεγίστην
1214 2703 1397 2788 τυραννίδα
1412 2700 1588 2787 ἑλέσθαι,

353 2807 409 2875 καὶ
436 2809 502 2875 ὑπὸ
530 2807 725 2895 ἀφροσύνης
752 2832 787 2874 τε
814 2807 869 2875 καὶ
893 2811 1090 2896 λαιμαργίας
1113 2809 1153 2876 οὐ
1176 2809 1284 2876 πάντα
1309 2810 1430 2887 ἱκανῶς
1453 2809 1586 2875 άνασιιε-
1601 2840 1628 2881 ¹0

352 2917 504 3002 ψάμενον
527 2915 689 2982 ἑλέσθαι
712 2921 749 2982 ut
768 2917 851 2981 bano
870 2916 1090 2982 incredibilem
1110 2939 1207 3002 quam
1226 2917 1305 2984 dicit
1322 2917 1499 2983 balbutiem
1517 2916 1589 2982 Pla·

352 3024 424 3090 toni
446 3024 567 3089 eximat
586 3024 769 3110 Madvigius
793 3024 930 3089 alterum
953 3026 1063 3089 utrum
1086 3022 1220 3090 ἑλέσθαι
1245 3045 1318 3089 cum
1336 3024 1497 3107 particule
1516 3024 1589 3090 tolli

353 3132 443 3196 iubet
465 3127 562 3216 (Adv.
581 3131 651 3196 crit.
670 3149 684 3195 1
701 3154 732 3215 p.
751 3128 841 3217 435).

441 3238 651 3321 Erramusne,
683 3260 725 3301 an
757 3238 882 3321 aliquid
913 3237 1117 3323 cognationis
1146 3238 1230 3301 inter
1256 3236 1335 3303 haec
1363 3238 1426 3301 tria
1453 3241 1485 3302 et
1514 3259 1587 3302 cum

351 3345 477 3411 duobus
502 3367 599 3431 supra
621 3346 736 3431 positis
757 3344 965 3431 agnoscitur?
1003 3342 1090 3420 Quae
1109 3347 1218 3408 tamen
1236 3366 1329 3408 nemo
1350 3343 1534 3410 criticorum
1554 3344 1589 3408 in
1624 3384 1627 3391 ·

350 3475 452 3518 unum
471 3453 587 3539 coegit,
605 3454 722 3520 nedum
743 3452 886 3518 studiose
905 3449 1199 3534 circumspexerint,
1220 3450 1297 3534 quid
1316 3450 1453 3515 maxime
1472 3452 1507 3516 in
1525 3450 1589 3517 boc

351 3582 468 3645 genere
495 3560 641 3625 Platonis
668 3561 741 3625 usui
770 3558 952 3641 conveniet,
979 3560 1128 3621 caventes
1155 3579 1196 3620 ne
1223 3561 1382 3643 temptent
1405 3559 1473 3641 hic,
1501 3558 1588 3643 quod

350 3667 420 3732 illic
450 3670 656 3752 praetereunt
687 3668 800 3732 securi.
841 3666 949 3730 Pauca
976 3665 1140 3730 afferimus
1169 3686 1251 3747 quae
1278 3663 1372 3729 nobis
1400 3686 1467 3729 non
1494 3666 1588 3729 anxie

350 3773 580 3859 quaerentibus
594 3775 796 3858 inpromptu
810 3776 893 3837 suut.
917 3771 956 3836 ln
965 3770 1145 3856 Republica
1155 3792 1227 3836 cum
1238 3770 1350 3835 scribit
1360 3768 1520 3857 (xpees,
1530 3769 1586 3859 11)

349 3881 370 3947 δ
403 3880 502 3957 αὐτὸς
533 3882 596 3966 γάρ
625 3876 722 3957 οὗτος
749 3878 957 3966 χειροτέχνης
985 3878 1026 3946 οὐ
1053 3880 1161 3961 μόνον
1187 3878 1295 3943 πάντα
1323 3868 1393 3954 οίός
1421 3900 1456 3943 τε
1485 3878 1585 3961 σκεύη
1601 3901 1628 3943 ιο

349 3997 502 4071 ποιησαι,
529 3987 613 4053 άλλδι
636 3986 691 4053 καὶ
715 3988 756 4052 τά
778 3985 814 4053 ἐκ
837 3996 896 4070 της
918 3996 979 4070 γῆς
1005 3988 1156 4071 φυόμενα
1180 3984 1309 4049 ἅπαντα
1331 3994 1421 4051 ποιεί
1443 3982 1499 4049 καὶ
1523 3988 1585 4072 ζῷα

349 4096 459 4159 πάντα
483 4094 698 4179 ἐργάζεται,
721 4095 762 4159 τά
785 4118 820 4159 τε
844 4094 928 4159 άλλα
950 4091 1006 4158 καὶ
1031 4090 1159 4175 ἑαυτόν,
1184 4089 1239 4156 καὶ
1262 4092 1345 4176 πρὸς
1367 4092 1500 4168 τούτοις
1523 4100 1587 4176 γῆν

349 4200 406 4268 ναὶ
430 4202 578 4288 οὐρανὸν
599 4201 654 4265 καί
677 4203 781 4276 θεοὺς
802 4198 859 4265 καὶ
881 4200 990 4265 πάντα
1013 4202 1053 4264 τά
1077 4198 1114 4265 ἐν
1137 4199 1270 4286 οὐρανῷ
1290 4196 1344 4263 καὶ
1366 4199 1406 4263 τά
1425 4196 1462 4265 ἐν
1473 4196 1585 4263 Ἅιδου

349 4309 416 4375 ὑπὸ
440 4317 500 4391 γῆς
522 4310 650 4374 ἅπαντα
674 4307 893 4393 ἐργάζεται,
922 4329 988 4374 non
1012 4305 1185 4372 admodum
1209 4305 1388 4390 pepercisse
1411 4305 1518 4371 verbis
1542 4306 1587 4371 vi-

350 4416 445 4481 detur
471 4419 685 4500 poterantque
713 4415 818 4479 critici
846 4414 908 4479 duo
938 4416 1024 4478 certe
1052 4434 1163 4477 eorum
1191 4413 1259 4477 sine
1289 4412 1403 4477 dcmno
1427 4412 1586 4477 inducere.

348 4522 430 4589 Ibid
449 4521 502 4610 (VI
519 4546 550 4607 p.
570 4522 647 4605 308,
666 4519 722 4607 15)
746 4520 903 4603 ἐλέγομεν
925 4518 970 4603 δ’,
995 4521 1024 4585 εί
1046 4519 1275 4603 μνημονεύεις,
1299 4520 1371 4583 δεῖν
1390 4518 1514 4595 αύτούς
1532 4542 1587 4603 φι-

350 4630 529 4706 λοπόλιδάς
556 4652 590 4693 τε
619 4630 840 4712 φαίνεσθαι
868 4625 1148 4711 βασανιζομένους
1172 4625 1208 4690 έν
1231 4625 1369 4710 ἡδοναῖς
1391 4648 1426 4691 τε
1449 4623 1504 4691 καὶ
1528 4626 1587 4691 λύ-

350 4757 436 4821 παις,
458 4733 514 4799 καὶ
537 4737 574 4800 τὸ
599 4736 706 4820 δόγμα
729 4744 827 4800 τοῦτο
850 4732 925 4819 μήτ’
952 4734 989 4799 έν
1011 4736 1129 4809 πόνοις
1152 4731 1223 4817 μήτ’
1252 4731 1289 4797 έν
1313 4735 1434 4819 φόβοις
1451 4730 1524 4817 μήτ’
1548 4731 1587 4799 έν

349 4844 432 4927 άλλη
446 4844 591 4929 μηδεμιᾷ
604 4845 768 4927 μεταβολῇ
783 4842 1002 4926 φαίνεσθαι
1017 4837 1239 4923 ἐκβάλλοντας
1253 4842 1389 4905 alterum
1402 4841 1586 4924 φαίνεσθαι
