3967 5725
494 600 698 651 DEFORMIS
716 600 930 662 QUIBUSDAM
949 601 1174 652 SENTENTIAE
1193 600 1481 653 COMPARATIVAE.
1539 598 1601 662 197

368 760 482 845 Neque
505 760 584 826 haec
604 765 774 846 poetarum
796 760 944 827 licentiae
967 761 1178 828 condonanda
1200 767 1288 827 suut:
1311 762 1451 849 legimus
1473 762 1604 827 nonita

366 867 491 951 pridem
509 868 545 932 in
561 867 760 953 pereleganti
778 866 890 933 libello
910 867 1094 949 ‘Klopstocle
1111 870 1190 948 edet,
1213 871 1273 935 wie
1289 870 1429 934 weilorrd
1446 870 1501 935 der
1518 870 1604 935 herr-

367 975 445 1040 liclcc
462 973 581 1054 Peliae,
596 974 740 1057 mellend
756 975 805 1040 bei
822 975 883 1040 deu
900 975 1062 1058 Seleiffeu',
1081 979 1113 1040 et
1130 975 1239 1041 nescio
1260 978 1332 1060 quis
1351 979 1490 1060 scriptor
1507 976 1604 1044 ll'ran·

314 1087 351 1143 17
367 1079 542 1168 cugullicus
572 1102 638 1146 non
668 1081 831 1146 dubitavit
860 1071 1012 1148 scribere
1031 1089 1118 1148 autre
1143 1086 1255 1149 wion
1281 1085 1335 1149 κά
1355 1105 1421 1166 pos
1441 1105 1524 1166 perr
1550 1085 1604 1154 des

366 1187 502 1252 hommes
523 1208 686 1253 maocauc
708 1194 744 1268 ct,
766 1209 882 1254 comm
901 1187 1043 1272 Calypso,
1067 1189 1123 1254 elle
1144 1191 1207 1255 cart
1229 1210 1262 1256 ce
1279 1191 1414 1257 consoler
1432 1192 1476 1256 du
1494 1193 1604 1276 deperi

367 1294 523 1378 d'Ulyssc
542 1296 792 1378 comparationis
806 1296 911 1361 forma
925 1295 1045 1381 eadem,
1059 1318 1253 1381 quamquam
1268 1295 1481 1382 Calypsonem
1494 1299 1604 1364 ferunt

351 1403 538 1466 nescivisse
561 1422 596 1466 se
618 1403 778 1466 consoluri
802 1400 945 1467 discessu
966 1401 1085 1468 Ulixis.

454 1508 516 1574 His
545 1509 699 1594 exemplis
728 1509 912 1575 confirmati
938 1511 1114 1594 repetimus
1141 1510 1177 1576 in
1205 1510 1263 1576 illo
1286 1512 1453 1597 prooemio
1476 1518 1603 1579 contro·

364 1616 503 1681 versiam
530 1621 651 1681 motum
679 1617 718 1680 de
742 1615 882 1682 Senecae
908 1617 1026 1702 trugici
1048 1618 1195 1684 versibus
1217 1624 1251 1684 et
1273 1619 1313 1684 da
1337 1617 1517 1706 Claudiani,
1545 1621 1602 1705 qui

365 1722 442 1807 quia
465 1721 693 1789 similitudines
715 1723 751 1787 in
774 1722 868 1788 illum
888 1723 1020 1788 modum
1040 1724 1194 1790 formatas
1212 1725 1342 1810 habent,
1365 1727 1506 1812 suspicio
1524 1731 1602 1793 nata
1615 1751 1642 1792 u

364 1833 415 1894 est
441 1852 507 1895 non
534 1831 677 1916 integrus
703 1849 775 1894 esse
800 1831 977 1894 sententias
1001 1832 1057 1895 sed
1079 1831 1218 1914 quadam
1241 1837 1333 1916 parte
1355 1837 1534 1918 truncatas,
1562 1833 1602 1900 dc

366 1935 541 2002 Claudiano
561 1937 658 2001 etiam
676 1936 741 2000 alia
758 1938 983 2023 excogitarunt
1001 1959 1113 2021 nuper.
1145 1935 1183 2001 ln
1197 1936 1337 2004 Hercule
1355 1941 1457 2026 igitur
1474 1941 1602 2008 furente

364 2065 438 2108 cum
462 2043 578 2109 chorus
601 2048 718 2114 cantat.

644 2173 683 2216 err
703 2152 796 2232 focae
817 2151 908 2216 dumi
929 2171 1024 2216 saeva
1043 2153 1140 2234 feroci

646 2257 738 2324 corde
759 2259 877 2324 oolrdot
899 2259 1041 2324 somnio:
1063 2261 1204 2325 nondum
1227 2267 1270 2326 cst

644 2366 727 2430 tanti
743 2367 844 2447 pestis
865 2372 1014 2448 caperato
1037 2367 1133 2444 mali;

514 2470 600 2538 1085
645 2472 809 2554 clavaeque
828 2474 922 2555 provi
944 2473 1064 2538 lassum
1086 2473 1197 2540 solitus

645 2581 800 2645 mecedem
821 2585 915 2662 caput
936 2581 1059 2662 qaaerit
1080 2601 1180 2647 cocco

638 2688 779 2769 pondere
800 2687 923 2767 dccco,
947 2693 1031 2754 oreta
1053 2690 1177 2754 iudans

643 2794 788 2859 braccho
810 2815 900 2861 vano.
941 2815 1005 2861 occ
1027 2797 1147 2863 adhuc
1168 2817 1291 2863 omncs

643 2902 790 2983 expulit
811 2908 948 2982 oestuo,
971 2905 1036 2969 ced
1055 2909 1096 2969 ct
1117 2906 1264 2987 inpendi

514 3008 601 3074 1090
645 3015 781 3074 uexata
802 3015 886 3075 noto
909 3016 1034 3076 servat
1056 3011 1183 3095 leopos

643 3116 746 3180 anda
768 3116 951 3182 tumultus
972 3122 1005 3182 et
1027 3119 1103 3183 ium
1125 3125 1230 3185 oculo

642 3228 809 3288 cessante
829 3228 944 3289 tumet

361 3328 396 3391 in
418 3326 470 3393 his
494 3330 644 3393 extremis
666 3349 733 3393 non
756 3328 937 3395 accedimus
960 3330 1002 3394 iis
1026 3331 1082 3415 qui
1105 3331 1229 3415 aliquid
1253 3332 1427 3399 desiderari
1445 3335 1508 3399 sibi
1526 3359 1597 3421 per·

360 3438 543 3518 manserunt3
572 3457 653 3518 quae
677 3436 762 3499 enim
784 3436 916 3520 proprie
938 3436 977 3500 de
1000 3438 1087 3501 unda
1111 3437 1275 3525 dicuntur,
1297 3440 1408 3506 eadem
1431 3442 1596 3509 valentin

360 3539 543 3625 Herculem,
562 3542 619 3624 qui
635 3542 777 3607 nondun
794 3562 901 3607 omncs
918 3542 1038 3625 expulit
1055 3550 1158 3611 emtus
1175 3547 1230 3611 scd
1246 3552 1282 3612 ut
1298 3550 1387 3613 uada
1400 3555 1471 3615 uoto
1484 3556 1597 3615 caan

358 3653 462 3712 seruat
487 3648 637 3713 tumultus
663 3651 759 3714 ctiam
781 3654 916 3714 cessante
937 3655 1033 3714 corto.
1071 3648 1196 3727 Quibus
1219 3655 1276 3737 qui
1299 3655 1486 3739 contulerit,
1514 3676 1596 3739 quae

359 3754 494 3820 eandem
517 3755 552 3819 in
575 3756 768 3820 sententiam
791 3756 826 3819 in
848 3754 988 3821 Hercule
1012 3754 1132 3822 Oetaeo
1156 3758 1309 3825 Deianira
1332 3762 1411 3827 dicit
1435 3760 1530 3848 (710)

573 3864 748 3944 adfractus
771 3867 877 3927 cadro
893 3869 1012 3944 pontus
1034 3866 1206 3931 ammaum
1228 3873 1334 3947 mmet,
1608 3888 1635 3929 eo

572 3971 716 4051 quumvis
737 3970 875 4050 putescat
895 3970 1059 4053 lonpuidis
1080 3976 1180 4039 cortic
1202 3974 1281 4053 dice,

573 4078 620 4140 ito
642 4096 729 4141 mene
751 4077 854 4141 cdlruc
874 4083 1005 4143 occatur
1027 4098 1151 4147 comeso
1174 4086 1268 4161 marr,

359 4202 441 4264 quae
463 4183 560 4267 plena
583 4186 632 4247 est
655 4185 862 4267 comparatio,
885 4205 952 4248 non
974 4190 1012 4249 ut
1034 4187 1091 4249 illa
1115 4190 1293 4272 contracta,
1315 4188 1410 4273 plane
1433 4190 1511 4275 quid
1534 4192 1594 4256 dif-

357 4287 513 4353 ferentiae
541 4290 716 4354 intercedat
742 4291 923 4375 perspicere
949 4294 1079 4375 poterit.
1117 4292 1312 4361 Claudianus
1335 4302 1443 4363 autem
1465 4299 1500 4363 in
1522 4320 1593 4363 nar-

357 4394 459 4459 raudo
481 4400 577 4479 raptu
599 4394 811 4480 Proserpinae
834 4396 875 4484 (11
894 4397 961 4462 204
975 4398 1059 4485 sqq.)
1083 4422 1156 4466 cum
1180 4401 1261 4467 haec
1283 4403 1369 4469 dicut
1391 4404 1431 4468 de
1454 4404 1592 4470 Plutone

523 4502 697 4585 diffcpiurrt
719 4504 891 4587 nymphae:
913 4508 1039 4588 raperer
1062 4506 1257 4592 Proserpina
1279 4530 1374 4577 crura

403 4606 469 4672 205
515 4609 721 4692 imploratque
743 4612 826 4677 deae.
862 4613 931 4677 ium
956 4612 1112 4697 Geryonis
1134 4636 1191 4681 oro
1212 4617 1327 4684 revelat

519 4715 633 4782 Pallas
655 4723 684 4782 ct
705 4720 820 4784 inmoto
841 4720 972 4800 fecittot
992 4719 1090 4785 Delio
1113 4722 1170 4788 telo

517 4844 572 4888 uec
588 4830 706 4907 patrae
729 4826 855 4891 edent:
877 4827 1020 4892 stimulat
1042 4832 1215 4895 commanis
1236 4832 1272 4895 ia
1295 4850 1388 4897 orma
