3967 5725
386 613 453 678 220
579 617 675 669 XLIV.
693 617 809 667 INDEX
827 615 1041 667 LEOTIONUM
1059 616 1301 668 HIBERNARUM
1320 615 1405 686 lacot
1409 618 1452 666 97.

600 799 639 843 ae
660 784 794 844 eestmm
815 778 927 843 scabra
950 783 1061 860 tanpat
1082 777 1221 860 rabipr'ae
1242 797 1354 842 nemea

644 885 719 950 baec
740 890 831 967 arque
852 884 911 949 illa
934 884 1001 950 dies
1023 890 1114 966 atque
1136 883 1204 948 alia
1227 889 1318 966 atqae
1339 881 1454 969 atia*).

386 992 447 1058 His
469 993 627 1076 reputatis
647 996 680 1056 et
698 993 837 1056 maxime
855 995 998 1057 extremo
1017 991 1134 1056 horum
1153 989 1300 1076 exemplo
1320 990 1495 1056 studiosius
1517 991 1620 1056 consi·

387 1100 497 1165 derato
512 1099 701 1164 videbamur
714 1099 818 1182 nobis,
832 1099 895 1163 nisi
909 1098 987 1182 quid
1001 1120 1060 1163 nos
1074 1098 1174 1163 fallax
1187 1098 1308 1184 species
1319 1099 1423 1180 elusit,
1437 1099 1544 1163 versui
1555 1119 1626 1163 oar·-

386 1207 482 1271 minis
497 1223 584 1288 Lm
600 1228 666 1272 non
678 1210 765 1272 reete
778 1206 898 1272 tradito
911 1205 1087 1289 multisque
1102 1205 1291 1270 emendandi
1305 1203 1527 1270 conaminibus
1541 1208 1621 1269 tam·

386 1318 478 1397 ptato
495 1334 601 1378 veram
616 1314 644 1378 ai
658 1313 708 1378 dis
722 1312 830 1396 placet
842 1313 999 1378 medelam
1013 1313 1125 1378 afferre
1143 1333 1246 1397 posse.
1271 1310 1521 1396 Suspicabamur
1535 1312 1620 1376 enim

388 1419 551 1484 Catullum
565 1420 782 1485 narrationem
797 1420 837 1484 ab
847 1418 937 1506 Argo
952 1420 1027 1484 navi
1039 1419 1218 1505 repetitam,
1234 1440 1315 1503 quae
1325 1418 1488 1484 Minervae
1497 1441 1558 1504 ope
1568 1439 1629 1484 err-2

388 1531 511 1611 structa
529 1529 635 1611 prima
653 1527 797 1591 omnium
816 1549 903 1592 mare
921 1527 1073 1612 navigare
1092 1548 1170 1591 ausa
1188 1527 1239 1610 sit,
1258 1525 1393 1592 inhunc
1406 1525 1536 1592 modum
1551 1547 1621 1611 per-

388 1638 534 1699 secutum
556 1655 633 1698 esse.

550 1761 630 1822 quoe
650 1740 747 1806 simut
768 1760 807 1804 ac
827 1746 926 1805 rostro
948 1745 1105 1805 emtosmm
1122 1741 1278 1822 proscidit
1299 1761 1425 1824 aequor,

548 1853 686 1929 tritaque
706 1847 836 1930 remipio
857 1849 979 1928 spumis
1001 1847 1168 1912 immaduit
1188 1848 1292 1926 meda,
1324 1871 1325 1875 ¹

550 1975 696 2020 emersere
715 1955 779 2036 feri
801 1954 947 2019 ceaderrti
970 1974 986 2018 e
1006 1955 1128 2037 perpete
1150 1955 1253 2020 cattas

484 2061 499 2075 ”
548 2082 716 2143 amaareee
739 2067 911 2126 monstram
934 2060 1085 2127 Nereides
1107 2061 1310 2127 admirantes.

549 2186 633 2232 rnna
655 2185 738 2232 anu
761 2185 878 2245 amous
901 2185 985 2232 anm
1007 2168 1154 2232 viderant
1175 2169 1241 2233 tuae
1265 2171 1410 2234 mammas

550 2275 694 2341 mortales
715 2275 812 2340 acatis
834 2275 952 2340 madata
975 2295 1100 2356 corpore
1122 2275 1277 2358 mpmpbas

550 2384 707 2447 matrim
729 2387 818 2446 temus
840 2387 993 2446 ecstantes
1015 2403 1031 2446 e
1050 2383 1280 2465 perpeterere.

549 2496 615 2554 tam
639 2474 785 2554 Thetidis
807 2487 920 2552 Peleus
941 2489 1086 2554 incensam
1105 2490 1207 2571 fertur
1229 2510 1347 2569 amere,

462 2597 505 2661 20
550 2602 616 2660 tam
640 2596 750 2661 Thetis
771 2595 926 2660 bemanus
947 2616 1010 2661 nea
1033 2597 1172 2679 desperit
1192 2596 1383 2680 hymenaeos.

390 2702 428 2767 In
456 2703 673 2795 controuersia
696 2706 746 2766 est
768 2724 796 2764 v.
818 2700 874 2784 16,
902 2702 994 2767 cuius
1018 2701 1058 2766 ab
1082 2703 1290 2788 expendenda
1313 2703 1473 2789 scriptura
1496 2702 1626 2788 prodita

350 2834 376 2875 ao
390 2809 637 2894 proficiscimur:
656 2830 731 2875 nam
751 2808 829 2893 quid
848 2809 1009 2875 sententia
1026 2810 1211 2895 poposcerit
1229 2813 1285 2875 aut
1298 2809 1512 2876 necessarium
1527 2809 1626 2876 fuerit

390 2917 455 2983 dici
481 2938 521 2980 ex
547 2903 619 3000 ipsa
646 2916 757 3002 petitis
783 2916 964 2982 rationibus
992 2918 1205 2984 demonstrari
1233 2940 1300 2983 non
1322 2922 1441 3004 potest3
1469 2917 1547 3002 quid
1570 2938 1626 3002 po
1664 2952 1666 2961 ν

389 3024 490 3088 tuerit
509 3023 572 3087 dici
591 3027 624 3087 et
639 3024 686 3089 rei
700 3027 949 3089 consentaneum
962 3026 1061 3090 fuerit
1073 3025 1138 3089 nisi
1153 3030 1299 3090 accurate
1314 3026 1480 3109 explorata
1493 3024 1626 3089 testium

390 3131 544 3196 memoria
576 3130 702 3195 definiri
733 3131 855 3214 nequit.
897 3129 1041 3207 Quorum
1073 3131 1219 3217 plerique
1251 3153 1325 3197 cum
1353 3133 1464 3197 codice
1492 3129 1626 3217 Sanger-

391 3238 536 3302 monensi
558 3236 690 3304 tradunt
714 3237 771 3302 itta
794 3244 885 3320 atque
902 3238 971 3303 alia
988 3236 1182 3326 videorest),
1205 3260 1287 3323 quae
1305 3239 1419 3324 forma,
1436 3260 1482 3303 ne
1501 3238 1541 3302 de
1559 3258 1626 3302 cor-

391 3345 518 3428 ruptela
545 3344 686 3427 dubites,
714 3366 827 3409 manca
854 3348 904 3409 est
930 3349 967 3409 ut
994 3346 1141 3411 oratione
1169 3350 1202 3409 et
1224 3347 1385 3411 sententia
1408 3347 1454 3410 ita
1476 3343 1626 3409 versiculi

391 3472 547 3517 mensura.
586 3450 707 3516 Contra
739 3473 776 3515 ea
805 3453 839 3516 in
871 3473 936 3517 uno
966 3450 1051 3517 libro
1080 3450 1257 3519 Oxoniensi
1290 3453 1441 3538 apparuit
1467 3453 1627 3537 scriptura

391 3558 450 3624 itta
477 3558 545 3623 alie
571 3560 728 3644 vidermst,
757 3579 838 3642 quae
865 3562 897 3624 et
925 3559 997 3644 ipsa
1024 3560 1203 3625 orationem
1233 3560 1380 3625 mutilam
1409 3558 1541 3624 exhibet
1567 3579 1626 3623 neo

391 3669 494 3730 metro
531 3687 591 3731 nee
620 3687 715 3731 sensu
747 3665 1011 3751 satisfacientem,
1048 3665 1103 3731 sed
1134 3670 1243 3731 tamen
1275 3666 1322 3730 ita
1353 3669 1536 3751 comparata
1567 3669 1663 3749 ests

391 3777 429 3837 ut
447 3774 475 3838 si
493 3792 562 3837 eam
580 3773 785 3837 coniunxeris
804 3794 877 3836 eum
897 3772 1181 3860 sangermanensis
1199 3774 1320 3839 codicis
1339 3774 1524 3838 testimonio
1544 3773 1627 3858 pari-

353 3905 379 3945 ao
393 3884 443 3945 ter
474 3900 584 3944 versus
617 3883 650 3943 et
679 3881 834 3945 orationis
863 3880 1043 3967 integritati
1071 3880 1254 3945 consultum
1282 3879 1440 3962 videatur,
1472 3879 1531 3945 alla
1559 3879 1628 3944 alia

393 3993 484 4069 atque
510 3988 579 4052 alia
605 3988 757 4052 uideant.
795 3985 917 4062 Quodsi
939 3988 1105 4072 paulisper
1128 3987 1299 4052 statuimus
1322 3987 1405 4052 hano
1428 3986 1626 4070 primitivam

392 4094 492 4161 fuisse
516 4094 723 4179 scripturam,
745 4115 812 4159 non
835 4094 882 4159 ita
904 4093 1037 4159 difficile
1060 4093 1264 4181 intelligitur,
1287 4114 1351 4179 quo
1374 4092 1471 4157 modo
1495 4093 1529 4158 in
1553 4114 1627 4159 eon-

393 4201 507 4266 trarias
535 4205 642 4285 partes
670 4202 818 4267 aberrare
845 4200 1051 4267 librariorum
1080 4201 1203 4266 incuria
1225 4200 1381 4286 potuerit,
1410 4184 1466 4285 qui
1489 4203 1546 4264 aut
1571 4199 1628 4265 illa

393 4308 462 4373 aa
492 4308 649 4388 oidmmmt,
682 4308 809 4375 omissis
841 4313 975 4393 propter
1003 4309 1177 4394 repetitum
1204 4308 1272 4373 atie
1299 4306 1406 4373 verbis
1433 4312 1524 4389 atque
1550 4306 1627 4385 alia,

394 4419 583 4498 exararunt,
619 4418 677 4480 aut
709 4415 766 4480 ella
798 4421 889 4498 atque
917 4416 986 4481 alia
1017 4416 1177 4493 eidmmmt,
1214 4415 1392 4499 intercepta
1422 4434 1487 4478 non
1520 4413 1628 4478 minus

394 4521 531 4607 proclivi
563 4543 670 4587 errore
702 4524 787 4587 inter
818 4522 877 4587 um
905 4528 937 4589 et
964 4528 1055 4604 atque
1082 4521 1189 4607 priore
1216 4542 1295 4586 voce
1323 4520 1399 4587 elie.
1441 4518 1543 4596 Quam
1571 4519 1627 4584 du·

502 4698 548 4768 ⁸2)
567 4698 607 4753 cf.
628 4698 764 4767 Apuleius
778 4698 894 4759 Metam.
907 4718 936 4752 rx
952 4705 966 4753 ‘1
985 4699 1035 4754 toa
1053 4706 1079 4753 et
1096 4698 1167 4753 azad
1185 4704 1210 4753 a
1228 4698 1308 4753 atiud
1326 4704 1351 4752 et
1369 4713 1467 4752 rursus
1485 4697 1571 4751 atiud.

400 4830 405 4841 .
451 4846 454 4851 ,
484 4787 547 4856 ⁸24)
565 4788 655 4842 uidere
664 4786 771 4842 habent
781 4786 1117 4857 Schwabiilibricptimi,
1132 4786 1182 4841 sed
1192 4786 1321 4855 quiahoc
1331 4786 1368 4841 ad
1377 4788 1502 4841 nostram
1512 4800 1627 4839 cansam

395 4895 452 4933 non
469 4877 600 4947 pertinet,
620 4876 747 4933 videncet
765 4875 918 4945 posuimus,
938 4876 968 4930 id
982 4876 1058 4945 quod
1072 4874 1224 4945 requiritur
1238 4879 1267 4931 et
1280 4875 1391 4946 pridem
1405 4876 1561 4930 comeatum
1576 4875 1627 4929 eat
