3967 5725
602 675 607 680 ,
622 624 682 679 ,ΒΕ
700 619 939 680 EMENDANDIS
958 619 1116 670 CATULLI
1135 620 1364 674 CARMINIBUS.
1544 620 1610 692 ,251

380 829 410 845 ..
438 779 591 844 cachinni.
633 782 682 848 Aa
709 802 821 847 rursus
844 783 978 864 apparet
1001 781 1035 844 in
1058 779 1121 845 hoc
1149 779 1295 846 dissensu
1323 782 1491 848 doctorum
1516 805 1612 867 quarn

379 887 510 953 difficile
536 889 579 953 sit
601 891 643 964 in,
658 889 710 954 his
733 887 977 973 quaestionibus
1003 885 1191 952 Catullianis
1215 908 1361 954 normam
1384 889 1521 956 inveniri
1550 913 1613 975 qua

377 1017 493 1061 norma
522 996 679 1066 iudicium
709 1000 849 1082 regatur.
894 992 964 1059 Nos
996 995 1032 1060 in
1064 992 1183 1062 Catulli
1215 994 1394 1082 Hauptiani
1426 996 1613 1082 exemplari-

377 1105 439 1168 bus
462 1126 489 1167 a
506 1102 591 1168 1885
615 1103 789 1190 recognitis
812 1102 846 1166 id
870 1101 957 1186 quod
980 1101 1057 1166 olim
1080 1102 1274 1188 vulgabatur
1291 1103 1549 1188 instauravimus,
1573 1104 1614 1168 le-

376 1213 513 1294 aerque
537 1217 652 1278 acuant
673 1211 827 1293 plaupore
854 1209 1012 1289 cachinni,
1040 1231 1107 1274 non
1134 1213 1200 1274 tam
1229 1207 1421 1274 Oxoniensis
1448 1211 1523 1276 libri
1551 1211 1613 1276 fide

378 1318 472 1403 moti,
495 1339 577 1401 quas
600 1340 674 1383 suas
697 1318 853 1401 quasdam
878 1316 1043 1381 cautiones
1067 1315 1178 1399 habet,
1201 1316 1257 1381 sed
1280 1318 1356 1400 quia
1378 1318 1472 1383 nobis
1496 1318 1612 1384 intelli·

377 1447 453 1512 gere
473 1424 660 1490 videbamur
679 1424 793 1488 vitium
808 1423 896 1508 quod
915 1423 1016 1488 estin
1035 1420 1304 1507 sangermanensi
1323 1425 1500 1508 ceterisque
1519 1425 1613 1490 bonis

375 1532 481 1617 libris,
507 1532 622 1598 leviter
637 1537 764 1614 macru,
791 1551 858 1597 non
885 1551 980 1614 posse
1008 1532 1064 1595 aut
1090 1530 1196 1596 lenius
1224 1534 1280 1596 aut
1307 1531 1512 1600 verisimilius
1540 1533 1613 1597 tolli

377 1661 472 1723 quam
497 1638 606 1713 addita
635 1636 795 1722 particula
827 1659 908 1722 quae
940 1642 1008 1702 tarn
1035 1637 1130 1704 facile
1158 1638 1282 1702 incuria
1309 1639 1477 1722 praeteriri
1504 1642 1613 1724 potest

371 1767 474 1829 quam
502 1750 590 1812 certo
617 1744 747 1817 restitui
774 1747 877 1808 metro
901 1743 1090 1828 praesertim
1114 1749 1266 1827 poscente
1289 1745 1341 1810 rel
1363 1747 1515 1830 patiente.
1551 1745 1614 1814 Ita·
1627 1775 1653 1816 ιο

378 1874 440 1937 que
468 1875 494 1918 c.
512 1870 624 1917 xxxrv
644 1852 685 1916 12
709 1872 783 1916 cum
807 1848 953 1917 Catullus
982 1851 1147 1935 scripserit
1169 1852 1365 1934 saltuumque
1386 1854 1612 1920 reconditorum

373 1960 589 2041 Asuuiumque
618 1963 786 2026 amusim
815 1956 1100 2044 Sangermanensis
1134 1958 1233 2023 codex
1265 1960 1406 2025 omauuu
1435 1967 1612 2040 sonantum,

377 2063 568 2131 Oxoniensis
586 2068 786 2148 omniumque
802 2085 867 2132 sou.
886 2063 1022 2130 tradidit
1041 2064 1149 2130 addita
1167 2065 1327 2149 particula
1345 2088 1426 2150 quae
1447 2071 1497 2132 est
1516 2068 1613 2133 etiam

375 2174 411 2236 in
436 2171 635 2239 Lachmanni
663 2171 858 2238 Senteniano
889 2195 908 2236 a
938 2174 1119 2236 correctore
1149 2172 1280 2237 adiecta.
1324 2172 1388 2242 Sed
1414 2173 1500 2238 idem
1529 2171 1613 2240 Oxo-

374 2279 509 2364 niensis,
537 2279 594 2364 qui
620 2279 674 2344 hic
702 2278 790 2364 quod
816 2277 951 2363 propius
978 2301 1091 2343 verum
1119 2282 1186 2345 erat
1215 2281 1365 2363 servarit,
1395 2281 1612 2348 c.nxv11193

374 2388 601 2469 ,iocuuduruquc
623 2386 728 2452 lumen
750 2385 832 2452 falso
858 2385 1010 2449 insertam
1034 2385 1167 2450 eandem
1189 2387 1381 2470 particulam
1400 2387 1542 2471 praebet.
1574 2385 1613 2452 In

369 2499 488 2567 nostro
506 2515 601 2560 versu
620 2493 738 2558 mirum
757 2515 825 2558 non
842 2496 920 2575 erat,
939 2493 1059 2558 intem
1078 2497 1189 2578 aperto
1208 2493 1288 2559 vitio
1308 2497 1340 2558 et
1360 2493 1447 2577 quod
1465 2517 1614 2560 mensura

376 2624 487 2672 versus
514 2601 742 2686 patefaciebat,
769 2600 854 2665 idem
883 2599 970 2684 quod
997 2603 1083 2665 re'cte
1112 2599 1270 2685 scriptum
1298 2605 1346 2666 est
1373 2603 1409 2666 in
1437 2599 1614 2690 Oxoniensi

375 2709 457 2772 alios
484 2707 586 2774 libros
613 2729 679 2772 non
706 2729 828 2792 paucos
855 2710 978 2790 tenere,
1011 2728 1147 2791 quorum
1175 2708 1383 2794 testimoniis,
1409 2730 1450 2772 ne
1477 2710 1613 2774 nimium

377 2814 554 2883 Oxoniensi
576 2816 747 2898 tribuatur,
771 2815 892 2881 dudum
914 2815 978 2881 hoc
1001 2814 1090 2899 quod
1111 2815 1195 2881 ratio
1218 2835 1329 2881 verum
1352 2837 1422 2881 esse
1444 2816 1613 2901 persuade·
1628 2843 1654 2883 ro

326 2918 364 2973 1⁶
377 2923 444 3007 bat,
470 2923 598 2988 restitui
626 2924 778 3007 oportuit.
817 2921 881 2987 Sed
907 2922 970 2989 hoc
998 2923 1167 3007 iudicium,
1196 2946 1259 3008 quo
1286 2945 1345 2989 nos
1369 2925 1444 2989 duci
1466 2926 1613 3006 fatemur,

375 3036 413 3096 ut
435 3034 560 3098 constet
582 3052 662 3096 neve
684 3030 897 3095 labefactetur
920 3034 952 3095 et
974 3034 1117 3115 corruat,
1146 3030 1226 3095 duae
1249 3053 1300 3097 res
1324 3035 1470 3097 accurate
1493 3054 1609 3117 expen-

372 3138 497 3203 dendae
530 3142 618 3221 sunt,
651 3159 729 3221 quas
761 3136 908 3201 ridemus
936 3137 1127 3222 interpretes
1155 3160 1269 3222 parum
1298 3160 1437 3215 curasse,
1469 3140 1609 3223 primum

374 3245 531 3313 orationis
560 3244 788 3329 conformatio;
820 3266 893 3310 cum
925 3244 1012 3309 enim
1043 3245 1146 3309 undae
1178 3245 1326 3310 dicantur
1352 3247 1493 3329 primum
1520 3245 1611 3311 tarde

371 3353 561 3438 procedere,
593 3355 667 3437 post
700 3356 797 3418 vento
831 3356 992 3417 crescente
1024 3352 1253 3435 increbescere,
1286 3357 1419 3436 apparet
1446 3352 1502 3417 illa
1530 3375 1611 3436 quae

376 3461 481 3530 media
503 3459 671 3525 interiecta
693 3465 770 3524 sunt
792 3459 832 3523 de
855 3457 1021 3524 cachinnis
1044 3460 1245 3542 parenthesis
1267 3460 1338 3524 loco
1359 3482 1437 3543 esse,
1460 3482 1543 3543 quaa
1562 3460 1613 3523 vel

376 3567 573 3653 participiali
600 3570 761 3631 structura
787 3566 915 3633 adnecti
943 3569 1107 3650 poterant,
1136 3568 1226 3630 tarde
1242 3569 1415 3648 procedunt
1437 3568 1543 3636 leuiter
1565 3588 1613 3633 so-

375 3675 525 3741 nantibus
536 3674 690 3757 placuere
708 3659 877 3738 cachinnis
914 3672 1062 3756 Eamque
1081 3672 1237 3737 rationem
1258 3671 1346 3758 (cum
1367 3673 1512 3759 Hauptio
1532 3673 1614 3758 Opp.

376 3779 489 3868 1105)
520 3782 545 3846 ii
571 3780 722 3845 ridentur
748 3780 886 3865 probare
914 3781 970 3863 qui
999 3800 1056 3862 qua
1083 3778 1241 3863 particula
1268 3780 1387 3845 reiecta
1414 3782 1519 3846 leuiter
1546 3779 1613 3868 (vel

376 3888 440 3954 lesui
457 3890 509 3955 vel
526 3886 622 3974 unca)
638 3893 785 3953 resonant
796 3887 843 3969 pl.
863 3887 944 3951 each.
964 3887 1169 3970 seripserrmt,
1187 3884 1267 3950 haec
1285 3890 1321 3952 ut
1341 3891 1426 3954 esset
1439 3886 1611 3953 Homerico
1628 3914 1654 3955 eo

376 4018 466 4063 more
481 3996 658 4062 ,interiecta
680 3994 736 4061 sed
758 3994 859 4061 libere
882 3994 1006 4060 adnexa
1030 3996 1197 4078 sententia,
1221 4018 1317 4079 quam
1340 3995 1490 4061 nonnulli
1515 3996 1614 4061 etiam

376 4103 538 4168 consuet-is
566 4103 669 4188 signis
696 4124 715 4166 a
742 4101 868 4186 reliqua
897 4104 1043 4168 oratione
1070 4102 1301 4189 segregandam
1332 4107 1498 4187 curarunt3
1527 4103 1614 4187 quod

371 4231 478 4296 genus
497 4214 546 4275 est
565 4209 650 4294 apud
670 4208 834 4275 Catullum
853 4209 961 4293 ipsum
980 4210 1013 4274 in
1032 4210 1177 4273 versibus
1199 4209 1320 4295 108sq.
1340 4232 1437 4294 supra
1454 4210 1612 4275 tractatis.

376 4314 446 4382 Nos
469 4318 527 4401 qui
549 4317 711 4399 leuiterque
732 4317 922 4401 probamus,
949 4339 991 4382 ne
1017 4339 1081 4401 qua
1104 4316 1178 4381 inde
1202 4318 1336 4385 offensio
1358 4320 1522 4402 nascatur,
1551 4316 1614 4383 hoc

376 4424 504 4508 agimm
522 4428 559 4489 ut
572 4424 697 4489 adiecta
710 4424 870 4508 particula
883 4424 973 4491 illam
988 4446 1085 4508 quam
1101 4423 1235 4489 dicimus
1250 4423 1451 4508 parenthesis
1465 4428 1612 4492 naturam

375 4552 441 4596 non
464 4532 537 4596 tolli
560 4537 616 4597 aut
638 4531 787 4616 impediri
807 4531 1013 4596 affirmemus.
1045 4528 1159 4614 Itaque
1178 4534 1215 4595 ut
1234 4528 1368 4596 Ovidius
1387 4530 1413 4595 F
1415 4536 1472 4596 ast.
1492 4550 1528 4595 lv
1547 4529 1612 4597 585

542 4639 655 4721 Qruata
678 4639 734 4703 diu
756 4659 858 4704 swam
880 4639 927 4703 aia
948 4644 993 4703 at
1015 4638 1338 4719 adsuefactam,

582 4747 831 4828 Maximoque
853 4747 890 4811 iu
907 4745 999 4839 ⁴rrultu
1021 4746 1115 4828 cipum
1139 4745 1270 4811 doleatis
1293 4752 1393 4824 aaut,
1529 4777 1531 4781 v

538 4852 589 4920 ‘a'
610 4874 727 4919 memor
749 4874 780 4919 es
802 4890 847 4899 -
