3967 5725
695 589 697 603 ³
755 598 805 648 DE
824 588 999 648 VERSIBUS
1016 595 1200 647 ENNIANIS.
1272 587 1286 602 '¹

595 759 643 823 25
690 780 768 824 owro
790 776 936 841 repersus
958 758 1073 822 scilicet
1094 759 1198 822 acrior
1252 749 1271 760 ”

691 867 780 931 miles
801 864 923 930 redebit.
945 865 1068 947 ftopitee
1091 865 1212 929 additis

621 992 623 998 ⁴
690 976 860 1039 clerorum:
883 993 998 1054 neque
1019 974 1180 1036 omissos
1201 972 1342 1036 colores

690 1082 780 1146 tuac
802 1081 919 1161 refert
941 1079 1127 1144 medicato
1147 1079 1245 1159 foco,

690 1225 745 1271 ece
765 1227 840 1270 cero
862 1206 970 1286 ottus,
993 1224 1063 1268 oum
1086 1204 1178 1268 semel
1201 1204 1323 1282 erodit,

602 1313 646 1377 30
690 1317 781 1377 cerret
800 1312 910 1393 reperti
932 1310 1141 1375 deteienbus.

364 1422 414 1486 De
432 1421 590 1487 militibus
608 1417 769 1486 Romanis
781 1419 931 1483 videlicet
951 1420 1032 1503 (non
1051 1421 1088 1482 ut
1105 1418 1160 1482 ille
1180 1417 1361 1482 somniabat
1374 1414 1597 1502 Poenorum*)

365 1526 537 1611 militibus)
573 1528 697 1613 agitur,
732 1522 812 1610 quos
847 1530 957 1609 captos
992 1526 1032 1589 ab
1067 1526 1218 1589 hostibus
1253 1546 1294 1589 ne
1328 1546 1405 1589 auro
1441 1520 1597 1589 redimere

365 1636 468 1701 velint
494 1634 641 1720 patribus
669 1638 782 1698 auctor
810 1636 858 1697 est
887 1631 1032 1719 Regulus
1063 1633 1104 1697 ob
1136 1653 1205 1697 eam
1238 1653 1381 1717 causam,
1413 1633 1490 1715 quia
1521 1652 1598 1695 vera

366 1744 469 1807 virtus
500 1740 572 1807 cum
603 1740 701 1806 semel
731 1740 886 1805 exciderit
914 1740 1029 1824 reponi
1059 1740 1272 1804 deterioribus
1297 1746 1369 1803 'non
1398 1742 1501 1822 curet,
1530 1727 1645 1802 non10·

366 1850 469 1935 magis
492 1849 600 1913 hercle
623 1870 720 1933 quam
743 1849 914 1911 lanaeum
937 1848 1037 1912 semel
1059 1847 1216 1912 medicata
1239 1850 1289 1910 est
1312 1847 1386 1911 fuco
1410 1845 1478 1910 sive
1496 1849 1533 1909 ut
1552 1847 1598 1909 ait

365 1956 491 2021 Ennius
515 1956 635 2020 imbuto
657 1961 702 2020 ert
722 1975 835 2019 veneno
858 1954 977 2019 referre
1006 1953 1141 2018 amissos
1170 1953 1294 2018 colores
1317 1952 1347 2017 h.
1372 1976 1397 2018 e.
1425 1953 1598 2037 pristinum

366 2063 539 2127 candorem
565 2066 682 2146 potest.
718 2060 787 2149 ¹Sic
815 2060 900 2125 onim
927 2060 1007 2125 haec
1034 2059 1161 2125 Horatii
1188 2060 1287 2124 rerba
1314 2082 1383 2124 esse
1412 2059 1598 2144 accipienda

366 2169 549 2235 censuimus
582 2191 655 2234 oum
688 2169 864 2253 plerisque,
897 2190 1092 2252 quamquam
1119 2167 1337 2252 Kiesslingius
1370 2165 1466 2231 aliam
1498 2165 1597 2229 inter-

365 2276 512 2361 pretandi
537 2275 623 2339 viam
647 2276 810 2362 ingressus
830 2277 962 2340 emissos
980 2276 1093 2340 colores
1112 2273 1174 2337 dici
1192 2273 1297 2338 voluit
1315 2295 1381 2339 non
1399 2274 1597 2357 primitivam

365 2383 458 2448 lanae
480 2386 629 2447 naturam
653 2383 709 2447 red
730 2385 877 2466 receptos
900 2382 1087 2447 venenando
1112 2382 1247 2464 colores,
1276 2381 1331 2464 qui
1360 2383 1519 2445 vetustate
1547 2380 1597 2444 de-

365 2489 493 2574 pravati
515 2488 644 2553 restitui
666 2511 733 2553 non
755 2490 890 2574 possint.
937 2487 1029 2565 Quod
1055 2510 1134 2571 quas
1157 2489 1298 2552 rationes
1321 2486 1439 2552 habeat
1457 2508 1524 2551 non
1544 2486 1599 2552 ob-

367 2618 496 2661 scurum
521 2600 582 2679 est,
611 2596 667 2661 sed
690 2594 852 2679 quomodo
877 2617 949 2659 cum
972 2595 1097 2679 reliqua
1119 2596 1291 2676 sententia,
1321 2594 1372 2659 cui
1396 2615 1525 2658 necesse
1549 2598 1599 2658 est

369 2702 474 2767 simile
497 2704 660 2787 inserviat,
683 2703 874 2767 concilietur
897 2702 1092 2785 ambiguum.
1139 2700 1223 2766 Illud
1242 2706 1349 2766 autem
1367 2700 1462 2765 facile
1480 2700 1599 2765 intelli-

311 2816 352 2873 lt
367 2810 456 2896 gitur
480 2831 550 2874 cum
569 2810 631 2876 heo
649 2808 829 2875 Horatiana
852 2810 1011 2874 sententia
1034 2808 1074 2874 ab
1097 2807 1205 2873 Ennio
1229 2809 1411 2874 institutam
1435 2829 1598 2894 compara·
1612 2810 1646 2851 ’Ψ

366 2917 501 3000 tionem,
529 2919 557 2981 si
580 2917 710 3001 quidem
738 2939 776 2981 ex
805 2921 896 3000 parte
924 2916 1066 2981 iudicare
1093 2917 1169 2981 licet
1197 2917 1235 2980 de
1262 2920 1347 2998 toto,
1376 2917 1497 3000 optime
1524 2939 1598 2981 con-

366 3023 475 3087 venire
497 3023 650 3108 potuisse.
696 3023 743 3089 Ut
766 3025 794 3088 si
819 3023 882 3088 fuit
910 3023 995 3107 apud
1017 3023 1159 3089 Ennium
1184 3022 1328 3108 Regulus
1356 3024 1391 3087 in
1419 3028 1531 3088 senatu
1560 3023 1599 3088 de

325 3199 326 3202 Ἴ
367 3130 504 3215 captivis
534 3129 690 3195 Romanis
721 3131 818 3195 verba
848 3131 982 3215 faciens,
1012 3130 1098 3214 quod
1130 3130 1280 3195 credibile
1311 3135 1372 3211 est,
1403 3153 1599 3214 quamquam

366 3236 458 3302 nullo
482 3241 569 3314 certo
594 3237 713 3303 indicio
737 3239 954 3322 confirmatur,
977 3239 1018 3302 ad
1040 3238 1137 3302 huius
1162 3239 1339 3302 orationem
1358 3239 1414 3302 illa
1433 3259 1501 3301 esse
1520 3238 1606 3301 refe--

303 3375 305 3379 ·
366 3343 466 3408 renda
487 3344 656 3427 probabile
680 3345 729 3409 sit.
775 3344 820 3408 Et
852 3345 892 3408 ad
919 3345 1081 3431 Regulum
1114 3345 1242 3429 quidem
1271 3344 1472 3429 probabilius
1502 3367 1598 3429 quam

367 3451 408 3516 ad
431 3450 530 3514 alium
553 3453 661 3516 nescio
686 3474 795 3536 quem:
824 3453 975 3536 quoniam
1005 3446 1101 3516 etiam
1125 3452 1205 3516 aliae
1228 3453 1324 3517 huius
1348 3453 1474 3538 generis
1502 3452 1599 3515 disce-

367 3558 530 3642 ptationes
548 3557 670 3624 Romae
689 3560 828 3642 fuerunt,
847 3559 936 3622 velut
953 3557 988 3622 T.
1008 3558 1150 3622 Manlius
1169 3558 1351 3642 Torquatus
1370 3559 1456 3642 apud
1470 3559 1598 3622 Livium

367 3663 457 3751 (XXII
472 3662 529 3752 60)
558 3669 633 3749 post
661 3687 802 3752 pugnam
829 3663 1026 3729 Cannensem
1055 3667 1199 3748 captivos
1223 3688 1262 3728 ex
1286 3687 1323 3729 ea
1345 3687 1456 3750 pugna
1479 3664 1598 3729 milites

367 3771 530 3836 Romanos
558 3794 624 3836 non
652 3794 720 3837 esse
749 3772 951 3837 redimendos
979 3773 1012 3835 in
1039 3777 1151 3836 senatu
1175 3773 1354 3857 ponderosa
1378 3772 1522 3836 oratione
1546 3794 1599 3835 ex-

367 3879 484 3960 posuit.
533 3877 595 3942 Sed
617 3901 675 3944 nos
699 3878 871 3944 Horatium
896 3879 987 3962 sequi
1011 3879 1185 3962 malumus,
1214 3878 1268 3962 qui
1299 3879 1397 3942 habet
1421 3883 1505 3942 certe
1528 3901 1598 3942 eam
1613 3879 1646 3921 ’θ

368 3985 568 4068 sententiam,
592 3986 683 4050 ouius
706 3991 831 4070 partem
855 4007 1028 4072 agnoscere
1052 3986 1137 4069 apud
1159 3985 1301 4050 Ennium
1325 3986 1477 4050 videmur.

456 4231 500 4301 *7)
521 4231 566 4304 [lu
583 4248 642 4300 quo
658 4249 689 4304 re
707 4235 802 4290 tamen
821 4250 878 4288 non
897 4231 1099 4303 negligendum
1118 4235 1162 4286 cst
1176 4232 1344 4298 Ciceronem,
1364 4232 1413 4301 qni
1431 4232 1537 4287 multus
1557 4236 1606 4286 est
1645 4254 1661 4292 s

367 4320 402 4374 de
421 4320 524 4391 Reguli
548 4337 615 4374 casu
633 4322 664 4375 in
682 4321 783 4376 officiis
803 4342 835 4374 111
850 4338 872 4374 c.
888 4327 992 4376 26-31
1014 4323 1043 4374 et
1061 4322 1202 4391 cogitasse
1220 4321 1313 4390 ipsum
1332 4324 1361 4375 et
1379 4321 1519 4391 Regulum
1538 4313 1600 4391 agi-

366 4412 427 4464 tare
446 4409 569 4465 voluisse
589 4411 624 4466 de
642 4411 818 4466 remittendis
838 4411 995 4465 Poenorum
1013 4411 1146 4480 captivis3
1166 4414 1195 4464 et
1213 4429 1383 4479 quamquam
1402 4411 1470 4465 ibid.
1486 4416 1549 4478 118,
1565 4416 1605 4464 ὅθ’

363 4498 402 4554 ‚de
420 4499 537 4568 captiuis
555 4501 754 4555 accumulandis
772 4501 912 4571 Regulum
930 4500 1049 4554 Romam
1069 4517 1129 4555 esse
1148 4501 1265 4554 missum
1284 4501 1391 4567 scribit,
1410 4500 1508 4554 statim
1525 4499 1605 4554 hanc

368 4586 509 4656 duplicem
533 4604 646 4642 causam
672 4591 787 4658 aparte
806 4590 1007 4644 reddendorum
1025 4591 1195 4658 captiuorum
1214 4590 1349 4659 disputat.
1388 4589 1492 4644 Contra
1509 4587 1600 4644 Hora·

364 4661 439 4730 tium
460 4679 588 4746 apertum
607 4680 651 4732 cst
673 4695 754 4732 suum
773 4678 911 4748 h'egulum
935 4678 991 4732 nisi
1011 4679 1047 4734 de
1064 4680 1235 4733 redimendis
1253 4680 1443 4734 Romanorum
1461 4676 1606 4731 militibus

366 4780 421 4817 non
436 4765 610 4835 cogitantem
624 4783 676 4821 nec
691 4770 818 4822 orantem
832 4769 938 4835 1‘acere3
957 4767 1043 4836 idque
1059 4767 1192 4822 credibile
1207 4771 1250 4822 est
1265 4769 1333 4835 item
1348 4769 1377 4821 in
1392 4782 1500 4820 versum
1514 4765 1603 4842 Ennii

364 4851 467 4911 cadere
486 4871 570 4923 quem
588 4855 728 4927 dicimus]
795 4868 797 4873 '
1304 4852 1306 4857 ’
