3967 5725
415 1565 490 1638 LII.
518 1564 671 1637 INDEX
699 1565 980 1637 LEOTIONUM
1008 1565 1337 1638 HIBERNARUM
1365 1565 1570 1658 1900J1901.

339 1752 358 1806 8
474 1739 664 1825 Repetimus
695 1740 918 1824 prooemiandi
950 1761 1047 1806 causa
1079 1763 1161 1825 quae
1193 1744 1268 1806 ante
1301 1740 1362 1805 hos
1395 1763 1450 1805 sex
1482 1761 1608 1806 menses

374 1847 486 1913 eodem
500 1850 572 1913 loco
591 1849 779 1932 imperfecta
793 1848 1004 1912 destituimus.
1029 1847 1185 1916 Restabat
1198 1849 1284 1913 enim
1298 1848 1333 1912 in
1342 1847 1464 1933 Hippia
1478 1848 1608 1931 maiore,

375 1977 394 2018 a
422 1977 485 2039 quo
513 1955 642 2040 dialogo
670 1958 740 2020 tum
769 1955 945 2020 disserendi
973 1955 1139 2020 materiam
1165 1955 1329 2039 duximus,
1355 1957 1445 2020 locus
1469 1976 1552 2020 unus
1576 1958 1608 2019 et

375 2063 469 2146 alter,
496 2062 535 2126 de
559 2063 681 2145 quibus
699 2061 825 2126 utiliter
847 2084 942 2146 posse
966 2063 1124 2146 disputari
1146 2062 1241 2128 nobis
1265 2061 1447 2145 videbatur,
1470 2062 1608 2127 maxime

375 2173 413 2233 nt
435 2170 476 2234 ad
493 2168 638 2235 Platonis
663 2168 841 2234 orationem
863 2173 950 2235 recte
972 2169 1211 2254 aestimandam,
1231 2170 1263 2233 id
1286 2168 1372 2253 quod
1390 2173 1460 2234 tum
1479 2190 1608 2252 quoque

375 2278 562 2363 agebamus,
584 2276 734 2342 nonnihil
756 2277 982 2342 conferremus.
1020 2276 1108 2353 Quae
1132 2276 1159 2344 si
1184 2277 1235 2341 cui
1258 2277 1355 2341 nimis
1377 2276 1502 2341 minuta
1523 2275 1610 2340 vidc-

374 2385 506 2470 buntnr,
529 2388 562 2448 et
579 2388 656 2448 sunt
674 2405 749 2449 sane
767 2384 893 2448 minuta
912 2383 1084 2449 admodum
1104 2387 1136 2448 et
1155 2384 1280 2469 exigua,
1300 2383 1327 2448 is
1346 2404 1454 2448 secum
1472 2385 1609 2466 reputet,

375 2492 443 2555 stili
464 2495 612 2556 naturam
637 2491 779 2556 cuiusvis
802 2490 969 2576 scriptoris
992 2512 1060 2556 non
1083 2512 1177 2574 posse
1197 2490 1327 2575 penitus
1345 2488 1486 2574 perspici
1504 2493 1537 2553 et
1555 2511 1609 2552 ex·

370 2599 500 2683 ‚planari
527 2600 591 2663 nisi
618 2600 729 2664 multis
755 2599 890 2675 minutis
913 2598 1010 2663 rebus
1034 2597 1177 2664 collectis
1201 2601 1233 2662 et
1255 2601 1342 2662 recte
1365 2596 1513 2662 iudicatis
1536 2617 1608 2662 suo·
1622 2616 1649 2657 10

376 2727 437 2790 que
458 2706 531 2770 Ιοοο
554 2706 678 2790 positis,
702 2709 735 2770 et
758 2705 838 2770 illud
862 2726 989 2790 quoque
1014 2705 1076 2770 sibi
1099 2705 1194 2789 dicat,
1218 2725 1289 2770 cum
1307 2703 1417 2790 magni
1436 2703 1540 2768 critici
1558 2706 1610 2768 tot

374 2817 518 2879 veterum
538 2814 729 2898 scriptorum
747 2812 819 2878 loca
838 2834 896 2877 suo
916 2812 1073 2878 arbitratu
1092 2833 1157 2881 non
1177 2813 1246 2878 sine
1265 2812 1380 2897 plausu
1394 2810 1609 2896 depravarint,

374 2942 441 2984 non
463 2941 533 2984 esse
557 2922 643 3004 quod
665 2921 760 2987 nobis
783 2921 966 2987 invideatur
989 2922 1018 2984 si
1041 2920 1215 3007 contigerit
1236 2941 1395 3004 perpauca
1413 2940 1513 3004 eaque
1531 2918 1609 2983 levi-

376 3027 486 3091 densia
517 3026 558 3091 ab
591 3028 721 3094 illorum
751 3028 886 3094 decretis
913 3027 1051 3092 liberata
1078 3027 1324 3113 argumentandi
1350 3027 1540 3113 ambagibus
1569 3027 1610 3091 ad

376 3156 467 3199 suam
490 3134 707 3200 sinceritatem
729 3155 887 3200 revocare.
1000 3156 1001 3159 ’

465 3260 484 3305 1.
518 3240 558 3306 In
576 3241 697 3325 Hippia
711 3242 841 3307 ‘maiore
864 3264 894 3324 p.
913 3242 944 3326 2,
963 3239 1112 3315 2480hz.
1136 3241 1216 3307 haec
1239 3241 1317 3306 olim
1340 3242 1374 3307 in
1397 3241 1491 3305 libris
1514 3240 1608 3304 editis

375 3348 592 3434 vulgabantur

483 3516 486 3520 .
535 3454 599 3521 uui
616 3457 685 3542 ἰτίἰμ
707 3454 1103 3538 ἐπιδείξειςαοιούμενος
1126 3453 1181 3520 καὶ
1206 3456 1318 3523 συνὼν
1337 3468 1406 3533 τοῖς
1424 3454 1513 3531 νέοις
1531 3456 1608 3538 χρή-

536 3587 621 3647 ματα
647 3564 754 3629 πολλά
782 3563 958 3645 εἰργάσατο
985 3560 1040 3628 καὶ
1068 3558 1188 3644 ἔλαβεν
1213 3560 1250 3627 ἐκ
1273 3564 1372 3645 τῆσδε
1395 3572 1453 3646 τῆς
1474 3565 1607 3638 πόλεως.

375 3668 414 3734 In
437 3664 554 3753 quibus
578 3672 701 3754 primus
726 3670 860 3734 offendit
885 3667 1035 3753 Cobetus,
1058 3669 1171 3753 quiin
1194 3668 1393 3754 Mnemosyn.
1412 3691 1485 3735 nov.
1505 3691 1563 3734 scr.
1583 3687 1608 3732 11
1623 3692 1650 3731 sn

377 3776 465 3841 1874
482 3800 513 3861 p.
532 3775 598 3841 250
620 3778 693 3841 loco
717 3776 765 3841 sic
787 3776 948 3861 descripto

750 3887 899 3968 χρήματα
921 3885 1029 3949 πολλὰ
1052 3885 1229 3968 εἰργάσατο
1323 3897 1421 3969 ἔλαβεν

750 3988 786 4063 ἐκ
810 3991 909 4073 adada
932 4000 989 4075 τῆς
1013 3994 1140 4069 πόλεως
1261 4076 1264 4081 1

374 4096 455 4164 haec
477 4097 609 4163 subiicit
632 4096 705 4182 (nos
728 4098 814 4162 enim
839 4097 892 4181 qui
914 4097 1113 4163 discentibus
1133 4098 1302 4173 scribimus
1321 4098 1461 4165 rationes
1481 4119 1609 4182 quoque

376 4204 494 4288 quibus
516 4204 568 4271 usi
592 4208 669 4269 sunt
691 4204 779 4272 docti
803 4204 1030 4273 examinandas
1053 4202 1228 4289 ducimus):
1253 4205 1347 4271 Ρίοἰο
1366 4207 1541 4289 εἰργάσατο
1561 4207 1609 4270 di·

374 4318 464 4377 nerat
481 4318 551 4377 uoto
569 4293 637 4377 aaa.
667 4311 840 4377 Θνοοαείαε
857 4314 893 4377 iu
912 4315 1055 4395 ντονμίοο
1070 4308 1189 4394 ἔλαβεν
1203 4314 1378 4395 adscripsit.
1402 4333 1485 4377 uuae
1498 4312 1610 4394 ἰομίίαν

376 4419 551 4504 εἰργάσατο
564 4420 618 4484 καί
631 4422 757 4500 ἔλαβεν.
778 4420 857 4502 quid
869 4421 972 4484 νοίἰαο
985 4440 1080 4501 aarum
1096 4418 1292 4503 ἐργάζεσθαι
1307 4418 1477 4505 χρήματαί
1491 4419 1608 4485 Herod.

376 4545 388 4589 1
408 4526 452 4592 24
468 4525 598 4608 Ἀρίονα
618 4517 893 4612 ..ἐργασάμενον
915 4527 1064 4608 χρήματα
1087 4528 1213 4611 μεγάλα
1236 4532 1294 4591 κτλ
1318 4533 1345 4591 εἰ
1356 4528 1483 4607 passim
1501 4529 1537 4592 ἰν
1555 4527 1610 4593 hoc

376 4636 444 4715 ἰμεο
467 4633 615 4700 Plutonis
637 4634 709 4716 ἰοοο,
731 4634 831 4701 veluti.
846 4630 949 4697 πλέον
972 4630 1136 4718 ἀργύριον
1159 4633 1223 4700 άπὸ
1248 4635 1369 4718 σοφίας
1393 4641 1558 4719 εἴργασαι,
1582 4642 1611 4701 εἰ

377 4741 459 4806 ὅσον
483 4740 646 4828 ἀργύρεον
669 4745 844 4823 εἴργασμαι
867 4735 947 4821 ἐγώ,
970 4744 998 4806 er
1020 4744 1117 4805 πλείν
1140 4738 1161 4823 ἢ
1183 4742 1388 4827 πεντήκοντα
1411 4740 1466 4807 καὶ
1490 4740 1608 4808 ἑκατὸν
1622 4768 1649 4808 so

340 4852 360 4908 4
378 4858 462 4932 μνᾶς
485 4848 698 4932 εἰργασάμην,
721 4852 749 4911 εἰ
771 4838 862 4927 οἰμαι
885 4841 941 4928 ἐμὲ
964 4848 1065 4911 πλείω
1085 4850 1233 4933 χρήματα
1252 4849 1429 4933 εἰργάσθαι
1449 4848 1468 4931 ἢ
1487 4850 1609 4926 ἄλλους
