3967 5725
723 654 774 704 uu
791 654 944 705 nouam
962 653 1124 705 cecinna
1142 654 1180 705 1v
1195 658 1219 706 4.
1520 651 1587 718 525

354 815 417 880 hoc
436 836 502 879 non
520 837 588 879 esse
602 814 789 880 vaticinium
805 815 1008 900 persuadent,
1028 814 1084 880 sed
1098 815 1252 880 iudicium
1267 835 1345 897 esse,
1364 813 1451 899 quod
1466 813 1589 880 Hanni-

356 921 421 986 bali
440 943 547 986 rernm
567 925 730 1008 gestarum
747 922 837 1004 fides,
856 944 935 1006 quas
949 920 1032 988 vidit
1052 925 1083 986 et
1097 925 1248 1006 expertus
1266 925 1323 1005 est,
1342 921 1491 988 excussit.
1516 919 1588 987 Hoc

354 1031 463 1092 antem
482 1028 600 1093 iudicio
620 1028 659 1092 de
674 1026 799 1093 Claudii
817 1028 912 1093 rebus
931 1029 1019 1094 facto
1039 1027 1126 1112 quod
1144 1027 1299 1094 Horatius
1320 1028 1496 1094 orationem
1516 1048 1589 1093 oum

354 1137 495 1199 carmine
523 1135 611 1198 finiri
639 1135 757 1218 voluit,
785 1135 881 1200 simul
909 1139 1074 1201 assecutus
1098 1139 1160 1219 est,
1185 1139 1222 1202 ut
1245 1136 1476 1200 sententiarum
1501 1134 1589 1218 ord0,

355 1263 452 1325 quem
476 1262 609 1305 exorsus
633 1245 701 1306 erat
725 1243 764 1306 ab
788 1242 841 1306 his
864 1239 937 1329 (37)

659 1349 737 1430 quid
759 1349 874 1428 ducas,
898 1373 915 1414 o
939 1349 1050 1429 Rorua,
1074 1349 1251 1416 Neronibus

659 1457 744 1522 testis
767 1455 953 1522 Metaurum
975 1456 1093 1537 fluueu
1115 1463 1143 1522 et
1165 1456 1351 1522 Hasdrubal

659 1563 802 1643 duiuu,

355 1669 403 1733 aie
430 1673 468 1734 ut
494 1691 552 1753 par
578 1668 643 1733 fuit
670 1668 781 1734 eadem
808 1670 962 1735 redeunte
990 1670 1149 1737 sententia
1177 1669 1217 1735 ad
1244 1669 1341 1735 finem
1370 1691 1464 1735 suum
1493 1668 1589 1733 dedu·

355 1780 491 1859 caretur,
514 1797 551 1840 eo
576 1776 706 1861 gravius
730 1777 817 1859 quod
840 1798 906 1841 non
930 1799 968 1842 ex
991 1781 1106 1861 poetae
1125 1781 1231 1842 mente
1251 1777 1306 1842 sed
1324 1776 1429 1842 hostis
1448 1796 1503 1842 ore
1526 1774 1588 1842 hoc
1604 1802 1628 1844 ιο

356 1883 444 1965 quod
468 1886 517 1947 est
539 1883 675 1947 eximiae
694 1882 798 1947 laudis
818 1884 986 1967 profertur.
1020 1883 1180 1968 Loquitur
1197 1888 1305 1950 autem
1324 1887 1357 1951 et
1375 1882 1589 1948 Hannibalem

356 1991 541 2074 loquentem
565 1989 645 2053 facit
668 1989 786 2073 plurali
813 2011 947 2055 numero
970 1990 1049 2071 quid
1070 1990 1179 2056 debeas
1202 1990 1380 2056 Neronibus
1403 1994 1435 2055 et
1456 1989 1505 2055 ru'b
1527 2009 1590 2055 uou

350 2097 523 2178 perfieiuub
547 2095 703 2161 Claudiae
725 2117 847 2176 marus,
872 2118 1066 2181 quamquam
1090 2117 1149 2162 nec
1169 2095 1325 2161 Horatius
1347 2118 1406 2163 nec
1426 2093 1589 2161 Hannibal

357 2201 430 2286 plus
450 2223 546 2285 quam
563 2223 664 2266 unum
684 2200 717 2267 Ο.
737 2200 907 2268 Claudium
926 2199 1090 2269 Neronem
1109 2203 1277 2289 cogitavit:
1300 2224 1397 2288 prave
1417 2202 1502 2268 enim
1523 2204 1591 2286 qui-

356 2308 431 2372 dam
450 2308 501 2372 his
520 2307 710 2392 ampliorem
730 2308 795 2373 vim
820 2309 968 2374 tribuunt
990 2313 1027 2374 ut
1051 2307 1219 2375 Claudium
1239 2309 1403 2374 Drusum
1426 2306 1588 2375 Neronem

356 2415 606 2499 amplectantur,
634 2415 686 2479 cui
714 2415 777 2481 hoc
805 2438 958 2502 magnum
987 2421 1037 2481 est
1065 2417 1272 2501 praeconium
1301 2416 1387 2500 quod
1414 2417 1517 2502 ipsius
1540 2436 1590 2482 res

357 2522 520 2606 praeclare
548 2525 659 2608 gestae
686 2523 872 2588 memoriam
905 2525 1101 2588 suscitarunt
1132 2544 1239 2590 rerum
1272 2543 1352 2609 quas
1381 2521 1413 2588 0.
1437 2520 1589 2588 Claudius

356 2627 456 2707 Nero,
479 2651 562 2693 unus
587 2649 625 2694 ex
643 2629 820 2694 maioribus
844 2629 922 2713 eius,
944 2631 1104 2697 tumultus
1124 2629 1331 2696 Hannibalici
1349 2633 1495 2716 tempore
1518 2649 1590 2695 cum
1711 2663 1713 2670 ·

357 2757 418 2799 sua
439 2735 526 2800 fama
549 2740 581 2800 et
604 2735 708 2800 salute
735 2736 825 2802 urbis
849 2736 993 2820 perfecit.
1031 2735 1147 2822 Neque
1170 2742 1238 2803 erat
1262 2736 1349 2823 quod
1373 2736 1527 2804 Horatius
1552 2735 1591 2802 ad

358 2841 457 2908 Drusi
480 2866 541 2926 res,
565 2866 644 2929 quas
667 2844 774 2930 priore
794 2844 946 2911 carminis
970 2847 1061 2932 parte
1080 2848 1249 2912 exsecutus
1271 2849 1348 2929 erat,
1370 2848 1446 2930 post
1468 2842 1590 2911 Hanni·
1604 2870 1631 2911 ao

358 2950 441 3015 balis
460 2952 639 3017 orationem
659 2952 858 3017 interiectam
877 2956 1090 3018 reverteretur
1108 2953 1186 3037 ipre,
1209 2953 1296 3036 quod
1319 2953 1347 3017 si
1366 2952 1450 3019 forte
1469 2954 1591 3017 nostra-

357 3056 447 3122 tibus
470 3059 636 3141 placuerit,
659 3062 804 3123 veterum
827 3060 1059 3124 consuetudine
1082 3058 1277 3145 repudiatur.

448 3162 570 3229 Tantae
592 3165 688 3229 molis
716 3169 798 3247 erat,
824 3186 891 3231 non
914 3166 1050 3232 condere
1073 3164 1196 3247 urbem,
1220 3164 1276 3229 sed
1300 3185 1397 3229 uuam
1422 3164 1590 3248 stropham

358 3269 510 3334 carminis
528 3269 700 3334 Horatiani
723 3292 764 3334 ex
786 3270 947 3336 erroribus
970 3272 1088 3355 quibus
1112 3271 1239 3336 obtecta
1257 3270 1381 3336 iacebat
1403 3269 1592 3355 protrahere

359 3374 603 3459 intellectuique
629 3380 742 3441 nostro
771 3377 965 3461 patefacere,
993 3381 1026 3443 et
1054 3381 1148 3441 erunt
1179 3376 1235 3461 qui
1267 3376 1367 3442 tantis
1400 3375 1590 3463 ambagibus

357 3480 546 3563 disputandi
569 3482 632 3547 hoc
655 3481 760 3547 ‘nihil’
786 3482 934 3547 effectum
958 3504 1028 3547 esse
1051 3482 1190 3566 rideant,
1213 3484 1269 3548 sed
1291 3504 1350 3549 nos
1374 3483 1591 3550 consolabitur

360 3584 508 3651 Socrates
533 3588 589 3671 qui
612 3589 659 3653 ait
680 3599 832 3676 κρεῖττον
854 3591 919 3675 γάρ
942 3611 1009 3655 που
1033 3590 1173 3675 σμικρὸν
1197 3584 1235 3655 εὖ
1257 3588 1277 3675 ἢ
1297 3592 1383 3657 πολὺ
1402 3592 1445 3676 μὴ
1470 3591 1591 3668 ἱκανῶς

356 3701 509 3776 περᾶναι.
542 3693 609 3760 Ser.
633 3717 675 3788 m.
693 3695 799 3780 Aprili
823 3717 850 3760 a.
869 3711 1056 3762 uncccclv.
