3967 5725
396 747 463 810 522
607 750 665 800 LX.
684 749 799 799 INDEX
817 749 1031 800 LECTIONUM
1048 749 1289 800 HIBERNARUM
1309 746 1439 816 1904s05.

395 912 436 976 ab
453 916 564 976 senatu
582 911 694 975 bdlum
710 916 842 992 pareret:
861 910 1039 975 audendum
1054 910 1179 991 aliquid
1190 911 1402 992 improvisum,
1420 909 1628 990 inopinatum,
1647 913 1663 968 8

395 1019 479 1100 qnod
500 1024 636 1099 eoeptnm
658 1038 722 1082 non
740 1018 891 1082 minorem
914 1017 1002 1099 apud
1019 1018 1099 1082 cloes
1116 1037 1211 1098 qnam
1229 1017 1326 1082 bostes
1344 1022 1490 1082 terrorem
1506 1017 1629 1098 faceret,

391 1131 604 1207 perpetratum
626 1126 663 1188 in
690 1145 841 1206 mopnam
869 1124 1023 1188 laetitiam
1051 1144 1089 1188 en
1117 1143 1231 1205 mapno
1258 1129 1340 1188 ment
1362 1129 1495 1201 aenou,
1518 1123 1630 1188 litteris

396 1231 613 1297 Hasdrubalis
634 1231 771 1296 Romam
798 1231 844 1295 od
869 1237 1012 1295 senatum
1035 1231 1153 1309 missis,
1177 1230 1272 1296 simul
1295 1236 1323 1294 et
1344 1231 1411 1312 ipse
1427 1235 1537 1312 patres
1559 1248 1629 1294 eon-

394 1339 524 1420 scriptos
550 1339 629 1420 qnid
649 1343 783 1419 pararet
809 1339 908 1402 edocet
934 1343 963 1401 et
988 1342 1024 1402 ut
1050 1357 1120 1402 aum
1147 1338 1183 1400 in
1217 1336 1347 1404 Umbria
1373 1356 1405 1402 se
1431 1356 1629 1402 ocomsnrum

395 1445 582 1510 Hasdrubal
602 1446 701 1526 freni
727 1444 843 1510 scribat
869 1444 1018 1526 lapionem
1046 1465 1067 1508 a
1082 1442 1204 1526 ‘Capru
1227 1443 1363 1508 Romam
1385 1447 1555 1522 arcessant,
1580 1443 1627 1506 di·

395 1552 504 1616 lectnm
521 1552 642 1617 Romae
663 1551 804 1629 babeant,
827 1551 993 1616 maritum
1016 1550 1173 1616 urbanum
1192 1551 1237 1615 ad
1253 1551 1417 1614 Narniam
1435 1551 1514 1615 hosti
1537 1569 1628 1631 oppo-

393 1665 481 1723 nant.
489 1660 663 1740 praemissi
675 1660 748 1723 item
759 1679 817 1740 per
830 1679 942 1740 aprum
956 1657 1152 1736 Larinatem,
1168 1657 1402 1736 Mmruoinum,
1421 1656 1627 1734 Frentanum,

394 1765 647 1848 Praetutianum,
669 1786 733 1847 qna
756 1766 921 1830 monem
940 1766 1089 1830 ducturus
1111 1769 1185 1843 mat,
1208 1770 1243 1828 nt
1260 1783 1366 1830 omnes
1383 1784 1420 1828 en
1438 1764 1526 1846 apris
1543 1761 1627 1828 urbi·

352 1897 380 1937 10
394 1873 507 1955 busque
529 1878 714 1938 commeatus
734 1878 869 1953 paratos
897 1871 994 1936 militi
1021 1872 1066 1936 ad
1091 1872 1272 1936 oesemdum
1298 1872 1335 1935 in
1356 1871 1443 1936 aiam
1466 1871 1626 1950 deferrent,

392 2000 483 2061 equos
505 1980 702 2061 iumentaque
724 1980 793 2044 alia
809 1981 1015 2061 producerent
1037 1983 1073 2042 nt
1093 1977 1300 2042 rebioulornm
1321 1979 1414 2058 fessis
1436 1978 1525 2058 eopia
1544 1982 1625 2040 esset.

392 2085 442 2150 De
464 2088 527 2151 hoo
551 2090 617 2151 tam
641 2085 753 2150 audaci
778 2086 918 2150 consulis
940 2086 1057 2150 itinere
1080 2084 1202 2149 Romae
1227 2085 1304 2168 quid
1328 2085 1549 2169 cogitaverint,
1572 2081 1625 2146 his

391 2193 499 2257 verbis
523 2192 704 2258 declaratur
727 2214 752 2257 c.
771 2193 824 2277 44,
844 2193 864 2256 2
892 2199 997 2258 castra
1019 2213 1119 2275 prmo
1142 2192 1359 2257 Hannibalem
1381 2192 1495 2256 bostem
1517 2190 1625 2255 rdieta

388 2302 459 2365 sine
481 2302 563 2380 dnae,
587 2319 656 2364 cnm
679 2301 813 2364 moritu
835 2300 886 2364 oui
904 2300 1075 2364 detractm
1096 2300 1176 2379 foret
1193 2319 1282 2363 omne
1300 2299 1382 2379 qnod
1398 2297 1525 2376 roboris,
1544 2299 1626 2377 qnod

388 2407 480 2486 floris
499 2409 613 2488 fuerit:
641 2413 669 2471 et
690 2407 844 2472 consulem
870 2407 907 2470 in
929 2406 1076 2471 Lucanos
1097 2406 1266 2471 ostendisse
1289 2406 1354 2484 iter,
1379 2424 1447 2469 mm
1471 2403 1625 2468 Picenum

389 2519 419 2577 et
443 2513 588 2578 Galliam
605 2518 729 2594 peteret,
752 2519 856 2578 castra
878 2514 1102 2595 relinquentem
1130 2513 1222 2578 nulla
1244 2512 1313 2577 alia
1334 2532 1369 2576 re
1391 2513 1507 2576 tutiora
1529 2531 1624 2592 qnam

388 2640 492 2684 errore
510 2619 614 2699 bostis,
633 2621 688 2700 qni
706 2621 813 2684 dncem
831 2621 906 2684 inde
924 2626 1015 2700 atque
1032 2621 1182 2684 eneroitm
1193 2625 1319 2700 partem
1338 2618 1441 2684 abesse
1458 2619 1623 2700 ipnoraret.

388 2728 468 2807 qnid
490 2728 643 2807 futurum,
670 2729 700 2791 si
729 2726 764 2789 id
783 2727 898 2808 palam
924 2727 984 2808 piat
1009 2732 1038 2790 et
1065 2731 1122 2790 aut
1146 2727 1269 2808 insequi
1296 2726 1452 2790 Neronem
1479 2745 1548 2790 oum
1571 2744 1624 2790 sen

389 2833 515 2899 milibus
533 2839 729 2898 armatorum
742 2834 916 2915 profectum
935 2832 1104 2898 Hannibal
1126 2838 1186 2899 toto
1205 2834 1338 2898 moritu
1355 2832 1429 2899 nolit
1446 2837 1503 2898 aut
1519 2837 1623 2897 eastra

347 2964 376 3004 n
390 2941 538 3005 inuadere
559 2942 701 3021 praedae
727 2941 836 3004 relicto
862 2941 930 3005 sine
956 2940 1089 3019 uiribus,
1111 2942 1179 3005 sine
1201 2942 1345 3022 imperio,
1368 2942 1437 3005 sine
1459 2938 1621 3021 numicio?

388 3046 489 3111 Porro
514 3069 538 3111 c.
558 3047 647 3131 46,4
670 3048 715 3111 od
731 3046 847 3112 Senam
866 3052 970 3111 castra
989 3046 1118 3112 alterins
1137 3046 1272 3113 consulis
1290 3053 1379 3112 nant
1397 3052 1426 3112 et
1442 3048 1622 3129 qninpentos

384 3154 483 3233 ferum
500 3153 576 3217 inde
586 3173 705 3235 passus
719 3152 904 3217 Hasdrubal
922 3153 1038 3217 oberat.
1061 3154 1166 3234 itaque
1184 3174 1254 3218 aum
1268 3155 1335 3218 iam
1350 3155 1623 3237 appropinquaret

385 3265 479 3324 teitus
506 3260 660 3325 montibus
685 3259 821 3325 substitit
843 3260 942 3343 Nero,
967 3280 1008 3325 ne
1034 3266 1105 3325 ante
1132 3266 1248 3325 nortem
1268 3262 1620 3349 annemundum,

386 3367 509 3432 silentio
528 3368 661 3449 inpressi
683 3367 723 3430 ab
740 3368 792 3431 sni
810 3368 938 3448 quisque
955 3367 1079 3431 ordinis
1096 3366 1272 3433 bominibus
1290 3368 1326 3431 in
1345 3369 1477 3433 tentorio
1496 3368 1621 3434 abducti

386 3494 455 3539 eum
473 3494 598 3539 summa
616 3474 757 3538 omnium
771 3472 892 3538 laetitia
909 3472 1103 3554 hospitaliter
1121 3475 1318 3556 ennpinutnr
1330 3512 1375 3521 -
1388 3512 1433 3521 -
1452 3480 1484 3539 et
1499 3475 1519 3538 8
1534 3476 1619 3541 Nero

384 3602 449 3645 non
471 3582 601 3645 suadem
623 3582 712 3645 modo
735 3582 789 3645 sed
806 3600 931 3645 summa
953 3600 1008 3661 ope
1030 3601 1120 3645 orare
1138 3582 1260 3660 institit,
1283 3602 1322 3647 ne
1345 3581 1509 3647 consilinm
1526 3603 1619 3649 snum

384 3689 469 3770 qnod
493 3694 593 3752 tntnm
621 3688 760 3753 mleritas
784 3688 905 3769 fecisset
931 3689 1131 3752 temerarium
1159 3689 1310 3753 morando
1331 3689 1485 3770 forment:
1508 3710 1617 3769 errore,

384 3796 440 3876 qui
465 3816 528 3859 non
555 3796 724 3859 diuturnus
748 3796 876 3876 futurus
903 3799 991 3876 esset,
1018 3794 1099 3859 velut
1126 3799 1292 3877 torpentem
1320 3795 1536 3861 Hannibalem
1563 3818 1618 3863 neo

384 3908 487 3967 castra
509 3922 569 3966 suo
591 3904 659 3967 sine
687 3902 762 3966 dnae
787 3901 896 3967 relicto
924 3900 1054 3983 appredi
1080 3921 1135 3965 nec
1157 3902 1202 3966 ad
1223 3903 1411 3983 smuendnm
1433 3924 1466 3969 se
1487 3904 1546 3968 iter
1568 3907 1616 3969 in-

342 4034 370 4074 eo
383 4010 524 4073 tendisse.
547 4015 713 4090 autequam
731 4014 895 4073 semoveat
913 4007 1008 4071 deleri
1027 4009 1192 4072 ennoitnm
1210 4009 1426 4075 Hasdrubalis
1438 4030 1530 4091 posse
1546 4012 1617 4076 red-

384 4117 485 4197 irique
506 4117 542 4179 in
564 4116 728 4196 Apuliam.
769 4116 824 4196 qni
840 4114 1032 4197 prolatando
1059 4116 1198 4196 spatium
1224 4115 1305 4181 hosti
1327 4118 1391 4198 det,
1414 4138 1483 4181 eum
1506 4124 1535 4182 et
1556 4119 1616 4183 illa

381 4229 486 4287 eastra
502 4223 636 4304 prodam
663 4220 845 4286 Harmibali
871 4226 899 4284 et
921 4222 1044 4301 aperire
1065 4222 1101 4284 in
1127 4221 1271 4286 Galliam
1294 4224 1361 4307 iter,
1384 4229 1420 4288 nt
1435 4244 1495 4304 per
1517 4226 1614 4291 otium

380 4328 436 4393 nbi
457 4330 531 4394 uelit
552 4328 752 4395 Hasdrubali
774 4328 988 4409 ooninnpatnr.

471 4432 559 4498 Haec
587 4457 627 4499 ex
653 4432 885 4498 iucundissima
907 4431 1060 4496 Livianae
1088 4435 1282 4499 narrationis
1306 4436 1452 4501 ubertate
1476 4438 1613 4522 sparsim

380 4541 510 4605 sublata
530 4541 587 4624 qui
606 4541 761 4604 attentius
780 4537 1039 4621 consideraverit,
1058 4538 1219 4627 intelliget
1236 4564 1303 4607 non
1321 4542 1447 4607 felicius
1467 4546 1612 4628 potuisse

381 4648 554 4711 Horatium
572 4646 654 4711 inud
674 4645 800 4710 Claudii
819 4644 980 4726 inceptum
1000 4647 1066 4707 tam
1085 4647 1225 4728 prudens
1245 4670 1342 4732 quam
1356 4649 1460 4715 audax
1479 4655 1511 4714 et
1528 4652 1612 4735 peri·
1800 4632 1801 4675 ¹

380 4755 528 4819 culosum
556 4753 662 4818 verbis
694 4751 871 4835 exprimere
900 4770 997 4832 quam
1027 4754 1064 4813 ut
1098 4750 1253 4820 Claudias
1284 4776 1398 4822 manns
1430 4757 1613 4823 dicerentur
1800 4774 1801 4841 l

379 4881 472 4925 aurae
493 4880 619 4943 sapaces
635 4880 696 4940 per
722 4861 815 4921 oouta
842 4854 913 4918 belli
935 4855 1132 4935 erpedioisse
1164 4859 1209 4923 Et
1235 4864 1387 4945 quoniam
1410 4862 1490 4927 haec
1513 4864 1612 4929 verba

378 4972 446 5031 tam
465 4967 560 5051 plene
578 4969 611 5029 et
629 4967 776 5028 accurate
795 4960 843 5025 illi
863 4960 1024 5025 conamini
1039 4966 1331 5047 accommodantur,
1350 4970 1414 5033 iam
1434 4992 1500 5035 non
1519 4970 1611 5036 dubi·
1800 4946 1801 4993 ¹
