3967 5725
705 627 956 691 ouinsmouus
974 627 1286 680 saisrornmnnn.
1545 627 1612 693 295

539 789 649 875 ὥσπερ
683 787 725 854 dv
757 795 792 853 εἰ
814 812 864 866 τις
891 799 961 866 τοῖς
986 791 1154 873 μεγίστοις
1182 793 1347 874 νοσήμασι
1374 794 1613 876 συνισχόμευος

539 894 757 981 διαπράξαιτο
780 896 824 982 μὴ
848 897 980 961 διδόναι
1003 896 1101 980 δίκην
1123 908 1191 962 τῶν
1208 896 1284 982 περὶ
1303 899 1340 964 τὸ
1360 909 1453 984 σῶμα
1471 897 1612 983 ἁμαρτη-

538 1004 652 1089 μάτων
683 1013 753 1081 τοῖς
786 1004 910 1088 ἰατροῖς
942 1003 1040 1087 μηδὲ
1072 1004 1328 1089 ἰατρεύεσθαι
1362 1005 1611 1090 φοβούμενος

539 1110 758 1197 ὡσπερανεὶ
784 1120 876 1187 παῖς
898 1111 940 1175 τὸ
962 1110 1135 1176 κάεσθαι
1158 1111 1223 1176 καὶ
1246 1112 1288 1177 τὸ
1311 1109 1528 1196 τέμνεσθαι
1551 1111 1610 1178 ὅτι

539 1218 741 1301 ἀλγεινόν,
1609 1253 1613 1262 ·

374 1327 450 1410 quis
470 1347 535 1390 non
552 1324 650 1407 videt,
669 1346 735 1389 non
754 1324 860 1388 solum
879 1323 933 1408 agi
951 1323 1050 1388 verba
1067 1321 1150 1408 μηδὲ
1169 1326 1393 1410 ἰατρεύεσθαι,
1414 1348 1496 1411 quae
1514 1325 1611 1392 Hert

376 1453 493 1496 manns
515 1454 588 1497 cum
606 1430 797 1496 Morstadtio
817 1430 956 1515 seclusit,
979 1430 1035 1495 sed
1054 1451 1128 1496 cum
1147 1431 1199 1496 his
1219 1431 1333 1498 intime
1351 1433 1522 1498 coniuncta
1541 1455 1611 1498 esse

374 1560 459 1630 quae
490 1541 704 1624 insequuntur
736 1537 947 1622 φοβούμενος
973 1540 1010 1604 τὸ
1038 1539 1180 1604 κάεσθαι
1208 1537 1262 1604 καί
1290 1540 1328 1604 τὸ
1356 1538 1549 1622 τέμνεσθαιτ
1576 1540 1612 1604 hi

373 1647 462 1711 enim
486 1651 569 1731 sunt,
594 1645 680 1730 quod
703 1667 744 1710 ex
767 1643 889 1731 Gorgia
911 1645 983 1730 ipso
1007 1648 1215 1733 cognoscitur
1238 1644 1318 1734 (456
1328 1647 1359 1712 b.
1377 1646 1441 1712 521
1452 1646 1493 1734 e),
1516 1651 1611 1713 trala-

377 1753 446 1819 tieii
473 1752 562 1818 modi
590 1752 707 1837 quibus
736 1774 872 1819 sanare
899 1752 1014 1818 medici
1043 1754 1160 1818 solent:
1189 1756 1226 1817 ut
1253 1762 1309 1820 aut
1336 1753 1416 1820 haec
1443 1776 1516 1820 cum
1544 1754 1610 1820 illis
1626 1782 1652 1826 ro

373 1859 555 1925 damnanda
583 1860 649 1924 sint
677 1863 733 1924 aut
760 1880 801 1923 nc
825 1854 881 1924 illa
905 1859 1050 1944 quidem,
1078 1881 1159 1945 quae
1183 1861 1210 1924 si
1234 1861 1303 1926 sola
1327 1861 1492 1946 exemeris,
1515 1884 1611 1947 copu-

372 1967 530 2032 labuntur
557 1988 639 2051 quae
666 1989 732 2032 una
758 1966 918 2031 sententia
945 1966 1118 2051 complecti
1140 1989 1207 2031 non
1229 1967 1344 2052 potuit.
1382 1967 1467 2033 Nam
1490 1968 1530 2034 ad
1555 1969 1611 2034 illa

373 2096 458 2157 quae
480 2073 560 2139 dicit
582 2076 626 2159 μὴ
650 2075 781 2139 διδόναι
805 2074 903 2156 δίκην
925 2084 995 2139 τῶν
1016 2072 1092 2159 περὶ
1116 2075 1153 2139 τὸ
1172 2085 1265 2155 σῶμα
1283 2073 1524 2160 ἁμαρτημάτων
1541 2089 1612 2154 τοῖς

374 2183 512 2266 ἰατροῖς,
538 2181 637 2246 simili
660 2205 680 2246 a
702 2180 893 2246 delictorum
916 2181 1045 2267 poenis,
1067 2181 1107 2246 de
1131 2180 1249 2266 quibus
1271 2182 1380 2268 agitur
1403 2181 1537 2270 (olea),
1560 2184 1612 2248 de

375 2291 527 2372 prompto
551 2290 585 2352 in
608 2288 804 2373 morbosque
823 2287 968 2373 corporis
987 2287 1154 2373 translato,
1176 2287 1257 2354 haec
1275 2310 1357 2373 quae
1376 2288 1467 2354 addit
1485 2292 1612 2374 φοβού-

371 2419 474 2479 μενος
496 2396 533 2460 τὸ
556 2394 699 2460 κάεσθαι
722 2395 778 2460 ιιαί
801 2395 838 2459 τὸ
862 2397 1043 2479 τέμνεσθαι
1067 2416 1133 2460 non
1156 2395 1327 2480 pertinent,
1352 2417 1434 2480 quae
1455 2396 1495 2462 cd
1513 2399 1611 2464 verba

371 2498 458 2585 μηδὲ
486 2503 700 2586 ἰατρεύεσθαι
728 2500 842 2585 relata,
869 2505 907 2566 ut
931 2524 990 2586 par
1013 2506 1076 2586 cst,
1104 2524 1177 2568 cum
1199 2502 1251 2566 his
1275 2524 1372 2569 unam
1396 2506 1429 2567 et
1451 2504 1610 2592 integram

372 2609 552 2675 orationem
580 2609 734 2674 efficiunt.
772 2607 835 2672 Sed
863 2609 915 2673 vel
940 2608 987 2673 sic
1009 2609 1072 2673 hoo
1095 2611 1241 2694 exemplo
1264 2614 1411 2695 apparet,
1439 2609 1610 2676 Platonem

374 2738 440 2782 non
462 2716 619 2802 refugisse
643 2739 715 2782 cnm
740 2716 906 2781 translatis
930 2716 1125 2801 coniungere
1148 2717 1294 2801 propria,
1322 2722 1354 2782 et
1379 2717 1458 2784 haec
1482 2717 1616 2802 quidem

372 2823 469 2889 etiam
488 2822 586 2888 latius
605 2822 776 2909 explicata:
795 2823 851 2908 qui
871 2844 953 2909 quae
971 2823 1056 2889 inira
1075 2823 1188 2891 scribit
1207 2824 1241 2889 in
1260 2825 1370 2891 eadem
1391 2825 1651 2910 disputationem

372 2930 497 3018 (4790)
520 2941 587 2996 πᾶν
609 2940 767 2997 ποιοῦσιν
790 2932 874 2996 ὥστε
897 2932 996 3014 δίκην
1018 2931 1063 3016 μὴ
1087 2931 1218 2997 διδόναι
1240 2930 1318 3015 μηδ’
1340 2932 1608 2999 ἀπαλλάττεσθαι

373 3048 434 3103 τοῦ
462 3040 619 3122 μεγίστου
648 3046 751 3103 κακοῦ
780 3041 812 3101 et
835 3037 906 3122 ipsa
929 3042 1066 3122 possunt
1089 3038 1282 3104 documento
1306 3060 1389 3125 esse,
1417 3040 1474 3103 illa
1496 3062 1609 3106 verum

373 3145 520 3210 Platonis
542 3167 675 3229 morem,
697 3165 763 3208 non
785 3144 962 3231 magistelli
984 3146 1133 3229 ineptias,
1155 3168 1233 3229 prae
1256 3167 1291 3209 se
1314 3145 1406 3211 ferre.
1448 3168 1451 3173 ·

465 3251 586 3317 Verum
605 3274 699 3337 quem
718 3274 778 3316 nos
797 3251 984 3317 formandae
999 3253 1155 3317 orationis
1169 3251 1300 3317 modum
1314 3251 1610 3318 Ecclesiazusarum

371 3360 521 3444 exemplo
540 3359 728 3424 confirmare
747 3359 938 3443 studuimus
957 3360 1026 3422 eins
1045 3357 1108 3424 sibi
1122 3356 1217 3422 Plato
1236 3359 1306 3442 ipse
1324 3359 1417 3425 testis
1436 3381 1474 3426 ac
1491 3359 1609 3425 vindex

371 3467 513 3544 exstitit;
540 3487 735 3550 quamquam
762 3467 796 3529 in
820 3487 857 3529 ea
879 3486 913 3529 re
936 3465 1000 3531 hoc
1023 3465 1156 3530 mirifice
1179 3466 1309 3550 accidit,
1337 3471 1375 3531 ut
1398 3466 1425 3531 si
1449 3488 1513 3551 qua
1536 3488 1611 3533 con-

371 3572 525 3639 demnata
542 3578 574 3637 et
592 3572 736 3657 proiecta
755 3572 946 3636 defensitare
964 3570 1047 3635 velle
1066 3571 1211 3657 incipias,
1230 3594 1313 3657 quae
1327 3573 1447 3637 similia
1461 3573 1610 3658 putabas,

373 3686 411 3746 ut
437 3702 547 3746 eornm
575 3680 763 3745 testimonio
790 3683 930 3762 uterere,
958 3700 1052 3763 saepe
1076 3683 1109 3743 et
1132 3680 1203 3763 ipsa
1226 3680 1289 3743 iam
1314 3680 1407 3764 quasi
1431 3682 1610 3765 intercepta

371 3788 517 3854 offendas
535 3810 555 3851 a
574 3787 687 3870 doctis,
710 3787 767 3871 qui
786 3807 850 3871 quo
869 3786 963 3870 plura
981 3786 1071 3851 falsis
1091 3786 1319 3852 additamentis
1339 3786 1518 3852 deformata
1535 3808 1608 3871 pro-

373 3894 529 3979 baverint,
552 3916 590 3958 eo
614 3895 731 3958 certius
754 3894 891 3980 vestigia
909 3893 1151 3979 interpolatoris
1171 3894 1302 3981 agnosci
1322 3893 1385 3959 sibi
1403 3893 1650 3978 persuadentes

372 4000 626 4066 Verumtamen
649 4006 725 4066 sunt
747 4000 903 4085 quaedam
926 4001 1054 4085 similia,
1079 4000 1185 4067 adhuc
1207 4023 1273 4067 non
1296 4005 1411 4067 vexata
1434 4025 1453 4066 a
1476 4001 1608 4071 criticis,

371 4107 493 4193 quibus
519 4107 672 4173 fidentius
699 4112 804 4190 utare,
831 4107 920 4172 velut
947 4108 1026 4173 haec
1054 4129 1136 4192 quac
1160 4108 1273 4174 scribit
1296 4108 1335 4174 de
1356 4108 1523 4195 republica
1545 4128 1609 4174 vm

372 4238 404 4300 p.
424 4214 522 4280 5441>

535 4323 636 4388 πάλιν
655 4324 782 4405 τοίνυν,
800 4322 910 4406 ὥσπερ
929 4325 1120 4407 παλαιστής,
1139 4323 1209 4405 τὴν
1227 4321 1350 4407 αὐτὴν
1371 4324 1496 4408 λαβὴν
1510 4323 1609 4408 πάρ-

536 4452 597 4514 εχε
619 4427 683 4494 καί
706 4430 748 4494 τὸ
772 4428 866 4494 αὐτὸ
890 4426 986 4512 ἐμοῦ
1010 4427 1202 4513 ἐρομένου
1225 4441 1345 4510 πειρῶ
1369 4432 1499 4495 εἰπεῖν
1522 4431 1605 4515 άπερ

536 4538 609 4601 τότε
631 4532 764 4620 ἔμελλες
786 4535 897 4619 λέγειν

372 4648 407 4707 et
430 4644 510 4709 haec
532 4644 567 4707 in
590 4642 701 4707 eadem
724 4661 785 4727 1p.
805 4643 897 4709 3410

536 4756 599 4816 οῖει
622 4750 686 4836 γάρ
709 4752 752 4815 άν
774 4773 814 4834 με
837 4749 925 4815 οὕτω
948 4760 1103 4835 μανῆναι,
1126 4750 1210 4816 ὥστε
1233 4752 1371 4836 ξυρεῖν
1392 4750 1609 4837 ἐπιχειρεῖν

536 4856 679 4923 λέοντα
701 4856 757 4922 καὶ
781 4866 1050 4941 συκοφαντεῖν
1075 4859 1344 4944 Θρασύμαχον.
