3967 5725
401 646 471 712 228
594 648 691 699 XLIV.
710 647 826 698 INDEX
843 645 1059 697 momorum
1076 645 1318 698 HIBERNARUM
1337 644 1469 714 recoles.

403 831 541 895 quorum
568 813 696 894 reperta
720 805 881 872 Schwabii
904 806 1072 894 diligentia
1095 807 1264 872 recensuit.
1302 804 1364 872 Sed
1387 829 1429 871 ue
1450 805 1637 871 haereamus

400 917 572 982 incorum
595 914 729 1000 delectu,
751 914 847 982 nobis
870 914 953 978 nihil
976 913 1084 998 aptius
1106 913 1234 978 videtur
1257 935 1354 997 quam
1378 913 1466 996 quod
1488 910 1578 995 Itali,
1601 915 1638 977 ut
1655 913 1693 970 14

401 1045 512 1108 saepe,
539 1021 680 1108 simplici
707 1022 852 1086 veritatis
881 1042 992 1102 sensu,
1020 1043 1060 1085 ex
1082 1019 1247 1086 levissimo
1271 1041 1380 1085 errore
1401 1023 1639 1104 recuperarunt.

401 1129 456 1194 An
475 1151 548 1195 cum
566 1130 660 1194 tritae
677 1149 768 1194 aures
788 1127 944 1213 dicantur,
964 1149 1045 1212 quae
1063 1149 1124 1192 usu
1144 1129 1176 1192 et
1191 1127 1420 1192 exercitatione
1436 1126 1639 1192 subtiliorem

402 1237 565 1322 quandam
588 1236 690 1302 aciem
714 1239 901 1301 consecutae
924 1239 1009 1316 sunt,
1032 1234 1139 1299 minus
1163 1234 1330 1299 commode
1352 1235 1462 1299 tritum
1485 1232 1640 1318 appellari

402 1348 556 1428 putamus
579 1342 741 1407 homiuem
764 1364 825 1407 usu
847 1342 1000 1425 victuque
1022 1340 1171 1426 inprimis
1192 1340 1375 1406 versatilem
1394 1345 1427 1404 et
1445 1341 1486 1405 sd
1504 1340 1640 1424 quodvis

405 1472 523 1515 munus
546 1451 631 1514 vitae
654 1448 806 1534 habilem3
835 1471 877 1513 an
892 1448 1031 1531 politum
1053 1453 1151 1530 recte,
1176 1469 1242 1512 uon
1265 1451 1358 1513 recte·
1374 1447 1509 1513 eundem
1532 1449 1640 1513 tritum

406 1557 483 1641 dici,
513 1577 707 1641 quamquam
737 1559 851 1620 notum
879 1558 942 1639 est,
973 1559 1147 1640 utrumque
1175 1577 1292 1620 nomen
1319 1577 1359 1620 ex
1386 1553 1498 1619 eodem
1526 1575 1641 1639 genere

406 1663 539 1729 ductum
566 1662 602 1727 in
627 1662 785 1748 figuratae
808 1663 962 1727 orationis
985 1683 1080 1726 usum
1104 1662 1286 1727 traductum
1310 1683 1387 1727 esse.
1425 1659 1489 1726 Sed
1511 1661 1641 1725 fuerant

367 1796 393 1839 ιο
408 1769 514 1854 etiam,
536 1769 591 1853 qui
611 1791 684 1833 cum
702 1771 812 1835 bitum
829 1769 1035 1854 repudiarent
1053 1792 1093 1834 ne
1111 1769 1171 1833 bac
1186 1789 1221 1833 re
1239 1769 1367 1852 quidem
1387 1768 1553 1834 ferendum
1573 1789 1641 1832 esse

408 1879 586 1960 censerent3
610 1897 747 1959 quoram
769 1876 848 1941 olim
867 1873 1012 1962 Scaliger
1029 1876 1085 1941 hoc
1100 1877 1241 1942 reintins
1258 1877 1437 1960 proposuit,
1459 1897 1563 1961 nuper
1579 1875 1641 1940 Lu·

408 1983 540 2050 doricus
550 1982 710 2048 Traubius
724 1982 966 2049 iuLibamentis
982 1983 1101 2048 criticis
1116 2004 1142 2046 a.
1153 1981 1239 2047 1883
1247 1981 1411 2048 Monachii
1424 1981 1520 2048 editis
1530 1982 1641 2066 p.5sq.

406 2091 462 2158 tac
487 2092 658 2169 smoniae,
686 2090 774 2173 quod
800 2089 839 2155 A.
857 2089 987 2155 Rissius
1014 2088 1234 2175 recipiendum
1263 2090 1362 2154 duxit.
1400 2088 1550 2155 Scurram
1577 2111 1642 2156 rem

407 2197 518 2264 tritam
540 2199 593 2262 rel
614 2196 818 2262 tritissimum
840 2201 988 2262 vocatam
1011 2219 1079 2262 esse
1099 2197 1159 2261 etsi
1178 2196 1323 2280 exemplo
1342 2197 1470 2262 firmare
1488 2219 1555 2262 nou
1572 2219 1644 2282 pos·

408 2324 530 2381 snmus,
551 2306 668 2382 tamen,
691 2326 732 2368 ne
754 2326 968 2390 praepropere
992 2303 1181 2369 abiiciamus
1205 2304 1292 2386 quod
1315 2325 1426 2369 verum
1444 2325 1512 2368 esse
1531 2306 1643 2388 possit,

409 2410 472 2475 duo
491 2431 789 2497 commemoramus,
811 2433 912 2476 unum
930 2411 1145 2494 notissimum,
1164 2409 1302 2476 Graecos
1321 2421 1428 2496 χρῆμα
1447 2412 1481 2476 in
1499 2413 1643 2497 personis
1713 2409 1716 2414 ’

408 2517 568 2600 posuisse,
597 2516 684 2600 quod
712 2538 813 2601 genus
836 2516 1027 2582 Theocritus
1051 2517 1163 2582 scribit
1185 2535 1234 2582 xv
1255 2518 1318 2583 145
1341 2518 1379 2583 τὸ
1403 2529 1510 2604 χρῆμα
1533 2520 1643 2603 σοφώ-

409 2646 507 2706 τερον
528 2620 754 2710 (soporatae)
773 2623 794 2687 d
811 2625 942 2706 θήλεια,
966 2622 1083 2690 Strabo
1102 2642 1166 2688 xm
1185 2623 1285 2690 6170
1305 2628 1495 2709 συνήκμασε
1513 2623 1550 2692 di
1568 2627 1644 2692 τού-

409 2753 479 2806 τοις
501 2728 557 2795 καὶ
580 2729 600 2812 ἡ
624 2731 766 2814 Σαπφώ,
788 2733 988 2815 θαυμαστόν
1010 2756 1042 2796 τι
1065 2741 1183 2817 χρῆμα,
1207 2731 1362 2816 Polybius
1381 2750 1432 2800 ΧΗ
1453 2733 1537 2817 15,8
1562 2733 1644 2818 μέγα

369 2864 396 2907 ιο
410 2861 443 2903 τι
473 2834 648 2921 γεγονέναι
680 2846 788 2923 χρῆμα
815 2835 870 2904 καὶ
897 2838 1091 2921 θαυμάσιον
1118 2841 1178 2905 τὸν
1200 2837 1415 2925 Ἀγαθοκλέα,
1446 2839 1541 2908 Plato
1567 2838 1644 2907 Ione

411 2944 508 3009 5341>
536 2952 667 3027 κοῦφον
693 2955 801 3030 χρῆμα
826 2949 976 3030 ποιητής,
1004 2948 1169 3033 multaque
1191 2948 1286 3012 multi
1310 2948 1472 3027 similiter;
1501 2948 1645 3033 alterum,

411 3050 498 3134 quod
521 3072 561 3115 ex
583 3048 790 3117 Immanuelis
813 3052 952 3118 Bekkeri
976 3055 1079 3138 copiis
1103 3054 1271 3121 didicimus
1296 3053 1346 3141 (in
1368 3056 1556 3122 schedarum
1580 3055 1644 3121 Ho-

410 3159 603 3223 mericarum
621 3155 683 3223 vol.
697 3175 723 3220 11
742 3159 897 3242 expositis
916 3182 946 3245 p.
962 3159 1031 3248 85),
1052 3161 1146 3242 niens,
1169 3162 1256 3227 chose
1274 3166 1306 3227 et
1324 3182 1395 3228 cosa
1413 3163 1448 3227 in
1466 3162 1644 3229 Romanen-

410 3264 493 3329 sium
517 3265 636 3329 litteris
659 3286 728 3330 uon
749 3287 822 3331 raro
841 3267 987 3351 personis
1006 3266 1170 3353 applicari.
1206 3268 1253 3335 Ut
1273 3268 1417 3335 Catillus
1437 3269 1524 3335 credi
1543 3272 1647 3356 possit

410 3393 450 3435 ex
482 3372 608 3457 vulgari
636 3394 781 3438 sermone
808 3372 885 3457 hoc,
917 3397 956 3440 ex
984 3396 1049 3458 quo
1078 3378 1193 3460 multa,
1223 3376 1423 3461 repetivisse,
1456 3378 1542 3462 quod
1570 3378 1647 3442 dicit

409 3498 552 3544 sennam
576 3484 633 3543 ant
654 3480 684 3544 si
706 3481 784 3561 qnid
804 3481 864 3546 bac
883 3503 919 3547 re
943 3483 1057 3548 tritine.

500 3582 564 3649 Sed
593 3585 650 3650 illa
677 3586 802 3652 dicendi
828 3589 944 3673 forma,
973 3589 1012 3653 de
1035 3611 1099 3673 qua
1123 3589 1321 3674 disserimus,
1350 3613 1431 3675 quae
1454 3591 1645 3658 cumulando

411 3690 563 3779 adauget,
590 3696 628 3757 ut
655 3691 717 3757 hoc
745 3694 911 3776 addamus,
938 3696 990 3759 usi
1018 3700 1093 3760 sunt
1119 3696 1175 3761 alii
1199 3719 1339 3782 quoque,
1366 3699 1455 3763 velut
1478 3698 1646 3783 Martialis,

410 3803 586 3884 perpetuus
611 3797 731 3864 Catulli
755 3801 908 3886 imitator,
932 3801 1045 3867 scribit
1068 3803 1167 3890 epigr.
1186 3822 1247 3867 xlv
1269 3806 1297 3887 1,
1317 3805 1334 3867 7

372 3931 399 3975 sc
626 3912 700 3972 eunt
721 3909 838 3989 apinae
858 3911 1013 3991 tricaeque
1032 3908 1062 3975 ‘et
1084 3912 1113 3976 ai
1135 3912 1214 3991 qnid
1233 3912 1330 3977 uilius
1350 3914 1433 3993 istis,

412 4030 474 4077 xw
493 4012 535 4077 83

626 4120 780 4201 Defendet
801 4142 916 4187 anonas
936 4123 1012 4188 haec
1033 4125 1179 4206 scapnlas
1202 4126 1357 4190 mordente
1379 4127 1501 4193 molano

666 4228 773 4308 pulice
794 4228 841 4293 vel
862 4231 892 4293 οἱ
914 4231 993 4312 qnid
1008 4230 1115 4313 palice
1136 4232 1304 4297 sordidius.

414 4330 526 4397 Cicero
546 4354 684 4418 quoque,
702 4356 775 4399 cum
789 4333 969 4401 Antonium
988 4337 1034 4402 ita
1053 4338 1195 4423 appellat
1213 4358 1284 4402 cum
1304 4339 1450 4405 irrisione
1466 4338 1515 4426 (in
1529 4339 1647 4406 Anton.

414 4440 478 4503 xm
499 4441 554 4522 11,
572 4437 631 4527 25)
658 4462 734 4507 nove
756 4442 924 4508 Hannibal
951 4450 1007 4509 ant
1033 4446 1063 4509 si
1087 4446 1158 4527 qnia
1180 4447 1300 4511 nontin
1322 4447 1491 4527 imperator
1512 4448 1588 4529 snit,
1616 4452 1648 4513 et

414 4545 527 4616 Livius
553 4564 603 4609 vu
628 4547 684 4632 18,
706 4548 727 4613 6
759 4551 805 4614 vel
831 4571 917 4633 repes
942 4551 989 4616 nel
1021 4553 1205 4617 decemuiros
1231 4553 1278 4617 vet
1304 4556 1334 4618 si
1360 4554 1443 4635 qnod
1464 4556 1586 4619 tristius
1607 4556 1649 4621 sit

417 4653 542 4734 imperii
572 4674 684 4719 namen
710 4658 895 4738 patiendam
923 4678 987 4724 csse
1006 4661 1122 4739 potins.
1163 4659 1288 4725 Plinius
1316 4683 1364 4747 ep.
1388 4680 1424 4725 1v
1448 4660 1467 4725 3
1473 4662 1522 4745 ‚4
1551 4660 1649 4727 Ocili-

415 4758 559 4824 annun
588 4782 636 4826 nne
661 4762 708 4827 cel
730 4762 877 4829 Heroden
904 4764 950 4831 cel
976 4766 1007 4831 si
1034 4766 1112 4847 qnid
1136 4766 1187 4833 bis
1214 4768 1325 4833 nelina
1353 4773 1451 4833 tenere
1472 4768 1648 4846 ananan

416 4865 454 4929 cf.
473 4884 486 4929 1
507 4867 563 4951 18,
582 4874 611 4931 4.
650 4867 805 4954 Apuleius
828 4870 1132 4956 Metamorphoseon
1160 4874 1266 4957 primo
1295 4874 1315 4939 8
1344 4879 1377 4939 bs
1403 4877 1518 4957 cimus
1545 4895 1576 4943 es
1603 4876 1648 4939 ait
