3967 5725
709 646 760 696 DE
778 644 979 696 THEOCRITI
996 645 1145 696 IDYLLIO
1164 644 1225 696 VII.
1523 640 1586 706 189

352 828 435 892 quae
455 828 516 872 nec
538 807 759 892 imperfectam
783 808 974 872 sententiam
992 805 1115 871 habent
1132 827 1236 889 neque
1255 804 1389 869 verbum
1408 807 1586 870 extremum

354 915 572 999 depravatum,
608 914 654 980 Et
677 936 759 999 quae
782 913 955 998 Euripides
978 913 1091 978 scribit
1114 913 1148 978 iu
1171 910 1284 977 Oreste
1309 909 1437 998 1035*)

488 1025 552 1086 ΟΡ.
598 1020 675 1087 τόδ’
696 1016 784 1105 ἦμαρ
808 1021 889 1106 ἡμῖν
910 1021 1043 1104 κύριον·
1067 1020 1121 1085 ἀεῖ
1142 1016 1173 1084 δ’
1198 1018 1219 1103 ἢ
1243 1021 1385 1104 βρόχους

598 1129 716 1193 ἅπτειν
737 1131 943 1214 κρεμαστοὺς
965 1126 986 1211 ἣ
1010 1125 1107 1211 ξίφος
1128 1128 1249 1210 θήγειν
1272 1128 1352 1210 χερί.

477 1239 553 1302 ΗΛ.
599 1238 642 1301 σὺ
664 1237 731 1301 νύν
752 1234 800 1320 μ’,
824 1234 958 1319 ἀδελφέ,
981 1238 1026 1318 μή
1049 1259 1099 1311 τις
1116 1231 1271 1318 Ἀργείων
1293 1232 1413 1318 κτάνη

597 1342 745 1427 ὕβρισμα
768 1342 911 1428 θέμενος
932 1343 993 1406 τὸν
1012 1340 1256 1425 Ἀγαμέμνονος
1279 1343 1391 1424 γόνον.

488 1454 551 1515 ΟΡ.
597 1450 671 1527 ἀλις
692 1450 730 1515 τὸ
754 1451 877 1535 μητρὸς
898 1441 968 1534 αἷμ’
995 1445 1070 1533 ἔχω·
1095 1449 1133 1514 σὲ
1156 1446 1186 1512 d’
1214 1448 1255 1514 ού
1278 1459 1391 1514 κτενῶ.

352 1556 493 1622 Tantum
510 1561 579 1621 erat
597 1557 802 1640 afferendum,
826 1561 863 1621 ut
881 1556 976 1641 plane
994 1555 1239 1641 perspiceretur,
1260 1555 1338 1639 quid
1357 1554 1397 1619 ad
1416 1553 1472 1619 illa
1490 1553 1589 1619 verba

352 1667 396 1730 σὺ
415 1665 480 1729 νύν
497 1661 530 1748 μ’
553 1662 681 1748 ἀδελφέ
695 1685 826 1730 necesse
844 1668 928 1729 esset
947 1685 986 1728 ex
1005 1662 1161 1747 proximis
1180 1662 1352 1749 cogitando
1372 1662 1588 1727 ascisceretur.

352 1769 464 1836 Inonis
487 1771 681 1856 Euripideae
704 1776 780 1836 sunt
801 1769 881 1835 haec
903 1768 958 1858 (fr.
976 1770 1041 1834 417
1062 1771 1110 1836 ed.
1125 1767 1320 1856 nNauckii)
1603 1795 1629 1836 ιο

559 1877 697 1962 κέκτησο
721 1876 752 1944 d’
779 1877 904 1963 ὀρθῶς·
929 1877 971 1942 ἀν
994 1875 1024 1942 d'
1052 1874 1129 1964 έχης
1151 1879 1233 1943 ἀνευ
1255 1879 1381 1961 ψόγου,

557 1984 621 2050 κάν
645 1986 768 2070 σμικρὰ
790 1983 910 2072 σῴζου,
933 1993 973 2070 τῇ
997 1986 1073 2075 δίκη
1096 1982 1232 2062 ξυνοῦσ
1259 1984 1324 2067 ἀεί,

504 2138 511 2152 ,
557 2090 635 2175 μηδ’
662 2093 707 2169 ὡς
728 2093 829 2168 κακὸς
851 2092 1039 2176 ναύκληρος
1062 2086 1100 2157 εὖ
1122 2090 1249 2176 πράξας
1270 2089 1353 2156 ποτέ

560 2202 665 2284 ζητῶν
687 2200 727 2264 τά
749 2197 877 2265 πλείον’
905 2191 974 2263 εἶτα
997 2195 1095 2264 πάντ’
1121 2197 1329 2264 ἀπώλεσεν.

355 2307 444 2385 Quae
466 2306 501 2371 iu
519 2305 652 2391 reliquis
671 2306 718 2372 sic
735 2306 886 2371 videntur
903 2309 990 2371 recte
1010 2304 1117 2388 scribi,
1140 2305 1311 2372 ἀπώλεσεν
1329 2309 1437 2370 autem
1455 2306 1589 2369 verbum

353 2416 475 2499 quippe
503 2414 544 2479 ad
569 2415 673 2480 κακὸν
700 2414 892 2498 ναύκληρον
918 2417 950 2478 et
977 2412 1061 2478 hanc
1088 2413 1282 2478 sententiam
1311 2413 1588 2480 accommodatum

353 2543 451 2606 prave
488 2521 568 2586 olim
604 2521 795 2606 corrigendo
828 2541 944 2607 cogere
976 2521 1167 2603 voluerunt,
1199 2525 1236 2586 ut
1268 2521 1309 2586 ad
1341 2525 1439 2606 caput
1471 2519 1589 2585 rediret

354 2631 388 2692 et
418 2624 501 2711 μηδὲ
532 2627 709 2711 particulae
741 2627 991 2693 adhaeresceret.
1032 2627 1236 2712 Thucydides
1268 2627 1361 2710 182,
1387 2630 1404 2692 λ
1439 2649 1511 2692 cum
1543 2628 1590 2691 ita

354 2735 484 2819 scripsit

487 2839 722 2927 ἀνεπίφθονον
745 2841 793 2926 δέ,
816 2843 890 2909 ὅσοι
909 2843 1020 2929 ὥσπερ
1039 2841 1093 2909 καλ
1112 2843 1205 2928 ἡμεῖς
1223 2841 1279 2909 ὑπ’
1299 2840 1489 2928 Ἀθηναίων
1508 2841 1589 2908 ἐπι·
1603 2869 1630 2910 ιο

533 2952 823 3034 βουλευόμεθα,
847 2953 890 3034 μὴ
907 2949 1070 3033 Ἕλληνας
1092 2953 1197 3034 μόνον
1221 2950 1304 3015 ἀλλά
1325 2949 1380 3015 καλ
1398 2950 1590 3035 βαρβάρους

531 3059 783 3140 προσλαβόντας
805 3058 1032 3141 διασωθῆναι,

353 3162 504 3228 videlicet
526 3163 661 3228 verbum
685 3163 983 3248 ἐπιβουλευόμεθα,
1007 3165 1094 3250 quod
1116 3164 1252 3230 debebat
1271 3166 1311 3230 ad
1330 3165 1414 3248 ὅσοι,
1438 3164 1478 3228 ad
1497 3165 1589 3248 ἡμεῖς

354 3270 511 3355 applicari
534 3270 658 3353 maluit,
682 3292 746 3354 quo
771 3271 893 3335 factum
917 3275 966 3335 est
988 3271 1070 3337 illud
1093 3277 1130 3337 ut
1152 3272 1313 3355 penderet
1349 3270 1532 3354 Xenophon
1555 3270 1590 3334 in

353 3377 559 3442 institutione
583 3375 659 3461 Cyri
681 3396 718 3441 1v
739 3378 814 3461 1‚3
837 3378 888 3442 vel
911 3377 990 3443 haec
1013 3378 1077 3444 sibi
1099 3378 1247 3463 permisit

300 3512 338 3569 11
489 3486 690 3568 Χρυσάνταν
713 3485 814 3551 οὐδὲν
837 3486 949 3551 ἀλλων
972 3485 1087 3570 δέομαι
1111 3487 1363 3569 πυνθάνεσθαι,
1391 3483 1469 3551 ἀλλ’
1492 3485 1590 3560 αὐτὸς

534 3584 609 3657 οἶδα
628 3582 698 3669 οἷος
716 3586 772 3675 ἦν·
795 3595 836 3657 τά
854 3592 915 3677 μέν
934 3594 997 3678 γάρ
1017 3595 1101 3658 ἀλλα
1120 3594 1254 3679 ὅσαπερ,
1276 3586 1377 3677 οἶμαι,
1396 3590 1451 3657 καὶ
1470 3592 1591 3667 πάντες

533 3698 628 3782 ὑμεῖς
650 3697 830 3765 ἐποιεῖτε.

354 3804 440 3871 Nam
464 3804 568 3871 ἐποίει
592 3806 847 3891 exspectabatur,
870 3806 926 3872 sed
949 3806 1100 3891 ἐποιεῖτε,
1124 3808 1164 3872 ad
1187 3809 1308 3884 πάντες
1330 3808 1424 3891 ὑμεῖς
1442 3808 1589 3887 relatum,

355 3912 429 3996 plus
456 3912 567 3997 habet,
599 3916 636 3976 ut
663 3913 710 3978 ait
738 3912 940 3997 Dindorfius,
972 3915 1124 3998 praesidii
1152 3938 1171 3980 a
1197 3914 1290 3979 libris
1318 3936 1416 3997 quam
1444 3912 1589 3996 alterum,
1604 3938 1630 3979 so

357 4018 444 4102 quod
461 4017 555 4083 facile
574 4018 680 4101 quivis
699 4041 853 4104 reponere
872 4024 1008 4105 poterat.
1041 4021 1146 4108 Magis
1165 4022 1262 4086 etiam
1281 4042 1354 4085 cum
1369 4024 1481 4085 nostra
1495 4040 1590 4083 causa

357 4125 527 4190 coniuncta
550 4129 626 4190 sunt
648 4148 731 4209 quae
753 4126 944 4192 Theocritus
967 4126 1080 4192 scribit
1099 4127 1129 4212 5,
1148 4128 1190 4193 28

491 4235 564 4297 ΛΑ.
1092 4239 1141 4311 τίς
1165 4235 1202 4301 δὲ
1225 4235 1392 4319 πορεύσας

610 4341 704 4422 αἰγὸς
726 4344 944 4425 πρατοτόκοιο
967 4343 1074 4407 κακὰν
1096 4344 1181 4421 κύνα
1206 4340 1312 4425 βάλετ’
1340 4341 1509 4425 ἀμέλγειν,

358 4467 573 4477 ———-——-

446 4550 492 4619 '2)
512 4550 581 4622 [Ubi
604 4552 745 4619 quaedam
768 4552 801 4606 R.
820 4553 960 4607 Persouus
984 4554 1014 4607 et
1037 4551 1069 4605 G.
1084 4552 1118 4607 Η.
1135 4551 1301 4608 Sohaoferus
1324 4554 1529 4619 memorarunt3
1553 4553 1590 4606 ad

353 4638 484 4721 ,eiusdem
506 4640 671 4712 tragoediae
691 4660 716 4696 v.
736 4647 788 4696 643
811 4645 885 4713 (632)
913 4640 931 4695 ἃ
955 4639 983 4696 d'
1011 4642 1105 4713 ἔλαβες
1128 4640 1249 4709 ἀπόδος,
1277 4642 1383 4711 πατρὸς
1405 4642 1473 4711 ἐμοῦ
1497 4642 1590 4713 λαβὼν

356 4726 444 4797 πάρα.
474 4730 508 4783 ού
531 4726 651 4801 χρήματ’
677 4724 770 4785 εἷπον·
794 4727 923 4801 χρήματ’,
947 4727 983 4798 ἢν
1006 4730 1102 4800 ψυχὴν
1126 4729 1195 4801 ἐμὴν
1219 4731 1339 4804 σώσης,
1363 4730 1434 4800 ἅπερ
1459 4751 1506 4801 μοι
1529 4728 1590 4799 φίλ-

356 4813 417 4870 τατ’
443 4817 500 4873 ἐστὶ
522 4827 578 4873 τῶν
603 4818 676 4888 ἐμῶν
699 4819 763 4873 vide
787 4820 818 4874 G.
838 4820 1038 4875 Hermannum.
1075 4819 1220 4875 Nonnulla
1243 4820 1331 4877 etiam
1353 4821 1525 4875 Rannowius
1549 4822 1590 4874 at-

357 4905 426 4960 tulit
443 4906 461 4961 l.
477 4924 498 4961 s.
514 4908 550 4979 c.]
