3967 5725
617 592 667 641 nn
685 590 844 642 nameus
863 590 1058 642 onamorus
1077 589 1339 642 canuaninis.
1529 586 1594 653 233

576 758 610 817 ta
633 752 702 816 ticet
723 773 745 816 ο
767 750 846 816 Pico
867 771 1010 816 maneres
1030 771 1140 834 panus,
1163 751 1288 833 ultaque
1309 752 1339 816 ot
1361 756 1390 817 te

574 860 705 924 αοιιιιιιο
728 857 890 938 delectam,
912 877 1034 923 omnam
1058 859 1212 924 Titanida
1228 879 1373 942 μαγααιιι

540 973 543 976 ’
574 967 656 1031 inter
677 965 996 1048 ιιιαέοτοειμεαιιιραο
1018 964 1207 1030 Promethea,
1218 985 1331 1047 panos.

362 1072 446 1150 Quid
472 1095 550 1159 ergo
578 1072 667 1157 miri,
693 1071 843 1158 Euripidi
865 1093 907 1136 ne
929 1071 1009 1136 satis
1033 1071 1162 1156 quidem
1184 1071 1285 1136 fuisse
1307 1069 1384 1136 Iove
1407 1076 1518 1137 natum
1542 1095 1593 1157 ap·

360 1180 491 1265 pellare,
511 1179 570 1244 'sed
593 1179 690 1244 altius
708 1178 806 1244 etiam
825 1179 1048 1244 ascendentem
1066 1177 1218 1244 maluisse
1236 1179 1380 1244 melioris
1398 1177 1474 1244 Iove
1492 1181 1594 1264 patris

359 1287 466 1352 filium
492 1287 565 1352 dici.
601 1285 716 1370 Itaque
743 1289 776 1350 et
801 1287 908 1369 Ζηνὸς
932 1289 964 1350 et
987 1286 1084 1350 istam
1107 1286 1359 1370 superlationem
1381 1285 1458 1353 huic
1480 1291 1594 1370 poetae

306 1408 345 1465 18
359 1414 426 1459 non
449 1394 650 1461 adimendam
661 1413 852 1458 censemus:
874 1414 949 1457 nam
973 1393 1002 1457 si
1025 1414 1107 1476 quae
1128 1397 1293 1478 praeterea
1316 1393 1487 1459 offensioni
1508 1394 1594 1460 forto

359 1503 501 1587 fuerunt,
522 1505 560 1566 ut
581 1500 724 1565 nominis
745 1501 859 1584 forma,
880 1500 1008 1584 positus
1031 1499 1271 1583 vocabulorum,
1295 1521 1313 1564 a
1331 1501 1481 1587 genetivo
1501 1505 1593 1588 geno

359 1609 447 1673 tirus
469 1607 626 1692 pendens,
654 1627 692 1673 ea
716 1608 826 1672 omnia
846 1606 1058 1690 improbanda
1080 1627 1146 1670 non
1169 1611 1251 1671 sunt·
1269 1610 1302 1671 et
1324 1608 1389 1672 suis
1412 1607 1592 1672 rationibus

359 1715 544 1781 confirmari
561 1718 707 1800 possunt
740 1712 804 1779 Sed
821 1735 881 1778 nos
895 1713 958 1778 hoc
970 1735 1038 1778 non
1051 1714 1286 1800 persequimur3
1305 1715 1345 1780 ad
1360 1712 1592 1780 Callimachum
1607 1737 1634 1780 ιο

359 1821 560 1906 revertimur,
582 1827 680 1905 quem
702 1821 759 1905 qui
781 1822 956 1887 novissima
978 1821 1087 1906 edidit,
1111 1820 1281 1887 Udalricus
1305 1822 1343 1886 de
1361 1821 1593 1888 Wilamowitn·

359 1929 595 2012 Moellendorff,
623 1928 721 1994 auius
743 1927 806 1993 viri
827 1928 984 1992 iudicium
1006 1929 1115 2015 magni
1137 1929 1242 1994 facere
1266 1930 1419 2014 solemus,
1448 1951 1521 1994 cum
1543 1926 1592 1995 ἔτι

359 2035 537 2122 particulae
567 2056 659 2100 cruce
686 2035 829 2119 praefixa
855 2039 1025 2119 ausuque
1051 2056 1161 2100 vocem
1186 2035 1388 2120 corruptelae
1411 2036 1592 2120 suspicione

359 2143 512 2229 amplecti
534 2142 669 2229 ridetur,
692 2163 787 2228 aegre
805 2143 940 2207 ferimus
958 2143 1046 2226 quod
1065 2143 1144 2227 quid
1160 2144 1299 2208 maxime
1318 2143 1467 2208 statuerit
1484 2143 1593 2208 haera-

359 2272 431 2314 mus
459 2250 586 2315 incerti:
614 2272 690 2314 nam
717 2249 757 2314 de
785 2249 945 2314 sententia
972 2249 1103 2334 quidam
1130 2250 1224 2316 nobis
1251 2271 1317 2314 non
1347 2251 1475 2315 videtur
1502 2250 1591 2315 dubi·

358 2357 492 2422 tandum
512 2378 590 2437 esse,
610 2361 723 2438 μεῖζον
741 2361 848 2423 autem
867 2356 1074 2422 concedimus
1092 2357 1213 2443 ambigi
1229 2379 1325 2441 posse
1344 2362 1453 2423 utrum
1472 2358 1592 2422 rectius

358 2463 517 2529 scribatur
543 2487 586 2528 an
607 2467 750 2548 μᾶλλον,
778 2485 860 2547 quae
882 2463 1072 2548 praesertim
1094 2466 1224 2549 saepius
1247 2466 1388 2530 interae
1411 2469 1593 2550 permutata

358 2593 426 2636 esse
454 2571 604 2636 dicuntur
629 2567 682 2657 (cf.
701 2570 814 2656 Eurip.
833 2572 871 2636 fr.
891 2570 980 2658 293).
1018 2571 1089 2636 Noa
1118 2573 1204 2656 quod
1231 2575 1342 2657 μεῖζον
1368 2594 1436 2638 non
1463 2595 1592 2638 movan-

357 2679 433 2744 dum
456 2699 526 2743 esse
549 2678 787 2762 existimamus,'
802 2698 840 2741 eo
863 2677 910 2761 fit,
932 2677 1010 2762 quia
1026 2676 1120 2762 μέγα,
1143 2677 1227 2763 μέγα
1245 2680 1287 2763 δή
1305 2703 1338 2744 τι
1356 2700 1375 2742 a
1394 2677 1591 2754 Callimacho

357 2785 486 2871 saepius
512 2786 592 2870 poni
618 2784 764 2851 uidemus
790 2784 827 2850 in
853 2807 923 2849 eam
950 2786 1016 2850 vim
1047 2807 1143 2870 quam
1170 2784 1268 2851 habet
1295 2787 1390 2871 μάλα.
1428 2785 1474 2852 Ut
1497 2786 1590 2851 omit
1604 2809 1633 2852 ro

356 2898 464 2959 tamus
485 2893 571 2977 μέγα
588 2901 680 2978 χαῖρε
699 2894 734 2957 in
752 2893 815 2958 hoc
832 2893 954 2977 hymno
973 2893 996 2958 2
1014 2896 1047 2958 et
1068 2894 1141 2979 119,
1164 2914 1236 2959 cum
1256 2894 1450 2959 conferimus
1469 2913 1506 2959 1v
1527 2894 1589 2960 189

357 3003 504 3084 αἰαήσεις
525 3000 609 3084 μέγα
632 3002 674 3086 δή
696 3025 729 3066 τι
752 3001 811 3066 τὸν
834 2999 934 3066 εἰσέτι
958 3001 1093 3086 γαστέρι
1111 3001 1245 3086 μάντιν,
1267 3020 1304 3065 lv
1323 3001 1366 3066 60
1385 3001 1590 3087 σπερχομένη

356 3107 441 3192 μέγα
464 3109 506 3191 δή
528 3132 560 3173 τι
583 3106 636 3172 οιαὶ
662 3107 704 3173 οὐ
727 3105 887 3193 φατόν*),
910 3126 932 3170 ν
953 3108 1017 3172 122
1041 3103 1062 3191 ἦ
1085 3106 1172 3192 μέγα
1190 3118 1258 3174 τῶν
1281 3110 1391 3173 ἄλλων
1415 3109 1458 3193 δή
1480 3132 1512 3173 τι
1534 3130 1590 3175 πε·

357 3217 554 3299 ρισσότερον
585 3212 740 3302 (ur168
768 3212 839 3299 μέγ’
869 3214 1079 3302 ὑπείροχον),
1112 3219 1145 3281 ot
1173 3214 1311 3280 maxime
1338 3214 1439 3300 epigr.
1462 3215 1589 3281 xn111‘5

357 3324 502 3406 ὥπτηται
524 3322 608 3405 μέγα
631 3323 672 3405 δή
695 3346 738 3405 τι,
761 3321 876 3386 adduci
899 3322 1046 3386 videmur
1069 3321 1107 3385 de
1126 3320 1365 3405 Erysichthone
1388 3343 1516 3407 quoque
1534 3328 1590 3407 μό·

356 3429 456 3494 tuisse
479 3428 543 3495 dici
566 3428 648 3513 μέγα
672 3430 714 3513 δή
736 3453 768 3493 τι
792 3427 934 3510 ἐτέκετο,
957 3425 1057 3512 μέσφ’
1084 3425 1138 3492 ἐπὶ
1160 3429 1296 3511 νευράς,
1319 3428 1371 3493 vel
1395 3428 1481 3513 quod
1503 3450 1589 3495 nunc

357 3537 513 3621 seriptum
536 3541 586 3601 eat
608 3537 652 3612 ὡς
675 3537 768 3621 χιών,
791 3536 835 3612 ὡς
852 3535 1013 3619 πλαγγὼν
1032 3531 1162 3599 ἐτέκετο
1182 3533 1237 3599 καὶ
1255 3532 1304 3600 έτο
1323 3539 1433 3620 μεῖζον
1451 3536 1589 3619 τούτων,

355 3643 432 3707 he.
455 3644 507 3708 tis
529 3645 623 3708 οοίαιιι
645 3642 779 3708 valdius.
1197 3647 1199 3651 ’

416 3749 617 3832 *Aliisjam
639 3748 714 3834 plus
737 3771 834 3833 quam
857 3749 936 3813 satis
960 3753 1010 3814 est
1033 3748 1072 3813 de
1090 3748 1246 3832 minutiis,
1269 3749 1363 3814 nobis
1381 3751 1526 3815 nondum
1544 3751 1588 3814 vi·

356 3857 468 3923 demur
494 3857 572 3923 attia
596 3856 715 3921 dixisse
739 3857 777 3921 de
800 3856 1009 3940 comparandi
1031 3854 1179 3921 formulis
1202 3854 1405 3942 Catullianis,
1428 3880 1446 3921 e
1469 3856 1587 3942 quibus
1602 3877 1630 3919 οο

356 3964 458 4029 evecti
490 3963 674 4049 appulimus
707 3964 747 4028 ad
777 3962 1017 4029 Callimachum.
1056 3962 1140 4028 Nam
1172 3962 1227 4027 ille
1259 3986 1331 4028 cum
1364 3964 1443 4030 dicit
1474 3965 1589 4045 cratere

355 4072 424 4135 nott
443 4072 526 4153 quod
547 4072 653 4136 carius
675 4077 719 4136 est
740 4071 836 4135 cerdis
857 4091 911 4135 sea
933 4071 1012 4152 qaid
1033 4072 1139 4135 οσοέαε
1161 4074 1205 4135 est
1226 4071 1330 4150 oculis,
1353 4071 1405 4135 vel
1427 4072 1482 4152 qut
1499 4071 1589 4135 modo

355 4198 466 4243 σοιιντο
488 4184 544 4243 aut
564 4180 594 4243 ai
616 4179 695 4261 quid
715 4178 774 4242 tac
795 4199 830 4242 ιο
851 4179 958 4242 tritius
979 4179 1149 4257 uidebatur,
1168 4178 1240 4242 'hoc
1263 4177 1341 4243 dicit
1365 4178 1444 4242 ‘noli
1467 4178 1588 4261 eripere

357 4284 444 4368 quod
471 4285 575 4350 carius
603 4289 652 4349 eat
679 4283 796 4367 oculis,
822 4288 896 4368 aut,
920 4284 948 4347 si
976 4283 1054 4368 quid
1079 4284 1183 4351 carius
1206 4288 1255 4349 ast
1279 4284 1394 4368 oeulis,
1422 4306 1460 4349 eo
1484 4285 1588 4349 carius

356 4391 426 4474 est',
454 4396 487 4457 et
514 4393 548 4455 in
575 4392 677 4456 altero
706 4392 867 4476 exemplo,
899 4392 971 4475 ‘qui
1000 4413 1109 4456 scurra
1136 4391 1318 4475 videbatur,
1351 4396 1421 4470 aut,
1453 4394 1480 4457 si
1511 4392 1589 4477 quid

445 4587 510 4654 ²²23)
529 4583 593 4638 Nisi
615 4585 740 4638 humana
762 4584 903 4655 fragilitas
927 4584 1198 4655 multa'nsgligeret
1216 4602 1272 4638 non
1291 4584 1475 4656 negligenda,
1498 4604 1588 4655 nuper

356 4691 420 4728 cum
438 4690 635 4742 quaereremus
654 4674 776 4743 ἄρρητον
794 4674 911 4742 θάρσος,
930 4674 1050 4743 ἄρρητος
1064 4674 1161 4729 εὔνοια
1176 4674 1245 4742 quid
1260 4674 1432 4744 significaret
1445 4693 1472 4745 p.
1488 4680 1540 4730 208
1551 4694 1586 4744 n.‚

356 4765 386 4818 et
403 4764 474 4817 haec
491 4766 647 4817 memorata
666 4767 759 4817 essent
778 4766 837 4817 etv
852 4768 885 4815 Π
905 4762 1030 4829 trudone
1048 4762 1160 4832 ἄφατόν
1179 4785 1205 4818 τι
1224 4767 1253 4819 et
1267 4764 1304 4818 ad
1318 4764 1369 4818 illa
1383 4764 1458 4833 quod
1474 4764 1587 4819 Schnei-

356 4851 441 4907 dorns
458 4853 606 4907 adnotavit
624 4868 658 4906 ex
677 4852 799 4922 Oppiani
818 4852 917 4920 quinto
936 4858 989 4906 468
1009 4851 1147 4923 irruptio
1165 4874 1191 4907 τι
1210 4854 1259 4907 καὶ
1277 4854 1311 4909 οὐ
1330 4852 1430 4922 φατόν.
