3967 5725
718 599 767 648 un
785 596 983 649 Tuscorum
1000 596 1150 646 miramo
1169 596 1255 647 xun.
1562 593 1612 657 15,

372 759 474 847 turss),
498 764 554 823 aut
576 759 615 824 ab
641 748 830 844 appellando
855 756 938 823 Orco
963 756 1172 822 abstinuisset
1195 756 1326 821 omnino
1350 761 1447 841 poeta
1469 756 1615 840 aliisque·

373 867 535 934 coloribus
553 888 631 931 usus
651 870 735 931 essct
753 865 870 950 quibus
888 866 982 929 istam
998 865 1191 929 sententiam
1206 868 1334 929 ornaret
1348 885 1412 947 qua
1426 863 1504 929 dicit
1518 863 1605 928 Atri-

373 976 485 1039 darum
509 996 586 1057 opes
610 972 765 1039 Troianas
788 973 929 1056 direptas
953 992 1023 1035 esse
1045 971 1150 1057 gloria
1168 974 1323 1035 manente.
1360 969 1454 1047 Quod
1472 971 1500 1035 si
1518 975 1604 1035 recte

373 1081 508 1147 dicimus
531 1102 634 1164 neque
657 1064 716 1145 nos
740 1102 852 1145 sensus
874 1078 972 1163 fallit,
1000 1077 1159 1142 dubitatio
1184 1080 1287 1142 oritur
1309 1078 1349 1143 dc
1371 1080 1505 1143 veritate
1529 1078 1604 1143 scri-

365 1193 495 1273 pturae,
519 1209 599 1272 quae
622 1208 689 1252 non
711 1187 759 1251 ita
781 1190 913 1270 accepta
935 1190 984 1249 est
1006 1184 1165 1250 librorum
1189 1184 1250 1249 fide
1274 1185 1329 1250 sed
1348 1187 1533 1264 coniectura
1550 1186 1606 1252 do·

330 1302 332 1310 ⁴
372 1280 498 1361 otorum
526 1295 663 1359 inventa.
709 1293 882 1358 Librorum
911 1293 996 1356 enim
1025 1313 1199 1358 consensus
1226 1292 1310 1357 hanc
1334 1314 1443 1357 versus
1466 1292 1604 1357 formam

371 1405 510 1467 testatur

1047 1508 1088 1572 τὰ
1111 1503 1148 1571 δέ
1171 1510 1274 1591 μυρία
1297 1517 1411 1591 τῆνα,

507 1616 591 1681 ὅσσα
614 1615 718 1699 μέγαν
743 1615 911 1699 Πριάμοιο
934 1615 1040 1697 δόμον
1062 1614 1258 1688 κτεάτισσαν
1281 1611 1422 1698 ἑλόντες,

507 1722 594 1807 ἀέρι
617 1744 664 1787 πα
685 1721 866 1806 κέκρυπται
889 1720 972 1786 ὅθεν
995 1721 1097 1786 πάλιν
1120 1720 1230 1786 οὐκέτι
1253 1724 1382 1804 νόστος,
1620 1755 1657 1794 10.

377 1831 437 1894 nisi
459 1829 545 1913 quod
569 1832 625 1894 aut
648 1838 695 1903 πᾶ
713 1833 768 1893 aut
786 1851 832 1893 πα
851 1828 1008 1911 scriptum
1027 1828 1188 1899 exhibent.
1227 1826 1290 1893 Sed
1307 1828 1387 1895 baec
1405 1835 1489 1894 certe
1508 1852 1606 1913 prava

375 1957 441 2001 esse
465 1958 537 2001 cum
561 1936 782 2020 superioribus
805 1935 926 2000 criticis
943 1936 1191 2023 consentientes
1219 1935 1289 2019 alii,
1320 1936 1396 2020 quia
1423 1958 1504 2020 quae
1531 1942 1605 2002 ante

372 2044 620 2108 memoravimus
644 2043 909 2128 aspernabantur,
931 2064 1016 2107 nova
1038 2040 1266 2125 procuderant,
1288 2043 1468 2108 litterarum
1489 2044 1606 2109 ductus

373 2149 475 2237 magis
505 2170 601 2233 quam
629 2150 805 2215 sententiae
833 2148 1059 2215 necessitatem
1087 2150 1195 2213 secuti.
1253 2147 1367 2225 Qualia
1394 2148 1473 2217 haec
1500 2151 1542 2217 Η.
1569 2151 1604 2215 L.

371 2256 525 2321 Abrensii
548 2259 623 2321 sunt
647 2257 686 2321 ab
710 2257 781 2340 ipso
804 2278 862 2340 per
885 2255 1010 2339 aliquot
1032 2254 1189 2321 editiones
1212 2261 1391 2343 propagata

643 2439 645 2443 7
1046 2364 1086 2427 τὰ
1109 2363 1147 2427 δὲ
1169 2366 1272 2447 μυρόα
1297 2374 1390 2448 τῆνα,

507 2471 589 2537 ὅσσα
611 2469 717 2555 μέγαν
740 2471 908 2555 Πριάμοιο
932 2472 1038 2552 δόμον
1061 2471 1257 2536 κτεάτισσαν
1280 2468 1410 2548 ἑλόντες

507 2579 612 2662 ἄορι,
637 2585 679 2664 γᾷ
702 2576 893 2661 κέκρυπται,
917 2578 1000 2643 ὅθεν
1022 2578 1125 2643 πόλιν
1148 2577 1259 2643 οὐκέτι
1282 2580 1401 2654 νόστος

374 2688 431 2749 aut
457 2684 513 2749 illa
539 2683 688 2751 Mauricii
717 2682 887 2749 Schmidtii
915 2684 948 2749 in
980 2706 1090 2749 museo
1118 2683 1275 2749 Rhenano
1302 2685 1605 2771 vol.xxv1p.179

372 2792 538 2876 proposita
1619 2824 1657 2864 ao*

507 2900 590 2965 ὅσσα
612 2899 717 2982 μέγαν
742 2900 909 2983 Πριάμοιο
933 2900 1040 2983 δόμον
1062 2891 1259 2965 κτεάτισσαν
1281 2898 1410 2978 ἑλόντες

508 2999 529 3092 ᾇ
552 3005 688 3092 ἀρετᾷ,
711 3005 889 3088 κέκρυπται
913 3005 997 3071 ὅθεν
1020 3027 1053 3070 π.
1077 3031 1104 3071 ο.
1127 3031 1156 3070 ν.

373 3113 519 3200 Quorum
537 3112 618 3177 illud
636 3112 818 3177 Meinekius
835 3114 975 3197 propriis
995 3113 1193 3199 argumentis
1211 3115 1373 3199 refutavit,
1396 3115 1482 3182 cadit
1499 3120 1607 3181 autem

372 3222 407 3285 in
435 3225 623 3305 utrumque,
653 3220 740 3303 quod
769 3220 960 3285 sententiam
989 3220 1156 3285 cumulant
1178 3244 1215 3286 eo
1239 3243 1303 3305 quo
1326 3222 1409 3287 nibil
1432 3246 1514 3307 opus
1538 3230 1607 3288 erat

372 3333 405 3392 et
432 3327 546 3392 scitam
576 3327 730 3392 orationis
759 3326 1008 3415 descriptionem
1034 3328 1250 3411 pessumdant.
1298 3328 1360 3394 Sed
1387 3329 1422 3393 bi
1445 3335 1552 3396 tamen
1575 3335 1611 3412 et

372 3435 446 3519 ipsi,
468 3435 532 3500 nisi
556 3433 707 3517 fallimur,
730 3435 811 3498 moti
834 3435 973 3498 maxime
996 3434 1103 3499 verbis
1127 3435 1211 3500 ὅθεν
1229 3437 1331 3500 πάλιν
1350 3437 1461 3502 οὐκέτι
1479 3441 1614 3520 νόστος,

374 3541 501 3606 inferna
525 3540 701 3626 significari
724 3541 848 3621 volunt,
872 3541 1004 3626 quibus,
1032 3541 1156 3606 excidio
1180 3541 1294 3608 Troiae
1322 3565 1403 3626 quae
1426 3549 1518 3627 parta
1540 3545 1607 3609 fue-

374 3649 441 3713 rint
465 3647 604 3731 Atridis,
632 3647 820 3721 abscondita
846 3648 949 3712 iacere
977 3648 1134 3713 dicantur.
1180 3649 1388 3733 Eandemque
1415 3651 1604 3715 sententiam

374 3754 413 3820 A.
443 3753 640 3820 Fritzschius
674 3759 802 3820 secutus
836 3759 899 3838 est,
931 3777 1005 3819 cum
1038 3754 1109 3839 ἀέρι
1141 3757 1370 3840 intemptatum
1402 3757 1606 3840 relinqueret,

376 3861 572 3948 ‘caliginem'
595 3861 832 3946 interpretatus,
856 3860 931 3926 Orci
958 3866 1064 3926 autem
1089 3863 1318 3949 significationi
1341 3886 1381 3928 ne
1405 3863 1606 3930 indefinitum
1621 3893 1659 3932 ao

372 3969 418 4033 πολ
442 3969 554 4033 obesse
577 3969 748 4067 videretur²
771 3977 811 4055 τᾷ
835 3970 1068 4033 restituendum
1093 3972 1273 4035 coniiceret.

462 4233 508 4304 *1)
528 4232 692 4287 Sententiae
720 4232 839 4286 formam
868 4233 987 4286 dicimus
1017 4233 1137 4287 similem
1165 4233 1222 4287 illis
1250 4250 1322 4304 quae
1345 4235 1484 4290 Diodorus
1508 4235 1608 4290 scribit

368 4329 531 4390 12,3...
556 4323 604 4376 καλ
624 4331 683 4384 τοῖς
702 4322 753 4391 μὲν
772 4325 803 4377 έν
822 4327 859 4394 τῷ
879 4325 928 4394 ζῆν
946 4322 1035 4392 μηδὲν
1052 4320 1200 4392 ἀξιόλογον
1217 4323 1370 4392 πράξασιν,
1394 4324 1453 4394 ἅμα
1472 4333 1534 4388 ταῖς
1550 4333 1606 4378 τῶν

372 4411 508 4482 στομάτων
526 4415 666 4473 τελευταῖς
685 4411 913 4480 συναποθνήσκει
933 4413 981 4465 καὶ
1000 4411 1035 4465 τὰ
1055 4412 1124 4471 ἄλλα
1142 4411 1289 4467 πάντατὰ
1308 4413 1381 4469 κατὰ
1394 4414 1443 4469 τὸν
1458 4412 1530 4487 βίον,
1547 4423 1607 4476 τοῖς

372 4501 403 4558 δὲ
427 4498 466 4555 δι’
495 4499 598 4570 ἀρετὴν
622 4499 887 4568 περιποιησαμένοις
905 4499 993 4565 δόξαν
1012 4500 1042 4554 αἱ
1060 4502 1175 4568 πράξεις
1193 4501 1306 4578 ἅπαντα
1324 4503 1373 4558 τὸν
1392 4503 1482 4557 αἰῶνα
1501 4523 1608 4572 μνημο-

370 4590 510 4657 νεόονται,
531 4593 581 4644 aut
598 4606 671 4657 quae
690 4589 839 4658 Euripides
860 4589 902 4660 (fr.
919 4595 970 4643 734
984 4590 1092 4644 Nauck.
1108 4592 1151 4646 ed.
1167 4596 1206 4660 n.)

533 4663 616 4748 ἀρετὴ
636 4677 668 4734 δὲ
687 4677 741 4733 κᾶν
759 4677 837 4750 θάνῃ
855 4699 898 4740 τις
916 4681 967 4732 οὐκ
986 4677 1153 4744 ἀπόλλυται,

533 4773 564 4839 ζῇ
585 4764 613 4822 d'
635 4766 727 4822 οὐκέτ’
749 4767 829 4830 ὄντος
848 4769 983 4837 σώματος·
1004 4777 1115 4822 κακοῖσι
1133 4768 1165 4822 δὲ

534 4856 647 4912 ἅπαντα
666 4858 779 4926 φροῦδα
799 4853 980 4912 σννθανόνθ’
1002 4857 1057 4912 ὑπὸ
1076 4856 1190 4926 χθονός.
