3967 5725
393 615 461 680 474
607 618 708 669 .1.vl1.
727 617 846 668 INDEX
863 617 1081 668 LECTIONUM
1098 617 1332 668 AESTIVARUM
1351 619 1429 669 1903.

392 779 523 846 ‘eximia
545 779 669 843 afferre'
694 778 810 844 scribit
831 782 865 843 et
888 777 997 864 ‘longe
1020 777 1084 843 alia
1106 778 1141 843 in
1168 799 1227 842 suo
1251 777 1426 863 exemplari
1448 777 1628 842 rhetoricae

392 885 554 951 iuvenisse
572 908 671 971 quam
689 907 772 970 quse
789 906 850 951 nos
868 884 1065 973 legeremus’
1082 885 1233 971 affirmat,
1249 885 1306 949 sed
1323 889 1438 950 neutro
1457 886 1530 950 loco
1550 885 1628 950 satis

393 994 525 1058 definite
546 994 714 1078 professus
737 995 796 1076 est,
819 997 978 1078 quatenus
1002 992 1079 1058 hnic
1096 992 1222 1058 auctori
1240 991 1451 1057 obsecundari
1468 989 1579 1057 iubeat
1596 996 1630 1056 et

392 1124 458 1187 qua
479 1101 585 1166 forma
608 1104 664 1166 ant
687 1123 753 1185 quo
776 1104 888 1166 tenore
911 1100 990 1164 haec
1009 1099 1049 1165 ab
1067 1097 1243 1164 Aristotele
1262 1099 1383 1184 scripte
1401 1121 1470 1164 csse
1488 1103 1628 1183 censeat3

391 1209 457 1273 nisi
481 1209 567 1294 quod
589 1213 666 1295 post
687 1207 905 1293 Σοφοκλέους
928 1209 1060 1292 ἰαμβεῖα
1085 1205 1211 1272 librarii
1233 1206 1314 1272 vitio
1338 1228 1448 1271 versus
1472 1207 1628 1291 quosdam

392 1317 532 1400 exempli
554 1337 650 1381 cansa
672 1317 788 1382 allatos
811 1315 972 1381 interiisse
995 1315 1185 1400 suspicatur.

480 1422 531 1489 De
555 1422 728 1488 scholiasta
750 1426 788 1487 ut
811 1426 897 1488 recte
919 1421 1081 1488 indicetur
1104 1421 1367 1507 distinguendum
1393 1426 1523 1487 estnec
1546 1443 1628 1506 quac

393 1530 517 1595 diversa
540 1531 674 1595 suntin
697 1529 831 1595 eandem
854 1529 1003 1614 copulam
1027 1529 1235 1594 coniicienda.
1277 1528 1366 1606 Quae
1384 1529 1469 1596 enim
1489 1530 1629 1594 citantur

392 1636 437 1723 (p.
458 1637 533 1720 197,
546 1635 582 1723 4)
607 1638 777 1703 Καλυδὼν
798 1637 861 1722 μὲν
878 1637 938 1720 ἥδε
957 1647 1049 1720 μαῖαι
1072 1645 1133 1701 τοῦ
1152 1636 1342 1722 Εὐριπίδου
1361 1635 1442 1701 ἐστί·
1466 1645 1572 1701 κεῖται
1591 1631 1629 1700 dt

351 1768 378 1809 ro
392 1743 431 1809 ἐν
453 1753 499 1832 τῷ
518 1744 717 1832 Μελεάγρῳ·
1599 1761 1602 1766 “

553 1851 591 1916 ἐν
612 1851 857 1936 ἀντιπόρθμοις
879 1849 976 1916 πάντ’
1003 1846 1140 1934 ἔχουσιν
1162 1850 1392 1935 εὐδαιμονίαν·

554 1960 677 2035 Οἰνεὺς
699 1957 730 2024 δ’
758 1958 895 2024 ἀνάσσει
918 1958 1019 2041 τῆσδε
1042 1967 1103 2042 γῆς
1125 1958 1302 2040 Αἰτωλίας,

487 2103 490 2106 ’
554 2067 759 2151 Πορθάονος
781 2077 869 2149 παῖς,
892 2066 930 2142 ὅς
951 2063 1025 2130 ποτ’
1049 2063 1205 2131 Ἀλθαίαν
1228 2074 1334 2150 γαμεῖ,

554 2175 669 2258 Λήδης
690 2173 845 2259 ὅμαιμον,
870 2175 1012 2238 Θεστίου
1036 2167 1074 2236 δί
1096 2171 1269 2257 παρθένον

392 2303 459 2346 non
489 2282 594 2346 solnm
624 2280 664 2344 ab
695 2303 733 2345 ea
762 2281 923 2345 sententia
952 2279 1084 2366 longius
1116 2283 1239 2346 semota
1269 2284 1346 2345 sunt
1375 2303 1456 2365 quae
1487 2282 1628 2366 primum

395 2409 505 2452 eorum
528 2409 658 2452 versum
684 2385 825 2453 habebat
848 2383 938 2472 (195,
952 2383 1020 2471 32),
1048 2386 1105 2451 sed
1128 2386 1175 2450 ibi
1202 2386 1389 2452 inserimtur
1415 2388 1473 2452 nbi
1497 2387 1629 2452 minime

391 2493 500 2559 locum
520 2493 638 2559 habere
655 2497 814 2578 poterant,
832 2493 1020 2559 inte11409
1038 2493 1060 2558 b
1077 2494 1118 2558 16
1137 2498 1247 2559 κῶλον
1262 2494 1301 2560 δέ
1312 2493 1382 2560 ἐστι
1401 2496 1439 2560 τὸ
1457 2495 1495 2559 ’ἐν
1508 2497 1629 2580 μόριον

392 2606 452 2666 κτλ
475 2605 508 2665 et
531 2600 615 2664 515
638 2599 659 2684 ἢ
682 2602 720 2666 τὸ
743 2601 788 2685 μὴ
812 2599 850 2665 ἐν
878 2600 1037 2684 διαιρέσει
1065 2612 1190 2666 νοεῖται
1218 2607 1291 2684 κτλ,
1318 2623 1400 2686 quae
1423 2605 1460 2666 ut
1487 2600 1573 2666 inter
1595 2623 1629 2666 se

392 2729 536 2773 connexa
565 2711 656 2791 sunt,
688 2707 734 2772 ite
766 2707 832 2772 illis
863 2708 978 2772 mediis
1011 2707 1179 2772 inculcatis
1210 2708 1367 2773 violenter
1397 2709 1628 2777 distrahuntur.

351 2841 378 2882 ιο
392 2814 563 2881 Praeterea
584 2815 801 2900 reputandum
824 2819 873 2881 est
894 2815 955 2880 hos
980 2815 1124 2899 quinque
1142 2837 1252 2881 versus
1275 2836 1341 2880 una
1363 2837 1436 2881 cum
1458 2820 1573 2901 poetae
1597 2821 1630 2882 ct

391 2922 576 3008 tragoediae
604 2923 737 2987 nomine
765 2944 832 2987 non
862 2923 969 2987 afferri
999 2923 1063 2987 nisi
1087 2925 1129 2987 in
1159 2922 1211 2988 his
1241 2922 1374 2988 scholiis
1405 2921 1543 3010 (primus
1573 2930 1630 2990 aut

391 3029 516 3113 primns
539 3032 572 3094 et
595 3030 754 3095 secundus
777 3032 874 3095 etiam
897 3029 977 3095 alibi
998 3030 1140 3095 citantur
1157 3034 1197 3095 ut
1213 3028 1406 3116 Euripidei).
1442 3029 1537 3097 Unde
1559 3054 1630 3116 per·

392 3138 541 3222 spicuum
560 3137 600 3201 fit
617 3136 698 3202 haec
715 3158 782 3202 non
800 3159 840 3201 ex
858 3136 1016 3221 ampliore
1033 3136 1212 3202 rhetoricae
1230 3138 1406 3222 exemplari
1426 3138 1483 3203 sed
1496 3139 1629 3205 ¹aliunde

392 3245 423 3308 h.
443 3266 469 3309 e.
493 3266 533 3309 ex
555 3244 722 3329 Euripidis
744 3244 920 3329 tragoediis
944 3244 1046 3328 petite
1069 3266 1151 3328 csse,
1179 3267 1283 3329 neque
1306 3245 1443 3310 adeum
1466 3249 1629 3311 auctorem

392 3352 496 3416 redire
519 3352 611 3416 cuius
634 3355 683 3416 est
705 3355 863 3437 perpetua
885 3351 981 3416 huius
1004 3350 1080 3416 libri
1099 3352 1332 3438 interpretatio.
1374 3350 1474 3418 Cuius
1494 3355 1628 3439 generis,

392 3459 481 3543 quod
497 3480 603 3543 nuper
619 3459 654 3522 in
673 3458 892 3543 disputatione
907 3458 1089 3533 academica
1103 3458 1207 3545 (relat.
1223 3460 1308 3525 acad.
1321 3458 1407 3523 1902
1421 3483 1452 3544 p.
1465 3458 1627 3545 175185)

391 3565 568 3651 tetigimus,
586 3588 672 3629 nuuc
692 3587 758 3648 quo
777 3568 881 3653 magis
899 3566 1017 3631 horum
1037 3566 1234 3632 scholiorum
1248 3567 1331 3631 ratio
1347 3571 1508 3651 appareat,
1526 3588 1628 3651 panca

394 3673 535 3738 breviter
557 3673 704 3756 exempla
727 3672 985 3758 disceptabimus.

480 3778 594 3865 Itaque
612 3804 643 3865 p.
663 3779 738 3864 249,
752 3779 795 3844 28
815 3802 897 3865 quae
916 3781 1094 3846 afferuntur
1113 3781 1266 3866 ὁΑἴμων
1284 3780 1302 3847 ὁ
1318 3779 1536 3865 Σοφοκλέους
1554 3773 1629 3847 οἷον

350 3886 503 3973 οο’ποίτερ
527 3908 602 3952 oum
629 3890 783 3972 quattuor
810 3887 956 3953 versibus
979 3888 1166 3975 Antigonae
1189 3886 1395 3975 (635-638)
1423 3889 1530 3973 posita
1553 3893 1629 3953 suut

392 3995 498 4060 media
523 3996 610 4060 inter
636 3994 861 4060 adnotationes
888 3997 930 4060 ad
957 4019 989 4080 p.
1012 3996 1095 4060 1417
1115 3994 1137 4059 b
1161 3995 1204 4060 29
1233 4000 1265 4061 ct
1292 3995 1390 4079 beo,
1417 4000 1628 4080 posteaquam

391 4102 569 4169 Haemonis
597 4102 718 4169 mentio
747 4125 844 4187 supra
874 4103 914 4169 ad
943 4127 974 4188 p.
997 4104 1081 4169 1417
1106 4104 1127 4168 b
1154 4103 1194 4168 18
1223 4101 1267 4191 (p.
1292 4103 1371 4187 248,
1390 4102 1449 4190 27)
1477 4106 1628 4187 poscente

391 4208 578 4275 Aristotelis
601 4211 761 4276 sententis
784 4211 838 4277 sed
862 4211 961 4277 nullis
985 4211 1118 4278 adiectis
1141 4212 1289 4277 versibus
1312 4211 1397 4277 faeta
1420 4214 1477 4275 est.

481 4318 583 4383 11116
606 4341 638 4402 p.
659 4318 743 4383 1417
764 4341 783 4384 a
805 4319 845 4384 12
869 4319 948 4384 haee
970 4318 1125 4405 leguntur
1147 4321 1195 4384 ἔτι
1217 4317 1431 4403 πεπραγμένα
1450 4319 1504 4384 δεῖ
1519 4316 1629 4401 λέγειν

392 4425 455 4490 ὅσα
483 4426 527 4509 μὴ
557 4429 764 4511 πραττόμενα
793 4425 814 4510 ἢ
844 4421 960 4492 οἶκτον
989 4426 1010 4510 ἦ
1039 4426 1196 4491 δείνωσιν
1225 4424 1329 4510 φέρει.
1371 4425 1580 4510 παράδειγμα
1611 4424 1628 4490 ὁ

392 4530 545 4599 Ἀλκίνου
567 4532 734 4617 ἀπόλονος
747 4582 754 4598 .
769 4582 777 4598 .
792 4582 814 4616 .,
837 4530 892 4597 καί
917 4531 961 4609 ὡς
985 4533 1142 4609 Φάυλλος
1164 4533 1224 4598 τὸν
1245 4532 1380 4615 κύκλον,
1407 4532 1463 4597 καί
1485 4531 1504 4598 ὁ
1528 4531 1565 4597 ἐν
1587 4541 1633 4619 τῷ

393 4641 490 4706 Οἰνεῖ
511 4643 684 4726 πρόλογος.
725 4638 778 4704 Ad
800 4639 880 4705 haec
901 4644 1067 4724 postrema
1089 4642 1124 4705 iu
1147 4638 1246 4705 schol.
1269 4662 1300 4723 p.
1321 4638 1456 4723 245,10
1478 4638 1557 4704 haec
1580 4643 1629 4704 est

393 4745 559 4812 adnotatio
587 4747 632 4826 ὡς
659 4748 677 4813 ὁ
707 4747 744 4813 ἐν
770 4756 815 4835 τῷ
842 4748 938 4813 Οἰνεῖ
964 4749 1143 4833 πρόλογοςε
1170 4755 1231 4812 τοῦ
1259 4746 1449 4833 Εὐριπίδου
1477 4749 1652 4823 τοιοῦτός

393 4850 486 4919 ἐστιν
503 4854 577 4937 ἤτοι
596 4852 871 4939 συντετμιιμίνος.
903 4854 956 4919 Ab
975 4854 1027 4920 his
1041 4858 1150 4921 autem
1162 4854 1309 4941 longiore
1323 4852 1493 4919 intervallo
1508 4857 1629 4920 secreta
